4900 6167
256 390 364 454 109
1240 417 1253 426 -
1978 390 2136 454 1551
2186 385 2492 455 APRIL.
3363 411 3368 418 ·
4103 400 4135 461 1
4152 399 4230 463 ιο

252 577 355 659 (33
438 646 451 660 θ
475 581 531 631 to
634 576 744 657 pho
778 576 1007 633 Archiv.
1042 576 1217 631 Turio.
1290 576 1457 631 Edita
1490 581 1577 632 cst
1605 593 1656 657 ‚s
1688 575 1807 630 Soc.
1845 574 2181 629 Parkeriau'a

249 645 402 701 latmo
434 593 656 716 unffi.
683 645 868 715 Tigur.
902 645 973 700 N.
1007 643 1294 769 Ἑῖήμιξὲ
1317 643 1442 782 ῗ24,
1477 644 1683 714 anglice
1717 645 1787 698 ab
1821 644 2008 698 eadem
2026 644 2176 699 Tom.

248 902 805 971 Praestantissimo
861 902 1007 967 viro
1053 901 1126 967 D.
1180 901 1474 967 Henrieo
1531 901 1916 985 Bullingero
1975 903 2177 985 'Pigu-

250 992 419 1054 rinae
485 988 795 1054 ecclesiae
865 989 1112 1073 pastori
1177 995 1243 1054 et
1307 988 1606 1070 episeopo
1676 986 2177 1071 vigilantissimo

496 1074 760 1140 domino
803 1081 872 1139 et
913 1074 1099 1139 fratri
1143 1093 1263 1140 suo
1302 1073 1499 1157 longe
1541 1074 1895 1139 carissimo.

407 1227 477 1294 S.
524 1225 609 1292 D.
694 1228 899 1292 Binas
956 1235 1138 1306 tuas,
1211 1228 1311 1293 vir
1370 1226 1508 1292 inte
1594 1226 1791 1291 rrime
1861 1225 2176 1309 iuxtaque

250 1314 617 1393 doctissime,
662 1315 881 1396 accepi
924 1313 1152 1378 eodem
1186 1332 1499 1397 propemo
1547 1333 1659 1375 um
1696 1320 2018 1393 tempore:
2065 1320 2172 1376 ut-

249 1421 360 1483 que
400 1420 508 1464 me
554 1397 746 1464 valde
790 1406 1185 1476 recrearunt,
1232 1400 1324 1463 ita
1364 1419 1472 1463 me
1515 1398 1633 1462 tibi
1678 1397 1887 1481 magis
1933 1398 2172 1481 magis-

249 1507 357 1569 que
422 1485 775 1550 obnoxium
841 1483 1282 1549 reddiderunt.
1370 1484 1521 1548 Non
1581 1482 1793 1548 solum
1857 1482 2034 1547 enim
2093 1483 2172 1547 li·

249 1571 427 1636 hrum
465 1569 927 1636 excudendum
969 1568 1378 1653 typographo
1423 1567 1921 1646 commendasti,
1951 1571 2000 1646 ¹)
2059 1569 2172 1635 sed

248 1667 312 1720 ut
348 1655 524 1738 operi
566 1665 901 1738 praeesset
940 1676 1089 1719 eum
1132 1655 1347 1721 virum
1384 1654 1683 1739 delegisti
1727 1655 1796 1719 in
1832 1675 1959 1738 quo
1994 1675 2173 1720 sum-

248 1761 405 1806 mam
468 1740 698 1820 fidem,
774 1741 1101 1825 insignem
1167 1741 1627 1818 eruditionem,
1703 1751 1769 1805 et
1832 1742 2171 1805 caritatem

248 1847 397 1911 erga¹
441 1847 545 1891 me
603 1846 737 1891 non
777 1825 1113 1910 vulgarem
1160 1848 1455 1911 agnosco.
1546 1827 1728 1891 Deus
1784 1826 1924 1908 ipse
1992 1826 2172 1892 vobis

248 1913 399 1994 quod
457 1932 579 1997 ego
634 1912 848 1976 facere
915 1933 1051 1976 non
1119 1933 1378 1995 possum
1441 1911 1769 1978 cumulate
1834 1910 2169 1994 rependat.

250 1999 498 2063 Gratias
540 1999 701 2063 item
745 2017 868 2080 ago
910 1997 1101 2080 quod,
1147 2019 1345 2081 quum
1391 1999 1524 2064 sint
1572 1997 1977 2063 characteres
2019 2016 2172 2061 eon·

248 2087 358 2149 fusi
399 2083 826 2166 difficilesque
868 2082 1064 2162 lectu,
1109 2093 1174 2149 et
1216 2084 1384 2149 forte
1428 2081 1662 2149 alicubi
1699 2083 2014 2165 scriptum
2061 2082 2172 2148 de·

248 2169 674 2252 prehendatur
725 2168 1149 2246 mendosum,
1213 2168 1490 2252 plusque
1543 2167 1780 2233 laboris
1843 2169 1913 2232 in
1978 2189 2171 2251 opere

250 2256 321 2320 sit
358 2277 551 2338 quam
595 2255 899 2337 putarim,
946 2276 1060 2320 vos
1098 2261 1317 2320 tamen
1353 2258 1446 2321 sic
1492 2253 1722 2318 duram
1760 2253 2169 2336 provinciam

250 2341 445 2407 subire
521 2360 657 2405 non
737 2338 1272 2406 detrectaveritis.
1385 2340 1678 2405 Rursum
1759 2340 1979 2422 itaque
2056 2359 2169 2404 oro

248 2425 443 2492 Deum
485 2437 562 2491 ut
616 2427 759 2508 ipse
817 2425 1184 2491 mercedem
1238 2427 1437 2490 tantis
1495 2424 1824 2491 laboribus
1875 2433 2169 2507 reponat,

249 2511 486 2594 quando
544 2513 795 2597 gratias
851 2511 1082 2596 dignas
1146 2532 1266 2596 ego
1323 2532 1405 2576 ne
1463 2511 1724 2595 quidem
1781 2530 1976 2595 agere
2020 2531 2169 2594 pos-

251 2618 394 2663 sum.

395 2683 645 2749 Misisti
687 2691 1026 2765 praeterea
1067 2703 1328 2758 munus,
1374 2683 1665 2766 quintam
1715 2683 1981 2765 inquam
2025 2690 2171 2747 tua-

248 2787 376 2833 rum
417 2770 677 2852 piarum
719 2768 1089 2833 orationum
1123 2766 1428 2834 decadem
1472 2777 1666 2850 atque
1703 2767 2171 2833 consensionis

250 2853 319 2918 de
353 2875 424 2920 re
464 2854 977 2920 sacramentaria
1019 2855 1194 2919 inter
1247 2875 1362 2919 vos
1406 2863 1469 2919 et
1518 2852 1868 2920 Calvinum.
1959 2853 2169 2919 Deca-

251 2939 380 3004 dem
418 2940 635 3005 adhuc
678 2960 811 3005 non
857 2941 1107 3022 accepi:
1152 2961 1352 3023 quare
1387 2962 1586 3024 quum
1622 2940 1837 3024 legere
1874 2959 2007 3003 non
2050 2958 2169 3021 po·

252 3026 461 3090 tuerim
507 3025 588 3090 de
647 3045 726 3090 ea
768 3026 863 3090 nil
930 3027 1089 3091 certi
1136 3025 1341 3090 habeo
1385 3025 1556 3108 quod
1600 3024 1987 3102 rescribam,
2054 3023 2170 3089 sed

250 3111 331 3174 nil
381 3110 459 3176 de
514 3111 631 3177 illa
684 3132 949 3194 possum
1013 3110 1180 3175 mihi
1231 3109 1409 3176 aliud
1468 3111 1754 3193 polliceri
1799 3111 1925 3175 nisi
1986 3111 2169 3193 pium

254 3195 487 3262 doctum
542 3196 873 3263 eruditum
941 3205 1007 3261 et
1063 3194 1147 3260 ad
1205 3196 1713 3261 aedificationem
1777 3215 2171 3279 magnopere

252 3282 409 3349 utile.
496 3281 683 3364 Quae
727 3291 947 3347 autem
994 3284 1164 3346 inter
1202 3303 1317 3346 vos
1362 3282 1441 3345 de
1485 3290 1886 3346 sacramento
1929 3283 2171 3347 eucha-

254 3368 454 3432 ristiae
528 3369 840 3433 sanxistis
914 3366 1082 3431 mihi
1145 3365 1407 3449 quidem
1475 3366 1877 3449 perplacent,
1950 3367 2172 3449 nilque

253 3452 412 3517 aliud
472 3454 683 3537 magis
736 3453 888 3536 o‘pto
955 3474 1152 3534 quam
1205 3462 1281 3517 ut
1347 3453 1414 3517 in
1473 3453 1757 3518 ecclesiis
1800 3450 2049 3518 Christi
2095 3472 2174 3517 ea

252 3535 318 3602 de
354 3560 426 3604 re
465 3541 809 3624 perspicua
845 3549 912 3603 et
953 3539 1303 3620 explanata
1344 3539 1641 3604 doctrina
1681 3545 1924 3603 exstet:
1970 3538 2171 3619 quod·

251 3643 359 3704 que
399 3624 482 3689 ad
522 3646 627 3690 me
673 3625 935 3701 attinet,
992 3625 1061 3688 in
1114 3626 1309 3688 istam
1355 3622 1628 3689 eandem
1671 3624 2059 3689 sententiam
2105 3638 2185 3687 et-

250 3710 528 3775 manibus
564 3719 633 3776 et
664 3709 943 3793 pedibus
980 3731 1074 3787 ee,
1121 3709 1342 3793 nilque
1386 3710 1491 3775 hic
1533 3709 1738 3774 ferme
1774 3706 1950 3773 aliud
1989 3707 2174 3773 trado

252 3815 435 3874 quum
479 3796 559 3862 de
603 3818 806 3863 coena
849 3796 1117 3861 Domini
1165 3795 1266 3860 vel
1312 3796 1531 3878 agitur
1575 3795 1677 3859 vel
1714 3793 2101 3877 disputatur.
2119 3797 2177 3872 ⁰²)

251 3877 384 3944 Non
426 3890 648 3948 tamen
692 3882 956 3948 credere
1008 3902 1230 3964 posses
1273 3902 1466 3963 quam
1514 3881 1779 3959 acriter,
1836 3881 2178 3959 obstinate,

252 3969 662 4047 pervicaciter
715 3976 783 4033 et
837 3967 1178 4032 obfirmato
1244 3969 1461 4031 animo
1519 3965 1602 4030 ab
1656 3965 2050 4030 adversariis
2109 3967 2178 4030 in

257 4051 357 4117 hoc
399 4054 782 4135 praesertim
827 4052 1100 4117 articulo
1145 4054 1507 4117 resistatur.
1596 4052 1743 4116 Non
1836 4058 2005 4116 otest
2037 4050 2176 4114 dia-

252 4135 416 4202 bolus
455 4141 591 4221 pati
636 4148 709 4203 ut
750 4138 908 4203 haec
951 4138 1165 4222 sigilla
1220 4138 1725 4221 promissionum
1839 4136 1899 4200 ei
1942 4156 2170 4218 repur-

254 4233 483 4303 gentur.
572 4223 775 4289 Videt
830 4224 1007 4288 enim
1056 4234 1279 4307 aperte
1335 4223 1508 4307 quod
1559 4223 1687 4288 illis
1742 4222 1824 4287 ad
1881 4224 2168 4286 nativam

254 4310 676 4374 castimoniam
735 4309 1303 4392 sinceritatemque
1368 4310 1687 4375 revocatis
1732 4308 2021 4372 maxima
2062 4330 2169 4373 su-

254 4396 686 4474 perstitionum
743 4416 894 4479 pars
959 4394 1087 4460 erit
1154 4403 1500 4477 prostrata.
1588 4395 1767 4477 Ego,
1825 4404 1899 4458 ut
1942 4414 2170 4458 sanam

257 4477 404 4545 hanc
444 4481 806 4548 doctrinam
848 4500 1289 4563 propugnem‚
1349 4480 1547 4546 nullis
1590 4480 1892 4563 periculis
1935 4477 2170 4545 nullis-

254 4583 361 4644 que
400 4566 721 4634 laboribus
776 4587 994 4650 parco:
1063 4576 1128 4630 et
1188 4566 1317 4629 nisi
1361 4566 1541 4632 Deus
1584 4566 1725 4649 ipse
1761 4565 2019 4630 adesset
2061 4565 2173 4648 qui

254 4667 347 4714 me
384 4654 672 4733 roborat,
716 4655 932 4719 nescio
974 4649 1308 4716 interdum
1349 4652 1459 4733 qni
1501 4672 1758 4734 possem
1801 4651 2170 4717 subsistere.

538 4845 637 4853 μ-

258 4953 418 5011 1485.
444 4961 494 5024 1)
533 4959 995 5016 Commentariun·
1027 4958 1375 5040 iot-priorem·
1399 4956 1477 5038 ad
1517 4957 1841 5013 Corinthios.
1921 4957 2039 5027 Τίς.
2075 4975 2170 5026 ap.

258 5023 671 5084 Fronde-‚m
709 5029 836 5084 1551
879 5033 929 5082 ct
963 5043 1200 5096 suemus.
1255 5026 1573 5081 Edtttonem
1601 5031 1984 5096 prdem-amit
2017 5025 2169 5081 Rud.

315 5232 326 5243 .
439 5167 495 5232 2)
531 5096 1260 5247 Pctdfflmm·
1298 5164 1383 5245 ds·
1407 5167 1748 5244 sacramento
1783 5164 2149 5219 eucharistiae

260 5230 548 5352 359101552.
582 5235 634 5290 8.
669 5250 924 5373 Gom
956 5249 1299 5372 ιζὲἴιοεᾶἳὲπ
1324 5249 1459 5357 16ιὸτῶ
1484 5233 1954 5371 mmmm.
1975 5203 2170 5288 PJV'.

290 5339 301 5352 ο
398 5344 407 5353 -
474 5304 653 5360 Μ.
828 5346 840 5369 ,
924 5343 937 5358 ο
1078 5343 1092 5357 ο
1272 5344 1285 5356 ο
1461 5339 1474 5366 )
1554 5345 1564 5356 -
1706 5343 1717 5354 ι

2279 572 2416 640 Sed
2460 574 2696 640 vestris
2737 572 3042 675 precibus
3083 582 3159 640 ut
3201 575 3482 642 multum
3525 578 3673 659 fido,
3718 579 3811 645 ita
3841 582 4051 649 etiam
4092 583 4226 650 illis

2280 681 2385 725 me
2427 680 2561 726 non
2607 657 2828 725 dubito
2871 659 3227 744 plurimum
3269 661 3585 729 adiuvari.

2448 743 2665 813 Oredo
2721 767 2839 812 vos
2894 745 2976 811 de
3030 767 3229 813 causa
3279 751 3643 814 eommunis
3706 752 3898 817 amici
3941 753 4224 837 episcopi

2286 830 2757 914 Glooestriensis
2774 830 2829 915 ⁸)
2885 829 2968 895 ab
3019 830 3164 897 aliis
3222 832 3424 898 factos
3481 855 3623 901 esse
3686 838 4025 904 certiores:
4097 859 4219 924 ego

2280 916 2377 980 illi
2420 916 2912 1001 quibuscunque
2968 915 3330 983 rationibus
3384 921 3564 1001 potui
3609 942 3725 986 suo
3767 921 3882 988 illo
3925 932 4219 1008 tempore

2279 1022 2616 1086 nunquam
2673 1001 2870 1068 defui.
2959 1000 3155 1083 Quod
3208 1003 3347 1085 ipse
3399 1005 3605 1070 sensit
3657 1014 3722 1071 et
3779 1007 3975 1073 vidit:
4043 1008 4219 1076 unde

2278 1088 2412 1151 iam
2459 1089 2623 1154 bene
2667 1088 2867 1153 habet
2908 1095 2976 1153 et
3020 1087 3103 1152 ad
3146 1108 3338 1153 suum
3395 1090 3837 1173 episcopatum
3882 1096 4219 1161 concessit.

2279 1171 2477 1254 Quod
2511 1195 2546 1240 e
2593 1195 2631 1238 o
2667 1175 2825 1239 satis
2858 1173 3156 1256 praevidi
3189 1174 3506 1257 futurum,
3543 1187 3611 1241 et
3641 1176 3881 1243 idcirco
3909 1180 4026 1244 tibi
4060 1182 4225 1247 meis

2277 1258 2488 1325 literis
2533 1195 2614 1324 ge
2674 1258 2815 1325 eius
2869 1259 3251 1324 liberatione
3290 1261 3527 1325 bonam
3572 1283 3754 1345 spem
3793 1264 3932 1329 feci.
4020 1264 4224 1331 Prae-

2278 1344 2454 1411 dicat
2487 1344 2680 1410 modo
2717 1351 2982 1410 strenue
3017 1344 3247 1410 ovibus
3291 1366 3329 1409 a
3362 1346 3646 1412 Domino
3684 1347 3806 1412 sibi
3842 1349 4223 1430 commissis,

2277 1430 2492 1513 idque,
2538 1439 2615 1495 ut
2643 1439 2961 1512 speratur,
3003 1450 3137 1494 non
3175 1431 3302 1494 erit
3343 1430 3583 1516 absque
3616 1433 3850 1510 fructu,
3896 1434 4048 1517 quia
4083 1437 4222 1501 suis

2277 1516 2701 1582 concionibus
2755 1516 3073 1599 populum
3130 1523 3458 1581 attentum
3501 1518 3906 1601 frequentem
3964 1529 4032 1585 et
4074 1519 4221 1585 dili-

2276 1612 2543 1686 gentem
2610 1602 2823 1666 habet.
2924 1601 3028 1666 De
3103 1601 3212 1666 illo
3274 1602 3369 1667 ita
3413 1622 3495 1667 ue
3567 1604 3759 1669 soluti
3831 1606 3976 1671 sitis
4043 1606 4225 1670 omni

2275 1696 2475 1767 metu,
2523 1707 2817 1771 eumque,
2863 1696 2938 1752 ut
2979 1707 3097 1751 vos
3140 1685 3332 1752 credo
3403 1709 3605 1768 acere,
3651 1690 3949 1772 precibus
3982 1691 4221 1757 iuvate.

2276 1773 2439 1837 Fuit
2492 1773 2686 1855 paulo
2746 1781 2898 1837 ante
2957 1772 3198 1856 pascha
3251 1773 3358 1838 hic
3418 1773 3626 1839 tribus
3684 1774 3912 1841 diebus
3965 1797 4224 1842 mecum

2278 1855 2557 1937 oxonii,
2604 1880 2737 1924 una
2794 1878 2942 1923 cum
3001 1858 3325 1923 Michaele
3372 1857 3747 1937 Coverclallo‚
3766 1863 3823 1938 ⁴)
3882 1861 4223 1927 conciona-

2275 1952 2417 2009 tore
2471 1951 2739 2009 strenuo
2806 1951 2876 2009 et
2943 1942 3025 2008 de
3084 1965 3155 2008 re
3227 1944 3606 2028 evangelica
3662 1947 3904 2029 optime
3970 1948 4224 2012 merito.

2279 2031 2492 2096 Ambo
2558 2038 2625 2094 et
2688 2029 2860 2112 plebi
2926 2039 3190 2094 nostrae
3236 2027 3597 2095 Oxoniensi
3656 2032 4020 2097 concionati
4069 2041 4223 2097 sunt

2275 2122 2343 2180 et
2384 2116 2548 2182 meis
2589 2115 2862 2199 publicis
2923 2113 3566 2196 interpretationibus
3608 2117 3917 2199 epistolae
3960 2117 4042 2181 ad
4086 2117 4222 2182 Ro-

2276 2222 2506 2266 manos
2562 2200 2913 2266 affuerunt.
2934 2201 2994 2276 5)
3097 2200 3234 2265 Nos
3305 2209 3533 2265 mutuo
3603 2222 3831 2267 sumus
3886 2202 4093 2269 amice
4146 2202 4222 2267 in

2277 2284 2566 2351 Domino
2623 2286 2944 2352 cohortati
3006 2295 3074 2350 et
3131 2286 3419 2351 maxima
3488 2287 3757 2353 caritate
3813 2297 4011 2370 atque
4067 2309 4221 2353 con-

2274 2371 2606 2438 iunctione
2646 2372 2927 2437 invicem
2973 2373 3439 2456 prosequimur.

2448 2543 2552 2608 De
2608 2550 2821 2609 morte
2864 2541 2949 2609 D.
2997 2542 3233 2609 Buca-i
3298 2542 3409 2609 diu
3467 2550 3661 2609 antea
3711 2564 3830 2610 vos
3894 2543 4224 2610 audivisse

2274 2639 2460 2712 puto:
2507 2627 2720 2712 pridie
2762 2628 3099 2695 Kalendas
3155 2629 3432 2694 Martias
3488 2629 3571 2696 ad
3630 2627 3879 2709 Deum,
3936 2631 4040 2695 cui
4107 2629 4223 2694 diu

2274 2723 2543 2780 strenue
2586 2715 2937 2794 servierat,
3004 2715 3370 2798 emigravit.
3458 2713 3559 2780 Ita
3600 2714 3872 2781 ecclesia
3904 2716 4223 2781 ministris

2273 2799 2665 2867 doctissimis
2708 2809 2776 2865 et
2817 2801 3149 2865 veteranis
3192 2798 3507 2866 militibus
3547 2810 3946 2866 exarmatur.
4034 2800 4221 2866 Haec

2272 2885 2462 2951 facile
2505 2894 2826 2971 apparent
2866 2907 2950 2952 ex
2993 2884 3317 2951 tironibus
3362 2886 3473 2968 qui
3535 2885 3748 2949 locum
3801 2887 3875 2950 in
3919 2886 4056 2951 acie
4099 2886 4222 2950 im·

2272 2971 2514 3054 pleant.
2601 2972 2786 3037 Nihil
2831 2992 2937 3036 me
2997 2971 3177 3055 prius
3231 2970 3430 3035 habet
3488 2992 3684 3053 quam
3743 2970 3913 3054 quod
3970 2979 4223 3036 tantam

2273 3058 2618 3140 penuriam
2661 3058 3108 3123 ministrorum
3155 3054 3428 3122 ecclesia
3469 3056 3772 3138 patiatur.
3812 3055 4224 3126 ‚Admodum

2274 3145 2462 3226 pauci
2530 3152 2690 3210 sunt
2756 3142 2868 3226 qui
2927 3142 3218 3226 pericula
3281 3140 3500 3207 subire
3555 3141 3790 3221 velint,
3851 3152 3920 3207 et
3973 3141 4222 3208 Christi

2274 3249 2539 3295 causam
2596 3229 2908 3294 tuendam
2966 3230 3310 3309 suscipere.
3358 3263 4216 3275 ———————

2276 3313 2522 3381 Oxonii
2569 3319 2648 3380 25
2695 3315 2941 3398 Aprilis
2993 3321 3172 3379 1551.

3489 3452 3672 3516 Tuus
3714 3472 3795 3515 ex
3832 3451 4051 3514 animo

3484 3555 3723 3619 Petrus
3769 3553 4050 3637 Martyr.

3034 3849 3442 3858 ————

3147 4065 3341 4136 1486.

2704 4221 3138 4292 VIRE'I'US.
3160 4218 3795 4288 BULLINGERO.

2453 4394 2647 4477 Quem
2709 4395 2841 4478 ipsi
2902 4414 3106 4475 nuper
3170 4391 3702 4460 commendaverat
3769 4392 3827 4455 is
3891 4391 4025 4455 iam
4080 4390 4224 4457 bene

2273 4480 2512 4546 locatus
2569 4485 2674 4547 est.
2784 4480 3117 4545 Consensio
3186 4482 3318 4544 iam
3373 4481 3623 4543 tertium
3692 4478 3858 4561 typis
3911 4477 4225 4558 exscripta

2275 4566 2562 4632 ecclesiae
2616 4557 2963 4632 utilissima
3014 4570 3104 4630 est
3156 4566 3394 4647 futura.
3491 4563 3699 4630 Pestis
3742 4561 4224 4629 Lausannenses

2275 4653 2533 4717 minime
2575 4652 2856 4717 cordatos
2897 4661 3092 4717 vexat.

2279 4823 2389 4888 (Ex
2435 4821 2773 4892 autographo
2822 4822 2989 4877 Arch.
3023 4821 3200 4876 Turio.
3235 4820 3377 4874 Plut.
3412 4821 3505 4872 Vl.
3542 4821 3661 4874 Vol.
3703 4818 3827 4886 105,
3878 4820 4007 4872 olim
4045 4815 4215 4871 Seriu.

2519 4891 2580 4945 B.
2618 4892 2762 4961 Epp.
2800 4892 2951 4946 Tem.
2986 4891 3035 4950 Ι.
3074 4891 3167 4945 fol.
3202 4887 3321 4943 487.
3359 4916 3416 4928 -—
3455 4889 3669 4943 Simler.
3705 4888 3830 4943 Vol.
3866 4886 3979 4954 74.)

2479 5166 2539 5230 3)
2578 5164 2814 5234 Ηομή.

2482 5236 2546 5368 ἓξ
2580 5235 3079 5373 ffnnlooogopenore
3113 5300 3353 5357 traditis.
3427 5297 3719 5366 (Solia-idi,
3762 5297 3939 5353 Verm.
3970 5313 4035 5366 p.
4077 5296 4219 5365 106.)
