4900 6167
256 423 354 484 245

259 606 481 677 eoelum
526 605 798 689 raptus?
889 607 996 670 An
1044 615 1241 690 negat
1300 607 1472 672 hanc
1514 627 1659 674 esse
1702 607 1831 672 Dei
1875 607 2179 672 volunta·

258 709 396 769 tem,
465 700 533 756 et
591 692 853 775 quidem
920 690 1242 758 eiusmodi
1298 694 1404 759 cui
1462 694 1674 758 resisti
1734 713 1865 758 non
1928 692 2177 776 possit?

260 779 422 860 Quae
464 787 638 843 certe
682 780 739 842 si
780 777 946 843 falso
990 776 1364 844 dicerentur
1404 779 1486 844 ab
1531 779 1779 861 impiis,
1827 780 1964 862 ipse
2009 779 2182 844 ferre

256 886 361 930 non
407 867 742 946 potuisset.
830 863 977 929 Imo
1020 865 1263 930 fatetur
1308 864 1470 931 haec
1517 885 1661 931 esse
1706 865 2067 941 verissima,
2115 873 2183 929 et

258 961 315 1016 ut
351 950 551 1020 semel
607 970 834 1014 omnes
898 950 1170 1015 humani
1220 951 1470 1034 ingenii
1512 950 1906 1016 obiectiones
1952 950 2179 1029 diluat,

256 1047 541 1120 provocat
585 1035 666 1099 ad
714 1034 842 1100 Dei
887 1055 1152 1113 arcana,
1201 1045 1293 1101 et:
1354 1044 1425 1100 tu
1472 1037 1699 1114 110010,
1744 1037 1990 1119 inquit,
2036 1037 2181 1119 quis

258 1143 313 1188 es
368 1133 490 1187 etc.
590 1122 776 1187 Haec
843 1130 943 1187 est
1000 1122 1237 1186 solutio
1305 1121 1801 1187 absolutissima.
1907 1121 2181 1188 Certum

256 1209 405 1273 enim
466 1221 569 1272 est
613 1208 737 1272 Dei
788 1208 1193 1273 voluntatem
1248 1229 1367 1273 nec
1424 1208 1841 1291 tyrannicam
1902 1229 2022 1273 nec
2080 1209 2181 1272 in-

257 1296 470 1360 iustam
517 1315 676 1359 esse.
764 1294 997 1376 Itaque
1041 1294 1109 1358 in
1150 1295 1261 1376 ‘his
1304 1295 1499 1359 rebus
1534 1302 1603 1358 et
1642 1294 1915 1360 caeteris
1952 1293 2182 1375 pleris-

258 1401 360 1464 que
414 1380 656 1444 sufficit
724 1380 887 1444 mihi
946 1381 1113 1445 scire
1168 1377 1233 1442 τὸ
1290 1375 1406 1443 Bu:
1470 1401 1622 1444 nam
1672 1385 1814 1462 περὶ
1868 1382 1969 1442 τοῦ
2030 1378 2185 1442 διότι

256 1467 525 1551 quisquis
568 1466 838 1543 laborat,
884 1464 993 1530 ille
1038 1466 1231 1547 plane
1266 1464 1530 1531 videtur
1574 1472 1915 1546 θεομαχεῖν.
2004 1466 2184 1548 Ergo

256 1552 401 1636 quod
446 1551 532 1615 ad
572 1552 851 1616 salutem
898 1552 1149 1626 attinet,
1194 1553 1414 1616 omnia
1447 1551 1590 1616 Deo
1635 1552 1870 1616 tribuo.
1953 1549 2185 1632 Quoad

256 1638 789 1720 reprobationem,
837 1635 968 1701 Dei
1035 1659 1165 1702 non
1224 1645 1480 1701 tantum
1534 1638 2029 1721 praescientiam
2072 1636 2185 1701 sed

257 1723 573 1789 consilium
621 1733 689 1787 et
733 1723 1063 1787 decretum
1101 1733 1439 1788 aeternum
1484 1723 1554 1786 in
1599 1722 1722 1788 hac
1762 1723 1959 1787 etiam
2004 1735 2187 1805 parte

256 1829 512 1893 agnosco
570 1817 719 1883 (nec
764 1810 934 1872 enim
997 1808 1225 1873 electio
1279 1810 1421 1874 sine
1474 1808 1928 1889 reprobatione
1971 1815 2189 1890 potest

257 1895 588 1977 constitui),
608 1905 676 1958 et
690 1905 908 1958 tamen
926 1895 1027 1959 cul
1037 1914 1182 1977 pam
1199 1915 1456 1959 omnem
1470 1895 1534 1958 10
1554 1893 1885 1959 hominem
1899 1893 2185 1960 coniicio.

260 1979 321 2047 Si
339 1979 485 2063 quid
512 1980 1224 2065 humanumingenium
1248 1991 1473 2045 contra
1493 1989 1767 2046 conatur
1782 1980 2033 2056 afferre,
2057 2001 2188 2046 000

264 2066 449 2142 audio,
496 2077 563 2131 et
606 2065 809 2131 semel
855 2066 946 2131 sic
983 2066 1325 2132 concludo:
1373 2066 1501 2130 Dei
1540 2066 1699 2132 haec
1737 2079 1837 2131 est
1868 2066 2188 2144 voluntas,

264 2153 371 2218 Dei
398 2154 524 2217 hoc
548 2152 912 2228 eonsilium,
950 2154 1134 2217 cuius
1172 2173 1404 2217 causae
1432 2152 1593 2216 mihi
1618 2150 1877 2233 quidem
1903 2153 2192 2217 incertae

266 2249 319 2303 et
362 2239 760 2321 incognitae,
818 2236 963 2303 Deo
1022 2249 1245 2302 tamen
1312 2237 1713 2303 certissimae
1773 2246 2073 2303 constant
2126 2247 2194 2301 et

267 2325 653 2400 verissimae,
712 2325 820 2404 qui
878 2345 1007 2386 non
1066 2323 1210 2386 vult
1266 2324 1680 2405 iniquitatem
1720 2331 1788 2388 et
1830 2323 2194 2390 certissima

267 2419 353 2475 est
390 2412 588 2474 totius
644 2409 931 2474 iustitiae
991 2430 1062 2473 re
1158 2409 1235 2473 la.
1326 2408 1490 2473 Nolo
1548 2409 1861 2475 adversus
1918 2408 2193 2492 figulum

266 2516 461 2560 meum
510 2494 907 2577 disceptare,
963 2505 1028 2559 et
1120 2514 1193 2559 ac
1252 2493 1549 2559 doctrina
1604 2516 1734 2559 non
1780 2492 2068 2560 adducor
2112 2492 2195 2558 ad

268 2580 798 2663 desperationem:
855 2582 985 2645 imo
1032 2601 1185 2644 vero
1229 2581 1574 2645 confirmor
1617 2579 1933 2645 adversus
1975 2580 2197 2644 omnia

270 2668 684 2732 tentationum
732 2687 1013 2750 genera,
1072 2687 1273 2749 quum
1318 2656 1614 2750 intelligo
1659 2665 1937 2731 salutem
1982 2686 2196 2730 meam

268 2772 378 2817 non
417 2773 560 2818 esse
606 2753 671 2816 in
720 2773 821 2816 me
857 2753 1153 2833 positam,
1200 2751 1310 2816 sed
1360 2753 1425 2816 in
1464 2752 1587 2816 Dei
1638 2752 1981 2835 preposite,
2025 2750 2195 2833 quod

270 2859 508 2921 semper
567 2859 773 2901 unum
830 2853 1024 2920 atque
1083 2838 1253 2902 idem
1315 2847 1430 2903 est.
1520 2838 1801 2902 Vocavit
1864 2859 1969 2901 me
2013 2837 2197 2902 Deus

263 2934 513 2990 externo
576 2937 770 3006 atque
831 2925 1025 2988 etiam
1085 2924 1344 2988 interno
1391 2944 1507 2988 suo
1552 2923 1783 3000 verbe,
1844 2932 1919 2987 ut
1965 2924 2193 2987 testifi-

262 3019 425 3074 catur
467 3010 633 3074 mihi
676 3009 944 3090 spiritus
988 3009 1097 3090 qui
1140 3010 1317 3073 intra
1376 3030 1479 3073 mc
1525 3008 1896 3092 ingemiseit
1939 3019 2006 3072 ct
2052 3030 2193 3074 000-

260 3096 430 3176 pirat,
477 3093 562 3160 ad
606 3094 822 3159 Deum
869 3116 1090 3160 suum:
1139 3095 1518 3178 obsignatae
1563 3105 1718 3160 sunt
1760 3096 1828 3159 in
1872 3116 1976 3158 mo
2021 3093 2194 3158 illius

260 3182 703 3262 promissiones
761 3183 1005 3244 virtute
1060 3179 1328 3262 spiritus
1388 3180 1517 3245 Dei
1573 3182 1719 3244 mei.
1822 3179 2196 3244 Audierunt

261 3283 429 3331 aures
474 3287 662 3331 meae
711 3266 984 3331 verbum
1029 3266 1187 3343 Dei,
1249 3266 1495 3348 recepit
1549 3287 1734 3330 mens
1791 3279 1856 3329 et·
1915 3265 2043 3329 illis
2098 3277 2194 3330 est

261 3371 507 3418 assensa
550 3373 666 3434 per
710 3350 837 3416 Dei
882 3353 1177 3434 gratiam,
1217 3351 1523 3416 viderunt
1564 3351 1734 3417 oculi
1776 3352 1924 3426 mei,
1975 3351 2191 3434 palpa-

261 3447 397 3502 runt
439 3459 679 3503 manus
726 3438 850 3502 Dei
894 3449 1321 3512 sacramenta,
1368 3436 1602 3520 quibus
1648 3437 2034 3502 coniunctus
2080 3459 2195 3518 per

260 3523 432 3588 fidem
480 3525 751 3607 spiritus
796 3534 1060 3589 sanctus
1106 3523 1354 3590 Christi
1422 3544 1527 3588 me
1580 3523 1960 3605 participem
2020 3523 2188 3587 fecit.

260 3607 423 3675 Haec
468 3619 626 3675 sunt
669 3609 1004 3675 electionis
1069 3608 1252 3675 meae
1319 3619 1723 3692 argumenta.
1815 3607 1949 3688 Qui
2007 3629 2191 3674 secus

260 3692 465 3761 didicit
501 3697 966 3781 argumentari,
1012 3695 1198 3760 illum
1238 3717 1356 3778 ego
1393 3696 1534 3758 sino
1570 3715 1719 3759 cum
1756 3694 1897 3758 Deo
1942 3692 2191 3777 discep-

261 3789 394 3846 tare.
484 3783 669 3847 Haec
714 3793 844 3858 est,
905 3782 1028 3845 nisi
1076 3782 1289 3852 fallor,
1355 3780 1670 3844 sobrietas
1714 3800 1908 3861 quam
1956 3780 2190 3845 sectari

259 3862 576 3934 debemus:
640 3888 879 3950 nempe
922 3888 1050 3931 000
1110 3866 1458 3931 abhorrere
1502 3866 1581 3930 ab
1628 3864 1747 3930 hac
1793 3867 2189 3946 quaestione,

260 3971 433 4032 quam
478 3952 1067 4019 innumerabilibus
1111 3951 1269 4017 locis
1327 3951 1593 4033 spiritus
1640 3960 1905 4016 sanctus
1950 3950 2187 4017 diserte

260 4039 547 4118 explicat,
618 4051 685 4105 et
739 4060 903 4121 quae
949 4037 1448 4102 fundamentum
1492 4048 1593 4100 est
1637 4036 1866 4101 salutis
1906 4045 2184 4116 nostrae,

258 4125 355 4188 sed
392 4147 468 4190 ea
512 4127 605 4191 ita
662 4134 942 4190 tractare
999 4133 1072 4187 ut
1126 4123 1491 4207 scripturae
1528 4124 1690 4187 fines
1734 4144 1865 4186 000
1915 4124 2186 4188 transsi-

260 4206 488 4288 liamus,
534 4235 609 4278 ac
653 4210 873 4277 sensui
918 4220 1141 4274 nostro
1187 4210 1315 4274 Dei
1359 4208 1629 4274 consilia
1675 4208 2108 4274 subiiciamus.

408 4297 661 4362 Verum
706 4317 831 4378 quo
869 4317 971 4360 me
1009 4292 1267 4359 tandem
1307 4295 1433 4359 ista
1471 4295 1795 4360 contentio
1839 4293 2182 4377 provexit?

259 4378 526 4449 Obsecro
562 4393 647 4458 te,
696 4382 785 4446 mi
830 4393 1033 4464 pater,
1080 4391 1155 4444 ut
1198 4381 1319 4445 hoc
1363 4379 1560 4445 etiam
1606 4381 1795 4444 feras,
1888 4377 1962 4445 Si
2010 4389 2184 4462 post-

258 4464 364 4532 hac
410 4470 522 4534 tibi
577 4468 737 4533 haec
797 4488 923 4532 000
980 4465 1233 4547 placere
1290 4465 1704 4541 intellexere,
1768 4464 1947 4530 aliud
1991 4487 2183 4549 argu-

261 4567 531 4618 mentum
568 4552 857 4636 captabO.
932 4551 1003 4617 Si
1051 4550 1202 4632 quid
1243 4553 1437 4616 etiam
1476 4575 1513 4616 a
1549 4572 1652 4616 me
1696 4561 1795 4615 est
1828 4560 2183 4636 peccatum,

262 4642 521 4704 conabor
575 4662 613 4702 a
658 4653 722 4702 te
767 4637 1136 4702 admonitus
1184 4637 1551 4702 emendare.
1642 4635 1771 4703 Sed
1834 4636 2030 4701 huius
2090 4638 2181 4701 rei

262 4721 597 4808 indignitas
642 4727 733 4788 ita.
780 4745 883 4787 me
929 4721 1277 4788 commovit
1321 4732 1397 4786 ut
1454 4745 1557 4788 me
1601 4724 1741 4806 ipse
1788 4743 1916 4786 non
1959 4735 2181 4804 potue-

262 4809 369 4873 rim
412 4813 761 4874 continere.
836 4808 1045 4873 Crede
1091 4809 1260 4872 enim
1310 4808 1490 4884 mihi,
1538 4809 1627 4872 mi
1664 4817 1865 4891 pater,
1911 4808 2181 4891 gravius

263 4909 345 4958 est
388 4896 507 4960 hoe
552 4897 789 4960 malum
838 4916 1027 4976 quam
1088 4892 1348 4959 eredere
1396 4893 1712 4972 videaris,
1771 4913 1887 4959 nec
1941 4895 2185 4958 frustra

262 4991 461 5046 metuo
507 5003 586 5045 ne
630 4981 789 5046 haee
836 4979 1117 5047 scintilla
1174 5001 1485 5062 magnum
1532 4991 1598 5042 et
1648 5002 1913 5047 saevum
1963 4981 2180 5044 incen-

266 5063 421 5130 dium
483 5069 717 5131 excitet
772 5070 836 5130 in
885 5067 1156 5131 ecelesia
1199 5064 1343 5130 Dei.
1434 5065 1638 5128 Faxit
1682 5064 1765 5129 D.
1817 5065 2000 5131 Iesus
2045 5087 2181 5130 ser-

266 5166 431 5216 vator
475 5164 707 5217 noster.
754 5153 862 5235 qui
914 5153 1124 5216 nullos
1164 5173 1245 5215 ex
1293 5152 1515 5215 electis
1558 5152 1690 5214 suis
1737 5152 1945 5231 perire
1991 5153 2180 5228 sinet,

266 5340 354 5385 res
396 5341 491 5388 est
539 5324 623 5387 illi
672 5347 812 5388 eum
862 5325 1153 5406 pluribus
1203 5324 1512 5388 monstris
1546 5342 1739 5404 quam
1788 5323 1994 5403 possis
2041 5345 2181 5388 sus-

1960 421 2121 484 1552
2167 418 2330 486 IAN
2336 419 2546 485 UAR.

4105 426 4231 490 24⁶

2282 608 2484 690 picari
2503 606 2559 692 ⁸)
2604 615 2672 673 ot
2713 629 2892 687 sane,
2936 609 2991 674 si
3034 608 3141 676 hic
3185 617 3404 675 essent
3446 611 3556 693 qui
3599 610 3784 676 illum
3820 611 4017 694 paulo
4049 632 4229 680 acer-

2281 694 2528 758 biorem
2572 713 2713 760 esse
2757 703 3263 777 conqueruntur,
3325 697 3723 762 mirarentur
3765 719 3971 761 unum
4016 696 4229 763 homi-

2284 799 2436 844 nem
2493 786 2594 844 tot
2649 780 2897 863 pariter
2958 779 3268 846 molestiis
3320 802 3509 865 posse
3560 784 3876 849 sufficere.
3962 782 4070 848 Ad
4124 805 4229 849 me

2285 864 2546 947 quidem
2592 865 2761 949 quod
2801 866 3056 945 attinet,
3102 867 3276 933 illius
3320 868 3534 951 potius
3569 867 3950 934 modestiam
3998 888 4073 933 ac
4115 891 4231 952 pa·

2286 951 2590 1016 tientiam
2648 951 2937 1016 admiror
2991 973 3193 1035 quam
3247 954 3662 1019 acerbitatem
3724 974 3979 1036 queror.
4084 955 4230 1022 Hoc

2283 1034 2425 1101 dico
2470 1045 2735 1119 propter
2777 1059 3070 1104 rumores
3124 1061 3163 1103 a
3219 1038 3607 1121 quibusdam
3645 1060 3933 1121 sparsos,
3991 1042 4100 1123 qui
4159 1042 4231 1105 in

2284 1121 2406 1186 hoc
2453 1123 2709 1206 negotio
2753 1132 2820 1187 et
2860 1124 3186 1207 plerisque
3231 1126 3374 1189 aliis
3433 1126 3737 1192 acerbum
3782 1135 3847 1189 et
3891 1126 4233 1191 horridum

2290 1205 2622 1272 Calvinum
2663 1211 2939 1292 fingunt.
3030 1209 3293 1290 Quanta
3333 1219 3549 1275 autem
3594 1211 3663 1273 in
3710 1231 3783 1275 eo
3827 1212 3943 1275 fiat
3986 1212 4230 1292 optimo

2286 1294 2428 1358 viro
2473 1294 2748 1372 iniuria,
2815 1294 2914 1359 illi
2982 1294 3242 1359 demum
3296 1296 3679 1379 intelligunt
3733 1296 3841 1377 qui
3900 1296 4234 1362 hominem

2286 1377 2550 1460 penitus
2602 1389 2864 1446 norunt.
2971 1379 3165 1446 Certe
3235 1389 3496 1446 tantum
3556 1381 3740 1446 abest
3810 1382 3963 1458 (1100
4027 1389 4234 1447 testor

2289 1463 2408 1528 tibi
2464 1486 2681 1530 coram
2740 1465 3055 1544 Domino,
3124 1468 3214 1530 mi
3283 1469 3499 1549 pater)
3569 1479 3643 1531 ut
3715 1467 3874 1532 haec
3925 1466 4021 1530 illi
4075 1475 4234 1533 nota

2288 1550 2466 1614 inuri
2509 1552 2742 1633 possit,
2803 1563 2876 1617 ut
2919 1561 3147 1616 contra
3188 1551 3451 1634 pudoris
3496 1572 3570 1617 ac
3614 1552 3967 1617 modestiae
4012 1554 4234 1637 singu-

2287 1634 2425 1701 lare
2470 1637 2806 1720 exemplar
2847 1638 2919 1700 in
2962 1637 3086 1701 hac
3127 1657 3320 1703 causa
3365 1639 3576 1715 fuerit,
3622 1640 3678 1704 si
3716 1648 4012 1703 monstra
4054 1659 4236 1722 spec-

2289 1730 2388 1787 tes
2433 1724 2816 1804 quibuscum
2860 1722 2956 1786 illi
3002 1723 3130 1787 fuit
3171 1722 3650 1789 decertandum.
3740 1722 3872 1789 Sed
3928 1725 4072 1807 ipsa
4114 1724 4238 1790 sibi

2292 1808 2504 1873 virtus
2548 1808 2803 1874 abunde
2847 1810 3307 1891 patrocinatur.
3387 1810 3491 1874 De
3536 1809 3641 1875 his
3684 1820 3900 1875 autem
3945 1808 4090 1891 plus
4133 1830 4238 1874 sa·
4293 1855 4298 1864 ·

2293 1893 2396 1958 tis.
2444 1930 2527 1940 —
2574 1930 2652 2065 >—
2700 1929 2783 1940 —
2825 1930 2911 1941 —
2971 1931 3050 1941 —
3112 1931 3197 1942 —-
3241 1896 3633 1960 Lausannae
3677 1895 3884 1978 pridie
3928 1894 4087 1961 Idus
4130 1891 4246 1960 Ia·‘

2292 1979 2525 2044 nuarii.
2552 1985 2577 2020 ⁴

3156 2065 3398 2131 Theod.
3445 2065 3621 2130 Beza
3663 2065 3855 2149 plane
3899 2076 4071 2133 tuus.

3054 2356 3459 2368 ——-—

3178 2573 3374 2646 1586.

2685 2710 3191 2779 HALLERUS
3237 2712 3868 2784 BULLINGERO.

2473 2881 2740 2947 Exitum
2794 2903 3019 2948 causae
3076 2883 3321 2949 Bolseci
3376 2883 3656 2962 nunciat,
3731 2884 3930 2949 Vireti
3986 2887 4245 2951 acrimo-

2246 2999 2251 3018 ·
2299 2970 2475 3032 niam
2516 2973 2700 3034 notat.

2299 3141 2659 3208 (Excerptum
2698 3157 2764 3193 ex
2801 3145 2929 3193 auto
2971 3140 3138 3210 rapho
3175 3139 3392 3192 Archiv.
3433 3139 3611 3192 Tui-ic.
3636 3140 3761 3193 olim
3798 3139 3968 3195 Scrin.
4003 3141 4064 3195 B.
4227 3179 4242 3194 .

2298 3210 2448 3263 Tem.
2484 3207 2569 3274 32,
2607 3226 2747 3262 nunc
2771 3209 2908 3262 Plut.
2929 3157 3029 3263 ill.
3054 3208 3170 3262 Vol.
3208 3207 3328 3276 154,
3363 3209 3453 3262 fol.
3494 3206 3606 3261 160.
3645 3236 3705 3247 ·-
3745 3208 3956 3263 Simler.
3978 3141 4245 3276 VOLEJJ'R)

2470 3381 2852 3447 Clarissimo
2914 3382 3053 3446 viro
3096 3357 3190 3446 M.
3252 3380 3633 3466 Heinrycho
3691 3381 4076 3465 Bullingero
4131 3381 4242 3445 'Pi-

2297 3469 2574 3550 gurinae
2610 3467 2919 3532 eeclesiae
2955 3466 3331 3533 fidelissimo
3367 3467 3631 3549 pastori,
3678 3467 3937 3532 domino
3967 3487 4041 3532 ac
4075 3486 4245 3532 com-

2297 3554 2467 3636 patri
2511 3574 2629 3619 000
2674 3552 3148 3618 colendissimO.
3808 3635 4049 3701 Zfirioh

2472 3773 2677 3839 Gottes
2727 3775 2899 3856 ynad
2954 3797 3162 3841 euvor.
3253 3776 3382 3842 Die
3425 3774 3842 3856 EoeempZaria
3869 3772 3918 3858 ¹)
3977 3773 4102 3840 han
4146 3773 4244 3840 ich

2293 3861 2664 3942 ampfanyen
2721 3861 2784 3925 bi
2852 3861 2988 3925 dem
3054 3861 3239 3926 Gallo
3306 3862 3418 3926 der
3485 3862 3554 3924 in
3612 3857 3979 3940 Frankrych
4042 3859 4241 3926 ziicht.

2296 3944 2427 4030 Say
2462 3945 2577 4010 ie'ch
2606 3966 2861 4028 yrossen
2893 3945 3086 4011 Dank
3119 3952 3323 4012 ic‘wers
3349 3949 3567 4028 flysses
3600 3945 3723 4009 vnd
3757 3942 3971 4009 arbeit.
4057 3944 4244 4012 Wills

2290 4033 2618 4098 verdienen
2660 4053 2752 4098 wo
2794 4053 2859 4096 es
2890 4033 3018 4095 mir
3061 4032 3348 4116 meiylwh.

2463 4115 2655 4198 Quod
2699 4127 2916 4183 autem
2962 4119 3201 4182 attinet
3243 4138 3504 4182 causam
3552 4116 4008 4182 Genevensem
4053 4117 4240 4183 cuius

2292 4204 2544 4269 exitum
2601 4204 2766 4270 scire
2826 4203 3186 4281 desideras,
3259 4204 3351 4268 sic
3409 4202 3622 4267 habet.
3712 4200 4070 4267 Mulctatus
4136 4208 4235 4267 est

2290 4289 2521 4355 exsilio
2566 4290 2989 4373 Hieronymus
3031 4287 3161 4365 ille,
3208 4298 3275 4353 et
3317 4291 3619 4372 graviora
3659 4287 3853 4364 forte,
3915 4287 4043 4351 nisi
4088 4307 4235 4354 vee-

2290 4384 2431 4440 trae
2478 4375 2674 4439 simul
2721 4382 2788 4439 et
2847 4383 3108 4439 nostrae
3150 4372 3378 4439 literae
3422 4373 3751 4459 negotium
3799 4371 4233 4457 mitigassent,

2290 4482 2519 4543 passus
2577 4461 2823 4526 fuisset.
2913 4460 3107 4526 Nunc
3163 4461 3330 4525 sicut
3386 4460 3631 4525 Vir-etue
3690 4459 3770 4523 ad
3822 4479 3927 4522 me
3986 4458 4232 4538 scribit,

2291 4547 2429 4630 agit
2472 4546 2711 4611 alicubi
2747 4545 2815 4608 in
2852 4566 3010 4628 agro
3055 4553 3299 4610 nostro,
3325 4545 3379 4631 2)
3468 4545 3736 4608 Vellent
3770 4543 3956 4608 illum
4000 4564 4041 4607 a
4083 4564 4231 4609 000-

2290 4704 2694 4714 ——..—.-....--.-—

2493 4783 2552 4850 3)
2591 4785 2869 4840 Libertini
2879 4801 2982 4852 pro
3019 4791 3252 4852 tempore
3275 4786 3632 4853 quiescebant,
3668 4784 3761 4836 sed
3784 4784 4087 4851 quicunque
4118 4793 4233 4835 non

2287 4853 2515 4921 pedibus
2573 4861 2620 4907 et
2683 4855 2936 4908 manibus
2994 4855 3392 4907 assevteebatur
3441 4856 3564 4906 istis
3615 4859 3909 4906 monstrum
3957 4850 4229 4904 audiebat.

2296 4921 2456 4991 Quod
2489 4925 2548 4976 in
2574 4923 2800 4977 Calvino
2838 4929 2976 4976 totet
3013 4931 3169 4976 tanta
3188 4925 3480 4975 sustinente
3498 4923 3843 4990 aliquatenus
3877 4917 4231 4987 tolerandum,

2282 4991 2343 5046 in
2380 4991 2532 5045 Beza
2563 4990 2830 5046 odiosum.

2489 5059 2549 5122 4)
2587 5060 2674 5113 De
2710 5076 2855 5115 anno
2890 5075 3001 5112 non
3035 5065 3112 5112 est
3145 5058 3291 5139 quod
3324 5059 3668 5112 disset-amu&

2232 5067 2238 5174 1
2286 5131 2461 5186 1586.
2500 5130 2551 5192 1)
2591 5130 2857 5197 Loquitur
2903 5128 2971 5180 de
3031 5129 3366 5180 orationibus
3428 5129 3536 5180 suis
3581 5145 3644 5179 cx
3695 5124 4020 5193 psalmorum
4069 5123 4224 5177 libris
4313 5113 4320 5124 ⁸

266 5247 327 5299 ut
358 5238 537 5303 brevi
574 5261 669 5304 1¹08
678 5241 1029 5322 tinguatur·
1092 5237 1240 5318 Quo
1244 5236 1285 5300 d
1323 5236 1402 5300 ad
1444 5237 1520 5300 D·
1565 5234 1894 5300 Calvinum
1931 5240 2181 5315 attinet,
2232 5249 2236 5318 3
2286 5199 2586 5253 recollectis
2622 5215 2760 5266 quae
2796 5197 2966 5251 latine
3003 5206 3058 5249 et
3093 5199 3395 5265 germanico
3433 5197 3573 5263 typis
3611 5192 3959 5246 Froschovcri
3996 5190 4133 5246 1552
4165 5194 4223 5249 in

2285 5269 2364 5321 12.
2404 5266 2671 5336 prodiere.
2744 5265 2952 5319 Simler.

2489 5334 2548 5396 2)
2592 5333 2672 5400 Cf.
2711 5351 2848 5403 quae
2883 5335 3266 5389 adnotavimus
3301 5335 3375 5387 ad
3411 5332 3485 5386 N.
3531 5328 3675 5383 1584.

3709 5413 3805 5467 16*
