4900 6167
749 442 879 506 459

751 628 917 692 tiore
961 626 1092 690 iam
1136 624 1355 689 animo
1398 645 1561 702 sum,
1607 622 1797 708 plane
1833 623 2127 710 intelligo
2166 645 2301 690 non
2336 644 2478 689 esse
2519 622 2681 691 haec

752 712 968 779 aliena
1008 710 1122 776 abs
1165 710 1243 775 iis
1286 730 1450 793 quae
1492 710 1623 774 iam
1664 707 1908 776 dudum
1947 707 2028 775 de
2071 709 2384 776 extremis
2426 716 2679 793 tempo-

699 865 712 876 ,
750 798 933 863 ribus
977 815 1198 860 sacrae
1241 794 1425 860 nobis
1468 794 1694 861 literae
1783 793 2179 861 rodiderunt.
2267 794 2506 861 Pereat
2552 794 2679 881 igi-

751 892 863 947 tur
908 881 1019 965 qui
1061 881 1228 964 perit
1273 891 1341 945 et
1383 881 1492 963 qui
1535 879 1712 946 sordi
1760 903 1835 947 us
1891 889 1990 947 est
2032 880 2241 966 magis
2284 880 2484 946 etiam
2539 901 2678 946 sor-

749 967 999 1044 descat,
1056 975 1206 1031 ruat
1260 963 1548 1032 mundus
1601 973 1669 1031 et
1721 966 1998 1045 fractus,
2057 966 2116 1033 si
2172 966 2265 1032 ita
2321 972 2680 1049 opporteat,

747 1053 1057 1119 illabatur
1116 1050 1288 1117 orbis
1307 1103 1321 1129 ,
1378 1050 1740 1135 impavidos
1783 1063 2025 1117 ‘tamen
2101 1073 2251 1129 nos,
2318 1053 2429 1135 qui
2497 1060 2684 1136 petra

746 1138 1016 1205 Christo
1059 1136 1350 1214 nitimur,
1393 1137 1624 1202 ruinae
1659 1137 1909 1214 ferient,
1953 1138 2063 1221 qui
2107 1136 2380 1203 sublatis
2423 1137 2497 1202 in
2539 1158 2682 1204 coe-

749 1225 889 1290 lum
947 1222 1096 1288 fldei
1152 1221 1358 1289 oculis
1415 1221 1876 1288 adventantem
1934 1222 2003 1287 in
2057 1221 2340 1288 nubibus
2397 1221 2682 1288 hominis

747 1309 962 1376 filium
1028 1305 1285 1373 ardenti
1352 1307 1671 1374 desiderio
1742 1316 2191 1393 exspectamus
2209 1359 2224 1383 .
2293 1318 2682 1374 assertorem

748 1395 1059 1462 nimirum
1115 1402 1180 1459 et
1236 1392 1561 1460 vindicem
1617 1393 1964 1459 electorum
2026 1414 2331 1474 suorum,
2388 1391 2469 1460 de
2523 1414 2680 1477 quo·

747 1503 898 1547 rum
940 1479 1141 1546 oculis
1185 1499 1411 1545 omnes
1452 1479 1778 1563 lacrymas
1836 1479 2165 1564 absterget
2182 1525 2198 1552 ,
2263 1499 2338 1546 ac
2393 1484 2684 1545 torrente

746 1566 1103 1651 voluptatis
1168 1587 1322 1631 suae
1376 1564 1520 1631 illos
1590 1571 1929 1631 aeternum
1985 1564 2239 1648 potabit
2302 1586 2377 1630 ac
2444 1565 2683 1631 beabit.

746 1652 968 1735 Quam
1013 1671 1195 1734 spem
1251 1648 1362 1716 ubi
1417 1651 1591 1715 inter
1646 1670 1988 1735 pressuras
2041 1651 2203 1716 istas
2266 1659 2334 1715 et
2387 1650 2684 1716 turbines

746 1736 979 1804 mundi
1036 1744 1412 1802 constanter
1464 1735 1968 1814 confoverimus,
2029 1735 2250 1802 felices
2306 1733 2683 1820 propediem

744 1845 830 1889 ex
872 1820 1171 1888 omnibus
1215 1821 1403 1887 malis
1444 1830 1871 1906 emergentes,
1919 1819 1998 1886 de
2033 1827 2173 1887 toto
2207 1820 2404 1886 etiam
2441 1819 2683 1887 mundo

745 1917 817 1975 et
868 1907 1160 1991 principe
1218 1907 1425 1991 ipsius
1481 1907 1741 1973 fortiter
1796 1927 1872 1973 ac
1923 1906 2398 1990 pulcherimme
2453 1907 2683 1972 trium-

743 1994 1111 2078 phabimus.
1201 1991 1338 2059 Ora
1381 2011 1499 2077 pro
1543 2014 1648 2058 me
1689 2012 1960 2076 meaque
2003 1989 2212 2072 domo,
2259 1993 2351 2057 mi
2393 1993 2498 2058 vir
2531 1993 2680 2070 Dei,

742 2078 1016 2146 colende
1059 2078 1221 2143 mihi
1266 2099 1523 2161 semper
1556 2086 1626 2143 et
1661 2077 1994 2152 carissime
2033 2076 2257 2157 frater,
2303 2097 2449 2144 cum
2485 2077 2684 2145 eccle-
2718 2120 2729 2147 ι

744 2166 844 2231 sia
900 2173 1041 2243 tua,
1117 2184 1310 2247 quam
1379 2173 1673 2230 servator
1729 2162 2034 2231 Christus
2100 2172 2212 2229 tuo
2272 2161 2684 2230 sanctissimo

745 2249 1114 2316 ministerio
1150 2250 1362 2350 magis
1398 2258 1592 2333 atque
1625 2249 1835 2334 magis
1868 2250 2052 2316 velut
2092 2248 2407 2335 templum
2443 2269 2683 2336 magno

744 2356 867 2402 suo
911 2335 1176 2400 nomine
1219 2333 1493 2420 dignum
1535 2333 1810 2400 feliciter
1851 2332 2266 2413 exaedificet,
2329 2342 2520 2419 teque
2561 2354 2683 2400 no-

742 2421 848 2488 bis
888 2422 1230 2485 florentem
1287 2425 1354 2485 et
1404 2419 1794 2487 incolumem
1850 2440 2043 2503 quam
2099 2420 2470 2487 diutissime
2526 2442 2680 2488 con·

743 2513 984 2574 servet.

917 2589 1400 2657 Commendant
1454 2611 1524 2656 se
1569 2592 1689 2658 tibi
1739 2613 1933 2677 quam
1989 2601 2264 2676 possunt
2306 2600 2684 2659 reverenter

745 2676 1126 2745 carissimus
1183 2696 1217 2741 8
1263 2683 1552 2761 mmysta
1604 2697 1820 2757 meus,
1840 2682 1901 2756 ⁷)
1955 2678 2040 2744 D.
2102 2676 2321 2745 Maior
2419 2686 2683 2745 uaestor

746 2783 898 2830 cum
940 2761 1103 2826 aliis.
1248 2759 1515 2828 alveant
1555 2760 1922 2829 administri
1959 2764 2055 2830 tui
2098 2764 2168 2828 in
2191 2784 2388 2848 opere
2478 2763 2680 2830 omini

744 2867 896 2914 cum
940 2846 1432 2914 iucundissimis
1486 2862 1553 2914 et
1604 2848 1866 2933 optimis
1908 2848 2254 2916 comitibus
2298 2850 2430 2915 tuis
2443 2900 2460 2930 ,
2520 2868 2683 2933 quos

742 2935 873 3001 huc
932 2941 1147 2998 tecum
1203 2931 1585 3001 adduxeras.
1688 2934 1888 3002 Dolet
1946 2936 2304 3001 etiamnum
2368 2942 2436 3001 et
2491 2935 2682 3002 vehe-

739 3028 998 3086 menter
1034 3019 1287 3103 quoties
1347 3028 1633 3087 mentem
1689 3019 1867 3086 subit
1924 3020 2247 3088 adventus
2289 3019 2404 3086 ille
2448 3028 2602 3088 tuus
2623 3024 2679 3099 ⁸)

738 3114 1006 3192 propter
1076 3103 1405 3205 syonodum
1486 3113 1779 3206 nostram
1864 3105 2053 3175 valde
2134 3106 2680 3207 intempestivam,

737 3189 2683 3346 fflnfflfflissouffiffiffliissu'iffffiffliffidffmffiffi

738 3359 1240 3462 commodiorem
1284 3360 1764 3464 felicioremque
1806 3362 2078 3464 yidendi
2118 3364 2218 3430 tui
2261 3371 2456 3447 atque
2496 3363 2569 3430 in
2611 3385 2682 3431 se

737 3445 1255 3634 ffissssffl.
1271 3467 1683 3634 ⁰355aessss
1735 3446 2458 3620 ffqffiflssaifflbti?
2470 3470 2683 3602 {2023}

739 3619 985 3688 saeouh
1045 3618 1240 3685 rebus
1302 3628 1677 3705 contingere
1744 3629 1977 3704 posset.
2080 3622 2265 3689 Bene
2332 3620 2513 3701 vale,
2586 3620 2677 3687 mi

739 3708 994 3784 anime,
1053 3726 1130 3771 ac
1175 3703 1442 3771 Ohristo
1499 3726 1604 3771 me
1646 3705 2077 3791 flagrantibus
2119 3705 2247 3773 fide
2288 3706 2681 3791 precationi-

741 3792 864 3858 bus
929 3791 1060 3857 tuis
1136 3799 1518 3857 constanter
1580 3789 2203 3877 diligentissimeque
2274 3792 2677 3859 commenda.

742 3875 960 3943 Bielae
1004 3879 1116 3961 xvj
1161 3875 1454 3943 Ianuarii
1506 3879 1685 3943 1553.

914 3960 1478 4030 Commentarium
1523 3971 1706 4029 tuum
1763 3963 1832 4028 in
1873 3962 2195 4030 Ioannem
2211 3966 2264 4048 ⁹)
2325 3964 2677 4049 impatien-

740 4048 997 4115 tissimo
1039 4067 1261 4114 morae
1318 4047 1639 4115 desiderio
1692 4056 1995 4134 exspecto
2012 4101 2029 4129 ,
2090 4070 2219 4136 quo
2261 4050 2411 4116 nolo
2457 4062 2680 4116 tamen

735 4143 818 4200 ut
859 4133 969 4201 hic
1012 4133 1231 4211 frater,
1276 4132 1384 4217 qui
1428 4133 1627 4218 pedes
1667 4134 1814 4202 istic
1858 4135 2305 4219 proficiscitur,
2348 4144 2675 4202 oneretur.

738 4217 1045 4286 Aderant
1082 4218 1233 4286 istic
1275 4240 1395 4304 pro
1529 4220 1655 4286 'em
1698 4220 2008 4289 cardones
2049 4221 2161 4306 qui
2348 4226 2678 4287 nostrates

647 4347 655 4360 -
736 4305 893 4372 boni
941 4304 1084 4381 viri,
1126 4304 1360 4388 quibus
1402 4303 1472 4370 id
1515 4304 1681 4373 dabo
1722 4307 1987 4393 negotii,
2030 4307 2145 4391 qui
2186 4305 2473 4390 pretium
2516 4327 2678 4392 quo·

736 4410 865 4476 que
937 4388 1251 4456 adferent.
1361 4389 1500 4456 Fac
1555 4390 1832 4459 habeam
1849 4443 1866 4472 ,
1937 4390 2201 4461 obsecro
2219 4443 2237 4471 ‚
2310 4391 2681 4479 catalogum

736 4475 1038 4543 omnium
1079 4477 1472 4561 scriptorum
1531 4482 1789 4544 tuorum
1891 4500 2014 4545 uae
2068 4479 2244 4565 typis
2297 4476 2681 4546 excudenda

738 4562 934 4629 annis
1002 4563 1132 4627 iam
1190 4562 1415 4629 multis
1483 4564 1750 4631 curasti.
1922 4564 2181 4631 ominus
2238 4585 2406 4649 quae
2476 4564 2553 4629 in
2613 4572 2680 4630 te

736 4646 1017 4714 eontulit
1056 4667 1174 4732 egr
1261 4648 1276 4664 ⁸
1329 4656 1432 4749 ‘et
1470 4647 1997 4733 splendidissima
2050 4648 2254 4728 dona,
2303 4668 2470 4734 quae
2512 4649 2678 4715 mihi

737 4744 809 4801 ct
849 4753 1129 4819 magnae
1425 4734 1593 4801 tioni
1634 4742 1701 4800 et
1826 4743 2054 4820 rpetuo
2071 4741 2078 4746 '
2096 4735 2243 4803 usui
2287 4744 2445 4802 sunt
2460 4787 2478 4816 ,
2522 4756 2680 4804 con-

737 4826 964 4887 servet
1004 4818 1199 4886 simul
1245 4829 1312 4886 et
1354 4827 1613 4906 augeat.
1766 4820 1973 4889 ullum
2018 4820 2209 4888 hodie
2251 4843 2334 4887 ex
2377 4822 2683 4889 omnibus

736 4905 1061 4991 theologis
1105 4906 1259 4972 novi
1314 4906 1426 4989 qui
1482 4906 1552 4972 in
1609 4906 1890 4993 simplici
1944 4906 2354 4992 dilucidaque
2396 4908 2679 4992 scriptu-

743 5101 830 5108 ψ.-

948 5213 1009 5281 7)
1047 5215 1172 5271 Jac.
1211 5214 1448 5270 Funus.

951 5282 1011 5349 8)
1046 5300 1117 5337 m.
1156 5284 1372 5340 Martio
1413 5280 1559 5339 1562.

955 5350 1013 5416 9)
1055 5352 1130 5407 Ν.
1171 5351 1319 5406 1676.
1356 5357 1470 5408 not.
1506 5351 1558 5407 7.

2238 436 2759 506 EPISTULAE
2809 439 3222 501 1695-1697

4567 437 4674 502 460

2785 645 3008 690 rarum
3050 623 3463 689 enarratione
3523 631 3741 691 tecum
3799 622 3963 688 mihi
4019 620 4440 690 conferendus
4481 620 4676 689 videa-

2783 711 2923 788 t‘ur,
2986 716 3063 776 ut
3104 709 3270 775 nihil
3312 709 3522 794 magis
3584 710 3653 776 in
3699 710 3866 776 votis
3910 708 3998 774 sit
4039 728 4235 792 quam
4276 714 4353 773 ut
4391 707 4681 790 tantisper

2783 795 3198 880 superstitem
3260 803 3322 860 te
3380 793 3620 861 habeat
3662 794 3912 861 Christi
3967 814 4234 878 sponsa,
4294 792 4445 858 dum
4483 813 4680 859 omnes

2784 901 3118 949 sacrarum
3171 878 3508 945 literarum
3578 879 3830 947 codices
3847 931 3862 959 ,
3935 877 4397 946 eruditissimis
4451 879 4573 944 tuis
4618 897 4683 945 ac

2784 967 3142 1053 genuinum
3186 964 3393 1031 divini
3437 965 3706 1049 spiritus
3749 986 4011 1032 sensum
4048 962 4500 1049 resipientibus
4530 983 4683 1029 com-

2784 1052 3127 1119 mentariis
3168 1050 3476 1117 illustres.

2954 1135 3134 1220 Quid
3174 1136 3362 1202 fratri
3404 1134 3560 1203 huic
3593 1142 3814 1202 nostro
3849 1134 4124 1202 Iohanni
4163 1134 4409 1220 negotii
4447 1131 4585 1200 istic
4614 1132 4690 1199 sit

2786 1222 2980 1307 plane
3027 1223 3040 1237 “
3139 1243 3268 1289 oro.
3347 1220 3554 1288 Venit
3599 1234 3818 1287 autem
3860 1223 3930 1287 in
3963 1220 4397 1305 suspicionem
4435 1217 4692 1285 nonnul-

2787 1309 2867 1375 lis
2911 1329 2998 1392 qu
3127 1308 3523 1375 vocationem
3568 1329 3753 1373 suam
3797 1327 3995 1391 quam
4029 1306 4101 1370 in
4135 1325 4294 1390 agro
4329 1311 4550 1372 nostro
4592 1303 4692 1369 ha-

2787 1396 2896 1462 bet
2939 1392 3237 1460 deserere
3276 1400 3343 1459 et
3384 1392 3583 1459 alium
3605 1396 3691 1476 ¹⁰)
3733 1391 3906 1476 apud
3939 1413 4060 1459 vos
4094 1391 4403 1458 ecclesiae
4434 1389 4694 1455 ministe-

2785 1480 2957 1545 rium
3001 1499 3310 1563 quaerere
3351 1476 3715 1544 meditetur.
3802 1477 3877 1546 Id
3943 1478 4001 1543 si
4040 1478 4110 1542 in
4152 1497 4230 1543 eo
4276 1472 4694 1559 deprehende-

2785 1567 2896 1646 ris,
2942 1564 3205 1631 obsecro
3249 1586 3331 1631 ne
3375 1585 3480 1646 me
3522 1563 3710 1642 celes,
3755 1562 3870 1629 sed
3910 1562 4016 1629 vel
4053 1583 4183 1628 uno
4228 1561 4425 1628 verbo
4469 1559 4694 1647 signifi·

2785 1671 2893 1718 ces
2934 1650 3279 1734 literaeque
3322 1656 3470 1717 tuas
3527 1647 3873 1734 diligenter
3928 1655 4354 1731 accurateque
4399 1646 4531 1712 obs‘
4618 1665 4693 1710 es.

2787 1735 2932 1822 Ego
2999 1735 3168 1803 bono
3224 1755 3347 1801 nec
3408 1733 3666 1802 indocto
3721 1733 3972 1800 homini
4026 1734 4292 1800 omnino
4350 1754 4427 1800 co
4571 1740 4695 1796 tum

2786 1821 2975 1905 cupio
3019 1828 3089 1889 et
3131 1842 3365 1888 causae
3407 1841 3542 1887 non
3585 1819 3765 1886 leves
3800 1827 3959 1886 sunt
3989 1841 4123 1899 cur,
4167 1817 4321 1903 quid
4361 1817 4511 1884 istic
4550 1815 4695 1882 fece-

2785 1908 2895 1986 rit,
2937 1928 3262 1992 prorsum‚
3306 1908 3363 1974 si
3403 1906 3613 1983 liceat,
3659 1906 3826 1973 scire
3872 1904 4083 1971 velim.
4172 1905 4274 1971 Tu
4318 1903 4494 1987 apud
4531 1901 4697 1967 illum

2828 1992 3139 2078 uidquam
3180 2013 3287 2059 me
3329 1990 3412 2058 ad
3469 2001 3534 2058 te
3592 1991 3788 2059 huius
3844 2012 4043 2058 causa
4085 1990 4424 2073 scripsisse
4466 1987 4702 2054 fortiter

2785 2014 3142 2146 dissimula.
3212 2074 3610 2145 Commendo
3647 2086 3865 2144 autem
3908 2098 4058 2144 eum
4099 2075 4218 2142 tibi
4262 2075 4319 2141 si
4364 2093 4495 2160 qua
4533 2073 4600 2138 in
4641 2091 4701 2136 re

2785 2163 3193 2232 commodare
3236 2164 3360 2232 sibi
3384 2166 3466 2244 ιι)
3507 2163 3739 2247 possis.

3278 2339 3305 2380 ,
4050 2298 4123 2364 rr.
4173 2297 4401 2364 Ambr.
4447 2296 4550 2364 Bl.

3926 2487 3959 2526 Ο

3656 2933 3850 3007 1⁶⁰⁶.

3040 3106 3163 3173 LE
3210 3088 3512 3174 simam
3555 3106 3684 3174 DE
3727 3108 4042 3208 1313an
4088 3110 4150 3175 A
4195 3107 4479 3179 centn

3468 3210 3596 3275 nn
3639 3209 4042 3277 caneva.

2963 3379 3495 3449 Οοηοηκηιίοαέὸοπ
3547 3382 3702 3448 d’un
3763 3382 3968 3448 αννᾶἑ
4007 3401 4145 3464 par
4193 3382 4398 3465 lequel
4451 3382 4518 3449 la
4569 3398 4710 3447 eon·-

2783 3464 3793 3552 mmevoioedeodzmy
3867 3467 4711 3549 est‘abpareedezaoen-

2784 3571 2972 3619 mne
3012 3550 3317 3620 Bormiae
3357 3555 3433 3620 de
3477 3552 3701 3632 omns,
3757 3553 4210 3636 mpretem
4248 3554 4327 3619 do
4366 3552 4711 3636 diffm

2782 3639 2948 3706 dans
2985 3636 3054 3703 za
3094 3637 3363 3723 limfis.

2786 3827 3083 3894 (Archives
3126 3828 3196 3882 de
3233 3829 3429 3884 Berne.
3519 3827 3734 3884 Welsch
3781 3828 4232 3884 ninniven-Buca.
4270 3829 4330 3885 Ο.
4380 3828 4477 3884 fol.
4510 3823 4611 3881 39⁷
4643 3826 4712 3889 v.)

2955 3997 3198 4065 Nobles
3240 4007 3360 4065 etc.
3447 4001 3629 4067 Pour
3670 4001 3738 4067 la
3790 3998 4142 4067 difference
4182 4007 4251 4065 et
4291 3998 4383 4066 du
4432 3999 4606 4065 licite
4643 3995 4715 4061 de

2781 4084 2850 4151 la
2891 4083 3163 4170 religion
3200 4093 3389 4168 quest
3421 4098 3608 4153 entre
3643 4108 3804 4153 vous
3838 4095 3908 4152 et
3939 4106 4121 4164 nous,
4157 4085 4377 4169 laquel
4407 4106 4448 4151 e
4482 4101 4714 4153 commo

2781 4172 2933 4238 bien
2991 4191 3220 4236 scavez
3279 4193 3364 4237 ne
3421 4181 3608 4237 tenes
3674 4172 4002 4237 conforme
4056 4189 4100 4235 a
4148 4170 4216 4238 la
4272 4180 4527 4249 nostre,
4582 4170 4712 4235 ains

2781 4278 2938 4323 aves
2981 4277 3066 4320 eu
3121 4256 3446 4339 plusieurs
3487 4258 3741 4340 poincts
3765 4261 3817 4333 1)
3875 4256 4191 4342 changes,
4251 4257 4576 4324 touchant
4613 4274 4714 4320 au·

2780 4362 2983 4409 cunes
3026 4340 3442 4408 Geremonies
3486 4361 3735 4408 comme
3775 4343 3873 4408 les
3907 4344 4093 4427 jours
4136 4340 4217 4408 de
4259 4340 4510 4420 faistes,
4528 4344 4585 4418 ²)
4623 4339 4708 4404 les

2782 4428 3026 4495 saincte
3082 4447 3452 4493 sacremens
3511 4425 3591 4493 de
3647 4426 3714 4493 la
3768 4448 3928 4495 cene
3947 4427 4004 4511 ⁸)
4059 4435 4128 4495 et
4167 4428 4511 4512 baptesme
4531 4425 4586 4514 ⁴)
4642 4423 4711 4490 de

2783 4521 3009 4581 nostre
3073 4510 3400 4599 Seigneur
3454 4513 3642 4581 Iesus
3697 4513 3924 4581 Christ
3940 4562 3958 4592 ‚
4025 4523 4092 4579 et
4148 4512 4213 4579 la
4276 4515 4579 4581 maniere
4640 4509 4711 4576 de

2998 4688 3187 4696 -·-—-—·—--—

2956 4802 3177 4867 londo.
3298 4841 3307 4850 .

2783 4871 3383 5081 taeissmffw
3410 4941 3712 5069 ‘m‘
3689 4941 4715 5081 Wffl'wmoe
4433 4942 4536 5013 ³⁸⁶
4576 4958 4613 4996 ²
4642 4939 4713 4996 ἃ

4130 5052 4150 5081 ³

2784 5079 3041 5138 aem·
3085 5147 3835 5208 amazonum
3878 5148 4103 5218 quales
4147 5148 4498 5214 diu-mochum
4542 5149 4715 5206 Bm

2787 5218 2949 5276 ausi
3042 5218 3125 5275 03
3177 5218 3766 5289 lajouraormaee.

2991 5258 3407 5354 mdes-eoem
3581 5285 4713 5357 ·1apoecn‚3muamfflu‹om›.

2990 5357 3364 5424 4)ABeme
3474 5354 4714 5427 ministreprcnae'tl’mffuntdmumbroe.
