4900 6167
697 368 821 432 575

1571 545 1764 619 1762.

1043 699 1600 797 TRAVERSUS
1644 697 2281 767 BULLmeERo.

864 878 1260 946 Diatummz
1299 875 1622 941 silentium
1657 877 1910 937 excusat
1942 876 1997 936 et
2037 873 2161 953 quo'
2187 875 2373 953 paeto
2398 867 2652 937 Caluini

689 966 849 1032 libro
890 965 966 1030 de
1007 959 1556 1044 superstitionibus
1595 959 1875 1024 vitandis
1897 960 2221 1039 permotus
2255 957 2490 1022 missae
2523 976 2649 1022 om-

690 1053 839 1118 nino
876 1048 1245 1116 valedixerit
1283 1048 1550 1129 exponit.

689 1221 804 1288 (Ex
840 1218 1177 1288 autographo
1197 1217 1362 1275 Arch.
1401 1217 1578 1272 Turic.
1614 1216 1757 1270 Plnt.
1777 1215 1874 1269 VI.
1913 1214 2038 1268 Vol.
2064 1213 2185 1281 161,
2222 1212 2358 1267 olim'
2389 1213 2563 1268 Scrin.
2587 1213 2647 1267 B.

1441 1285 1565 1339 Vol.
1599 1284 1682 1350 36,
1718 1285 1810 1338 sol.
1848 1283 1995 1349 519.)

689 1462 775 1527 D.
834 1460 1128 1525 Henrico
1199 1456 1591 1541 Bullingero
1664 1455 1840 1542 apud
1897 1456 2250 1540 Tigurinos
2305 1451 2649 1519 Christum

690 1547 1102 1613 concionanti
1158 1546 1327 1609 viro
1354 1542 1541 1609 docto
1596 1550 1663 1606 et
1714 1544 1821 1626 pio
1878 1543 2084 1607 amico
2138 1561 2284 1605 meo
2341 1549 2408 1604 et
2462 1539 2651 1604 fratri

1224 1649 1374 1694 cum
1416 1629 1649 1714 primis
1693 1628 2114 1694 amatissimo.

862 1787 947 1852 D.
997 1784 1286 1850 Henrico
1329 1784 1716 1884 Rullingero
1772 1782 2116 1882 Christum
2169 1779 2344 1864 apud
2387 1779 2650 1864 Tiguri-

688 1894 812 2025 18133
834 1870 1261 2035 ιξτῇθέἱέἓῗιῑιιέι
1312 1868 1714 2022 {mndoew
1763 1880 1831 1934 et
1894 1888 2000 1951 pio
2044 1867 2327 1933 Ioannes
2371 1866 2650 1931 Traver-

864 2093 1220 2161 Saeculum
1279 2093 1614 2159 effluxisse
1656 2091 1921 2157 videtur
1934 2141 1954 2171 ,
2008 2089 2379 2174 Bullinyere
2422 2088 2650 2155 corda-

689 2182 965 2260 tissime,
1007 2179 1176 2263 quod
1233 2179 1481 2245 mutuis
1523 2176 1735 2244 literis
1778 2197 1910 2242 non
1955 2176 2262 2242 lusimus:
2321 2176 2445 2240 hoc
2488 2174 2650 2241 obli-

688 2268 911 2334 vionis
1002 2266 1344 2332 intrinseci
1436 2264 1678 2330 amoris
1773 2270 2124 2348 praetextu
2212 2261 2651 2345 interceptum

688 2352 871 2420 haud
925 2350 1166 2417 dubito.
1254 2350 1358 2416 Tu
1425 2348 1724 2433 equidem
1791 2350 1923 2414 tuis
1988 2347 2195 2414 literis
2261 2346 2344 2412 ad
2408 2346 2650 2413 fratres

689 2439 1050 2507 Curienses
1093 2437 1384 2502 exaratis
1427 2436 1633 2501 ferme
1677 2435 1979 2502 omnibus
2029 2434 2327 2499 Traversi
2370 2434 2469 2499 tui
2511 2453 2648 2498 me-

688 2526 970 2592 moriam
1024 2542 1447 2589 conservasse
1519 2520 1854 2587 confessus
1910 2541 1998 2586 es.
2105 2520 2248 2603 Ego
2309 2540 2466 2585 vero
2532 2540 2649 2602 per

689 2608 1096 2677 immortales
1160 2608 1316 2674 deos
1381 2615 1446 2673 te
1511 2606 1591 2671 ab
1656 2607 1871 2673 cordis
1935 2605 2265 2691 ergastulo
2321 2625 2649 2687 nusquam

691 2696 898 2771 emisi,
942 2695 1099 2761 licet
1139 2694 1379 2759 inertia
1414 2700 1527 2758 aut
1564 2692 1697 2763 loci
1733 2693 2046 2760 distantia
2078 2697 2478 2775 praeventus
2512 2710 2649 2757 non

690 2781 985 2849 acuerim
1041 2778 1386 2847 calamum.
1491 2777 1568 2844 Si
1624 2777 1978 2845 obmissum
2033 2786 2133 2843 est
2175 2798 2293 2861 per
2336 2777 2649 2861 temporis

690 2867 979 2952 spatium
1038 2863 1406 2932 rescindam
1470 2864 1879 2948 frequentius
1936 2863 2298 2932 scribendo.
2389 2863 2490 2927 'ru
2544 2863 2648 2927 in-

688 2954 920 3030 terim,
981 2952 1313 3018 carissime
1356 2951 1586 3029 frater,
1643 2948 1976 3017 silentium
2032 2970 2255 3015 meum
2299 2948 2451 3013 boni
2494 2969 2646 3013 con-

689 3040 850 3107 sule.
944 3036 1359 3120 Opusculnm
1401 3035 1670 3103 Ioannis
1717 3035 1965 3103 Calvini
2025 3034 2105 3101 de
2162 3034 2646 3118 superstitioni-

686 3126 813 3192 bus
855 3123 1023 3189 mihi
1066 3133 1177 3188 tuo
1216 3123 1479 3188 nomine
1517 3121 1808 3188 oblatum
1851 3122 2054 3189 habui
2098 3129 2166 3185 et
2207 3140 2357 3186 cum
2399 3118 2645 3187 deside-

687 3213 787 3277 rio
831 3208 964 3295 legi
998 3230 1119 3277 nec
1162 3210 1304 3274 sine
1346 3216 1696 3293 proventu.
1764 3206 2041 3273 Delatus
2082 3207 2183 3272 fui
2217 3205 2390 3288 apud
2427 3214 2494 3272 te
2530 3227 2648 3288 per

685 3297 944 3381 aliquos
986 3294 1243 3373 fratres,
1287 3293 1457 3361 bono
1499 3294 1635 3359 zelo
1679 3293 1897 3360 adhuc
1931 3291 2183 3361 versari
2216 3292 2288 3355 in
2323 3291 2645 3375 aliquibus

685 3379 1282 3465 superstitionibus.
1387 3379 1682 3447 Maxime
1735 3400 1812 3444 eo
1867 3378 2040 3463 quod
2104 3378 2274 3443 facta
2337 3377 2644 3443 concione

683 3470 759 3534 in
804 3466 1050 3551 templo
1092 3464 1395 3532 morabar
1457 3464 1616 3530 dum
1672 3465 1991 3549 papistica
2034 3464 2234 3529 missa
2275 3463 2640 3530 finiebatur.

684 3553 956 3618 Veritas
1012 3551 1132 3617 tibi
1192 3550 1318 3617 fuit
1375 3559 1617 3634 aperta.
1707 3551 1986 3616 Missam
2040 3549 2221 3614 illam
2286 3549 2438 3615 licet
2491 3571 2644 3617 cum

685 3638 994 3705 omnibus
1012 3637 1443 3706 caeremoniis
1486 3635 1619 3701 iam
1659 3634 1909 3702 dudum
1950 3637 2438 3721 abrogaveram‚
2486 3636 2643 3702 effe-

685 3725 778 3791 cit
830 3724 955 3790 hoc
1010 3723 1303 3807 opusculi
1366 3721 1547 3788 illius
1602 3722 1792 3788 lectio
1856 3730 1924 3788 et
1985 3722 2270 3788 fratrum
2325 3722 2639 3789 correctio

685 3808 863 3896 apud
906 3829 1013 3875 me
1057 3809 1232 3893 quod
1274 3816 1430 3874 ante
1465 3829 1715 3874 annum
1756 3829 1964 3873 unum
1997 3808 2189 3874 omisi
2232 3808 2494 3892 penitus
2536 3809 2640 3872 in-

681 3904 934 3962 teresse
976 3894 1212 3961 abusui
1245 3894 1504 3970 missae,
1548 3901 1617 3960 et
1650 3896 1744 3960 sic
1784 3914 2207 3978 perseverare
2248 3914 2521 3978 pergam
2555 3930 2640 3940 --

681 4065 872 4143 Vale,
916 4068 1011 4132 mi
1055 4066 1444 4150 Bullinyere,
1489 4074 1557 4132 et
1594 4066 1978 4133 Traversum
2021 4067 2093 4130 in
2135 4065 2282 4131 albo
2326 4072 2440 4131 tuo
2485 4086 2635 4132 oon-

681 4174 909 4221 serves
951 4173 1085 4220 oro.
1149 4151 1415 4220 ‘Curiae
1466 4155 1561 4217 12.
1606 4151 1847 4218 Kalen.
1896 4152 2173 4237 Augusti
2224 4156 2404 4216 1553.

680 4441 863 4497 1762.
902 4441 1119 4509 nolim
1161 4442 1404 4512 episcopi
1450 4440 1734 4497 Ouriensis
1789 4440 2176 4509 cancellarius,
2228 4441 2405 4497 aoeies
2457 4447 2507 4496 et
2556 4447 2637 4498 ter

677 4512 996 4595 praefectus
1041 4511 1498 4594 (pandamus).
1520 4510 1860 4592 Eugadiuae
1915 4511 2241 4592 caverim-is,
2294 4509 2536 4577 foederis
2599 4527 2638 4566 a

681 4579 846 4662 dono
880 4578 992 4635 Det
1026 4581 1161 4637 diet·
1210 4581 1327 4635 dua>
1377 4582 1665 4648 mattam,
1712 4585 2163 4649 septuaqenanus
2205 4586 2515 4651 macetum
2547 4594 2638 4635 as-

681 4649 864 4704 condat
896 4655 960 4706 ut
973 4649 1309 4720 evangelium
1337 4649 1700 4720 praedicaret,
1734 4653 1878 4704 totus
1894 4647 2289 4703 adamantium
2315 4650 2379 4704 in
2405 4648 2642 4704 Domini

679 4718 916 4844 gotio,
952 4719 1275 4845 infidam
1320 4719 1398 4775 ad
1430 4718 1587 4802 Bull'
1659 4733 1812 4774 mm
1856 4718 2082 4787 scripsit
2120 4732 2190 4772 m.
2228 4717 2442 4774 Martio
2477 4716 2637 4773 1554.

680 4787 702 4856 (
827 4786 1006 4844 Porta
1120 4787 1584 4858 237etpassuu3
1688 4784 2328 4858 mammantes)

1458 5082 1867 5092 ——-——-——-—

2208 353 2736 424 EPISTOLAE
2786 359 3209 422 1762—1764

4560 363 4665 424 576

3637 543 3825 614 1768.

3272 696 3626 766 GADms
3649 700 3702 785 1)
3747 698 4184 767 GALvmo

2925 870 3035 936 Ex
3074 870 3275 936 Italia
3327 872 3529 936 redux
3584 875 3759 954 royat
3813 876 3887 936 ut
3925 871 4238 939 Ducissae
4299 870 4678 939 Ferrariensi

2750 957 2961 1039 fidelis
3019 957 3255 1040 aliquis
3310 956 3596 1022 minister
3660 957 3943 1025 mittatur
3997 977 4115 1039 quo
4179 978 4373 1040 quam
4432 960 4678 1025 mmm

2755 1065 2913 1128 opus
2967 1042 3157 1110 habet.
3253 1041 3334 1107 Se
3392 1043 3606 1123 ipsum
3649 1044 3717 1108 in
3764 1040 4040 1109 Rhaetia
4093 1063 4324 1111 munus
4381 1043 4680 1111 aditurum

2753 1129 3086 1215 siqnifieat.
3157 1128 3316 1194 Itali
3347 1128 3653 1209 permulti
3689 1127 3928 1196 Servati
3950 1129 4195 1212 placita
4235 1129 4678 1213 amplectuntur,

2754 1222 2963 1282 contra
3005 1235 3189 1298 quem
3228 1219 3301 1280 ut
3338 1215 3571 1281 scribat
3609 1235 3750 1281 eum
3788 1214 4086 1282 hortatur.

3064 1387 3169 1451 (Ex
3204 1385 3542 1456 autographo
3579 1386 3707 1441 Cod.
3745 1386 3983 1441 Gothani
4016 1384 4137 1451 405,
4172 1387 4262 1442 fol.
4298 1383 4408 1453 59.)

2927 1558 3305 1625 Clarissimo
3350 1558 3492 1623 viro
3514 1558 3802 1629 Domino
3825 1557 4060 1623 Ioanni
4084 1558 4361 1625 Calvino
4405 1559 4686 1625 ecclesiae

2756 1645 3172 1712 Genevensis
3216 1645 3520 1709 ministro
3565 1644 3944 1711 fidelissimo
4206 1730 4272 1797 G

4274 1751 4532 1797 enevae.

2929 1867 3113 1933 Duos
3153 1887 3275 1951 ego
3320 1865 3478 1945 dies,
3537 1866 3907 1934 doctissime
3965 1868 4060 1932 mi
4109 1867 4688 1951 humanissimeque

2760 1953 3032 2031 Calvine,
3079 1952 3175 2017 fui
3213 1953 3589 2031 Ferrariae,
3643 1953 4056 2036 multumque
4099 1973 4175 2019 ac
4219 1953 4332 2019 diu
4378 1976 4525 2020 cum
4563 1956 4690 2038 ipsa

2757 2048 2825 2105 et
2859 2040 3278 2105 serenissima
3311 2047 3377 2103 et
3408 2038 3852 2104 illustrissima
3874 2038 4154 2106 Ducissa
4187 2039 4495 2123 loquutus
4528 2061 4687 2105 sum:

2756 2147 2954 2209 quam
2997 2146 3117 2209 ego
3162 2122 3566 2190 deditissimo
3601 2125 3974 2208 optimoque
4017 2127 4088 2188 in
4112 2124 4454 2191 Christum
4491 2127 4689 2191 animo

2756 2220 2990 2278 nactus
3033 2233 3196 2277 sum.
3288 2210 3542 2275 Verum
3588 2209 3828 2293 duplici
3893 2212 4159 2276 nomine
4215 2212 4296 2277 ab
4337 2212 4462 2277 hoc
4520 2232 4691 2277 sanc-

2754 2298 3010 2363 tissimo
3054 2304 3365 2362 avocatur
3409 2295 3759 2362 desiderio:
3827 2297 4071 2362 etenim
4128 2298 4200 2362 in
4244 2297 4558 2381 quosdam
4601 2298 4689 2361 in-

2754 2383 2914 2450 cidit
2968 2383 3441 2467 gubernatores
3495 2384 3814 2465 pessimos
3833 2435 3849 2462 ,
3909 2403 4072 2466 quos
4131 2383 4324 2448 domo
4382 2382 4689 2466 expellere

2753 2468 3150 2553 impossibile
3191 2477 3322 2534 est:
3369 2476 3437 2534 et
3478 2467 3659 2533 fideli
3698 2469 3969 2551 insuper
4013 2469 4198 2534 verbi
4233 2467 4364 2535 Dei
4408 2469 4689 2534 ministro

2752 2568 2934 2621 caret
2975 2554 3088 2638 qui
3133 2576 3280 2619 eam
3320 2553 3698 2638 propediem
3742 2554 4041 2619 hortetur
4083 2576 4167 2620 ne
4211 2563 4448 2621 natum
4486 2576 4691 2620 semen

2754 2641 3061 2723 vepribus
3107 2650 3305 2722 atque
3349 2639 3511 2705 adeo
3556 2641 3765 2722 spinis
3811 2640 3998 2705 obrui
4053 2642 4410 2724 permittat.
4498 2641 4690 2707 Unico

2752 2735 3017 2792 tantum
3058 2726 3634 2811 infelicissimoque
3678 2726 4000 2792 monacho
4015 2727 4071 2804 2)
4132 2726 4345 2792 utitur
4405 2727 4517 2811 qui
4574 2747 4692 2791 non

2754 2833 2921 2897 quae
2965 2812 3120 2878 Iesu
3167 2811 3414 2878 Christi
3472 2821 3627 2878 sunt
3680 2813 3965 2896 quaerit,
4033 2812 4148 2878 sed
4214 2834 4381 2895 quae
4448 2813 4691 2896 propria

2754 2910 2926 2963 sunt.
3017 2896 3194 2964 Sane
3239 2897 3501 2981 quidem
3546 2899 3863 2980 optimum
3909 2919 4050 2964 esse
4093 2900 4690 2981 sanctissimumque

2753 2983 3112 3061 iudicarim,
3160 2985 3214 3049 si
3260 3004 3486 3048 eorum
3532 2983 3812 3067 aliquem
3858 2985 3968 3067 qui
4012 2982 4184 3066 apud
4228 2994 4295 3049 te
4341 2982 4692 3050 fidelissimi
4817 2992 4818 3043 i

2754 3080 2911 3136 sunt
2967 3071 3248 3135 ministri
3308 3070 3391 3133 ad
3448 3091 3594 3135 eam
3646 3069 3893 3153 aliquot
3951 3069 4188 3136 saltem
4240 3068 4476 3136 diebus
4532 3068 4688 3134 dele-
4817 3110 4818 3113 =

2750 3177 2960 3241 garos.
3021 3155 3194 3221 Nam
3239 3155 3361 3220 hac
3397 3154 3477 3221 de
3520 3176 3591 3219 re
3634 3176 3740 3219 me
3782 3155 3924 3240 ipsa
3968 3155 4228 3240 rogavit
4249 3159 4301 3233 8)
4348 3155 4691 3240 plurimum

2750 3243 3063 3324 illumque
3107 3241 3190 3306 ad
3234 3261 3306 3306 se
3361 3241 3641 3324 propriis
3700 3241 4072 3325 sumptibus
4117 3241 4398 3308 Genera
4444 3250 4690 3307 vocatu-

2750 3349 2893 3393 ram
2937 3338 3131 3410 atque
3184 3328 3275 3392 ibi
3328 3328 3527 3392 etiam
3585 3348 3786 3410 quum
3846 3347 4011 3411 opus
4063 3327 4264 3393 fuerit
4319 3348 4362 3392 a
4417 3350 4488 3395 se
4530 3348 4690 3395 com·

2747 3413 2941 3479 mode
3008 3411 3439 3479 demissuram
3497 3412 3865 3497 pollicetur:
3926 3411 4099 3495 quod
4153 3422 4218 3479 et
4272 3413 4492 3499 (scio)-
4524 3433 4690 3496 prae-

2749 3500 2951 3565 stabit
3007 3499 3433 3565 sanctissime.
3534 3498 3615 3564 Id
3675 3500 3729 3563 si
3796 3498 4028 3564 feceris
4086 3500 4212 3564 erit
4274 3499 4447 3565 mihi
4512 3508 4690 3581 atque

2750 3585 2912 3652 adeo
2971 3585 3095 3670 ipsi
3158 3585 3302 3651 Deo
3357 3604 3553 3669 quam
3611 3584 4077 3667 gratissimum.
4168 3584 4364 3666 Quod
4423 3587 4479 3650 si
4520 3585 4690 3651 illum

2748 3672 2833 3738 ad
2875 3693 3022 3739 eam
3066 3669 3297 3746 mittis,
3342 3671 3444 3735 fac
3498 3678 3575 3735 ut
3620 3669 3914 3736 Clavena
3931 3673 3988 3747 4)
4042 3673 4176 3736 iter
4223 3671 4500 3737 habeat:
4551 3690 4689 3735 nam

2748 3780 2900 3824 eum
2944 3757 3025 3823 de
3095 3755 3397 3823 omnibus
3465 3777 3632 3839 quae
3692 3778 3729 3821 o
3775 3778 3853 3821 us
3924 3765 4122 3822 erunt
4187 3757 4689 3823 commoneface-

2745 3864 2906 3909 rem.
2995 3843 3265 3908 Etenim
3322 3843 3542 3907 omnia
3597 3862 3681 3926 pe
3746 3852 3885 3908 ecte
3941 3843 4098 3909 novi
4140 3863 4304 3926 quae
4345 3843 4487 3909 sint
4526 3841 4688 3907 illius

2745 3930 2917 3995 domi
2963 3929 3346 3995 necessaria.
3412 3928 3691 3993 Interim
3735 3949 3894 3994 vero
3936 3927 4021 3993 ad
4054 3950 4201 3994 eam
4244 3930 4509 4013 saepius
4541 3927 4687 3994 scri-

2743 4015 2859 4083 bas
2885 4017 2937 4097 ⁵)
2984 4014 3279 4093 obsecr0‚
3336 4035 3493 4080 nam
3548 4023 3699 4080 tuae
3763 4013 3847 4079 ad
3903 4012 4089 4080 illam
4142 4015 4374 4081 literae
4417 4022 4687 4101 praeter-

2742 4255 2921 4310 1768.
2946 4255 3004 4320 1)
3048 4254 3259 4310 Paulus
3298 4252 3491 4309 Gadda·
3525 4252 3924 4319 Cremonensis,
3973 4253 4059 4307 vir
4106 4254 4295 4308 doctus
4332 4259 4394 4308 et
4429 4255 4550 4325 pius
4581 4258 4686 4307 tum

2743 4325 2895 4391 (init.
2933 4322 3095 4391 1553)
3134 4323 3386 4378 Genevae
3431 4322 3634 4391 degens
3648 4365 3663 4391 ‚
3818 4322 4062 4376 tniodum
4108 4323 4396 4377 Telliensis
4443 4322 4685 4378 eccleciae

2746 4392 2978 4462 (Teque,
3011 4407 3184 4461 prope
3227 4391 3521 4471 Tio-auum.)
3555 4392 3614 4445 in
3648 4408 3720 4445 va
3761 4408 3792 4445 e
3828 4408 3990 4462 quam
4038 4392 4194 4446 latini
4228 4392 4529 4461 scriptores
4564 4391 4687 4471 *⁷⁰¹3

2742 4468 3039 4526 tui-renam,
3076 4462 3240 4531 vulgo
3275 4460 3631 4514 Valtelhnam
3668 4473 3881 4524 vocant,
3919 4466 4108 4530 pastor
4142 4461 4386 4516 effectus.
4463 4459 4686 4529 (Zandu

2743 4547 2826 4600 ep.
2866 4531 2943 4586 ad
2975 4530 3296 4599 Philippum
3332 4528 3773 4611 Laudat-avium,
3807 4530 3869 4585 in
3902 4529 3971 4597 ei.
4012 4527 4149 4599 Opp.
4197 4529 4339 4585 1⁷11.
4374 4530 4473 4586 col.
4509 4528 4561 4585 4.
4612 4526 4684 4591 G'f.

2747 4599 3642 4750 Mw'ssffm’igxtlnlffll
3678 4667 3778 4732 (N.
3813 4665 3942 4736 374)
3987 4665 4141 4737 apud
4184 4682 4301 4722 eam
4346 4667 4569 4723 οῡοικηι·
4598 4666 4682 4720 ka-

2914 4777 2926 4790 .
2996 4736 3091 4792 An
3124 4752 3250 4791 vero
3283 4751 3457 4806 usque
3488 4735 3758 4791 eundem?

2948 4804 3009 4874 3)
3050 4805 3202 4860 Num
3234 4803 3650 4860 huicdesiderio
3684 4807 3868 4861 statim
3903 4806 4041 4861 satis
4068 4804 4279 4872 factum
4311 4802 4682 4871 fueritaGal-

2741 4875 3188 4931 viuonoeeimm.
3272 4873 4359 4944 Mosteni-idwipseetinquisitor
4575 4886 4683 4927 aaa·

2734 4950 2965 5014 propter
2985 4942 3156 5013 fidem
3191 4957 3348 4997 suam
3384 4943 3539 4998 varie
3571 4948 3624 4998 et
3656 4944 3859 5027 aeq-iter
3890 4948 4176 5025 vexarunt.
4253 4942 4487 4999 Constat
4516 4948 4682 4998 tam

2743 5029 2798 5068 α’
2837 5011 3710 5163 155Ξ)ᾞσᾶἔίἱηοωεαω
3710 5027 3884 5136 tw
3893 5010 4232 5150 ζτίῖιοῖἶὲἰοω,
4275 5080 4383 5135 etsi
4417 5096 4525 5150 pro
4566 5085 4681 5134 tan-

2739 5166 2874 5219 um
2947 5217 3008 5287 5)
3046 5218 3278 5275 Nullam
3314 5216 3537 5275 Galvim‘
3576 5218 3654 5274 ad
3696 5233 3813 5272 eam
3857 5217 4112 5273 habemus
4154 5217 4439 5287 ιρὸετοῑωι
4480 5221 4683 5300 praeter

2744 5304 2919 5358 supra
2953 5289 3252 5356 laudatam,
3289 5294 3340 5344 et
3372 5303 3466 5345 eas
3500 5303 3639 5359 quae
3675 5283 3906 5342 &1554
3928 5293 3977 5342 et
4011 5302 4154 5358 seqq.
4190 5301 4369 5343 annos
4398 5289 4678 5357 periment·
