4900 6167
239 444 305 505 73
1930 446 2085 506 1551
2134 399 2419 509 mr.
2573 445 2582 452 ·
4136 448 4219 510 74

238 632 340 697 bus
380 628 689 706 emeritis,
732 649 896 714 quos
938 649 1058 713 per
1098 637 1380 696 mortem
1435 637 1829 696 exautorane
1884 629 2165 697 subinde

238 713 777 886 maneum
819 735 1050 782 rursus
1092 712 1519 782 bellatoribus
1551 716 1685 782 iam
1721 735 1960 782 vacuas
1995 715 2166 782 acies

383 885 445 953 O
485 907 596 953 me
636 886 985 953 miseruml
1056 886 1237 953 Dum
1279 885 1572 954 Bucen-9
1611 889 1684 952 in
1731 887 1977 973 Anglia
2019 887 2163 966 fuit,

241 984 339 1038 aut
366 973 432 1038 in
454 972 817 1039 Germania.
852 972 1051 1038 simul
1084 973 1395 1051 viximus,
1438 993 1774 1057 nunquam
1817 973 1982 1039 mihi
2015 993 2163 1039 sum

242 1060 393 1126 visus
428 1058 748 1125 exsulare.
839 1057 1033 1125 Nunc
1074 1058 1273 1143 plane
1314 1057 1480 1124 mihi
1523 1059 1748 1125 videor
1801 1058 1977 1126 solus
2019 1078 2164 1125 esse

245 1146 526 1212 desertus.
632 1143 858 1210 Habui
912 1143 1231 1211 hactenus
1286 1144 1491 1210 fidum
1549 1146 1853 1211 comitem
1909 1145 1980 1210 in
2036 1144 2164 1211 hac

244 1233 338 1297 via
393 1251 520 1315 qua
578 1231 831 1314 pariter
892 1240 961 1296 et
1022 1230 1553 1297 coniunctissimo
1616 1230 2030 1296 ambulamus
2051 1234 2162 1308 u)

244 1317 417 1382 lodo
464 1316 547 1382 ab
602 1314 869 1381 homine
916 1316 1208 1381 unanimi
1227 1368 1242 1393 ,
1304 1326 1372 1383 et
1426 1318 1540 1400 qui
1596 1336 1749 1382 vere
1801 1314 2161 1383 secundum

244 1423 337 1470 eor
372 1422 589 1468 meum
627 1413 800 1479 erat,
855 1412 1073 1466 morte
1125 1403 1537 1468 amarissima
1587 1423 1754 1485 quae
1796 1402 2166 1468 intercessit

244 1510 365 1553 sum
417 1488 731 1554 divulsus.
832 1488 1009 1553 Vere
1064 1509 1303 1554 manus
1358 1490 1628 1554 Domini
1683 1488 1929 1572 detegit
1958 1493 1995 1528 ¹⁸
2036 1508 2160 1553 me.

244 1574 421 1640 Vivet
448 1580 482 1613 ⁸
532 1574 646 1640 ille
711 1595 787 1640 ac
815 1660 828 1674 ο
857 1594 1014 1640 suos
1070 1574 1370 1640 laborum
1440 1573 1699 1640 fructus
1755 1574 2164 1639 dulcissimos

241 1667 631 1813 fflfflpmmss’
562 1683 634 1725 ¹¹¹
672 1658 1598 1828 ffiffiffissmm‘ssffid}
1602 1659 2167 1810 25302132231‘533

242 1830 649 1897 tabernaculis
692 1841 1021 1916 exceptus.
1112 1829 1307 1913 Quod
1350 1841 1496 1897 erat
1536 1830 1875 1915 putridum
1920 1841 1990 1896 et
2031 1851 2168 1897 cor·

242 1917 516 2001 reptibile
572 1917 809 1984 abiecit
866 1927 935 1983 et
989 1917 1503 1982 immortalitatis
1568 1927 1873 1983 aeternae
1929 1916 2164 1983 stolam

240 2003 439 2068 induit.
528 2003 639 2069 Ah
684 2024 880 2088 quam
931 2001 1045 2068 ille
1100 2011 1417 2086 perpetuo
1442 2003 2018 2088 ·Argentinensem
2060 2022 2166 2068 ec-

241 2088 473 2154 clesiam
512 2090 586 2155 in
629 2108 745 2155 ore
775 2089 1088 2167 babebat,
1134 2110 1298 2171 quas
1340 2110 1463 2171 pro
1506 2109 1585 2154 ea
1627 2109 1820 2156 curas
1862 2088 2163 2173 gerebat!

240 2174 404 2241 Licet
442 2175 670 2259 procul
714 2185 888 2242 esset
926 2187 995 2240 et
1035 2174 1247 2257 quoad
1297 2193 1536 2258 corpus
1592 2176 1674 2241 ab
1718 2195 1797 2240 ea
1830 2173 2168 2241 videretur

240 2259 571 2327 disiunctus
588 2313 605 2340 ,
653 2270 797 2326 erat
840 2260 1079 2344 spiritu
1124 2259 1384 2336 (credas
1427 2261 1591 2325 mihi
1638 2260 1865 2339 velim)
1908 2280 2168 2344 semper

239 2345 548 2413 nobiscum
581 2351 616 2387 ¹⁸
641 2351 713 2424 ⁵).
809 2346 1017 2412 Venit
1074 2345 1157 2413 ad
1215 2367 1323 2413 me
1379 2347 1512 2413 huc
1566 2344 1899 2413 Oxoniam
1942 2346 2168 2431 elapsa

238 2441 481 2511 aestate,
541 2441 743 2517 atque
787 2434 857 2497 in
901 2432 1094 2498 domo
1140 2453 1285 2498 mea
1328 2454 1447 2517 per
1490 2431 1794 2499 undecim
1839 2432 1978 2498 dies
2020 2433 2162 2498 fuit.

236 2516 349 2598 Qui
387 2539 741 2598 sermones,
778 2538 945 2601 quae
997 2518 1552 2585 confabulationes
1595 2517 1677 2583 de
1721 2518 1910 2585 vobis
1953 2520 2167 2583 omni-

238 2604 334 2670 bus
405 2606 667 2688 optimis
744 2605 813 2669 in
894 2603 1160 2671 Christo
1237 2602 1548 2670 fratribus
1619 2604 2161 2671 intercesserunt!

234 2690 387 2755 Dum
430 2712 566 2756 una
606 2691 1023 2774 loqueremur
1065 2692 1134 2756 in
1168 2690 1459 2756 medium
1480 2695 1518 2733 θ
1561 2700 1858 2756 vestrum
1904 2694 2164 2775 Argen-

235 2776 386 2841 tinae
427 2777 815 2843 videbamur
861 2777 1052 2842 nobis
1108 2797 1322 2861 agere.
1411 2775 1518 2842 De
1575 2775 1792 2842 reditu
1835 2774 2163 2862 rogitaba-

232 2868 440 2929 mus*:
468 2867 523 2941 ⁶)
568 2884 805 2929 verum
851 2863 961 2927 ille
996 2883 1102 2927 me
1139 2863 1494 2928 antevertit
1535 2874 1603 2927 et
1638 2882 1771 2927 non
1817 2862 1885 2927 in
1911 2865 2165 2945 Argen-

233 2948 529 3015 tinensem
576 2957 887 3027 nostram,
932 2947 1048 3014 scd
1092 2948 1162 3013 in
1198 2968 1469 3013 auream
1493 2952 1548 3026 ⁷)
1586 2949 1914 3015 coelorum
1958 2947 2162 3015 eccle-

234 3034 371 3100 siam
434 3057 504 3101 se
571 3035 831 3119 recepit.
943 3034 1075 3099 Illa
1137 3043 1238 3098 cst
1297 3055 1475 3101 nunc
1529 3042 1799 3100 aeterna
1857 3032 2043 3099 sedes
2097 3045 2164 3099 et

232 3119 394 3185 beata
436 3119 673 3188 domus
695 3143 734 3187 a
754 3121 902 3186 Deo
936 3120 1034 3185 illi
1056 3140 1379 3199 concessa,
1423 3119 1601 3186 unde
1640 3119 1827 3185 nulla
1870 3140 2162 3203 unquam

229 3205 1764 3376 fflfflfflssmqssssssi³.{²‘³333m'3}f1‘
1802 3206 2161 3358 {⁰333

230 3377 346 3442 vita
398 3379 974 3446 coniunctissimus
993 3429 1008 3456 ,
1061 3399 1196 3444 non
1257 3378 1371 3443 diu
1428 3400 1533 3443 me
1590 3378 1883 3462 patiatur
1940 3377 2023 3443 ab
2081 3399 2158 3444 eo

229 3481 324 3543 per
360 3473 641 3532 mortem
681 3464 924 3530 divelli.

372 3551 527 3617 Alia
568 3551 906 3635 complura
947 3559 1107 3616 sunt
1149 3571 1318 3635 quae
1357 3550 1591 3617 liberet
1629 3552 1713 3616 ad
1748 3560 1813 3617 te
1855 3550 2157 3628 scribere,

230 3654 431 3701 verum
462 3636 706 3703 doloris
728 3635 1021 3721 pondere
1073 3638 1168 3701 ita
1212 3638 1533 3719 premitur
1562 3638 1822 3704 animus
1857 3646 1925 3703 et
1959 3642 2080 3702 m!
2105 3639 2159 3720 8)

230 3733 515 3802 gravetur
558 3742 812 3803 manus,
857 3731 925 3788 et
966 3743 1169 3805 quum
1204 3723 1379 3788 vires
1414 3721 1495 3787 ad
1531 3720 1947 3788 scribendum
1989 3721 2158 3788 ulte-

230 3808 343 3873 rius
396 3830 523 3875 non
595 3808 958 3888 sufficiant,
1029 3827 1260 3891 precor
1312 3816 1388 3872 ut
1431 3809 1559 3873 mei
1605 3809 1695 3874 sis
1747 3829 2032 3887 memor,
2093 3816 2161 3874 et

228 3894 458 3974 quando
497 3916 634 3960 non
686 3917 757 3961 es
824 3894 1106 3977 amplius
1151 3894 1235 3960 ad
1277 3894 1361 3959 D.
1408 3893 1731 3961 Bueeram
1773 3894 2157 3978 scripturus,

229 3998 316 4043 me
354 3982 482 4046 tuis
526 3980 738 4046 literis
782 3979 1168 4063 quandoque
1210 3981 1406 4047 refice
1449 3989 1642 4061 atque
1683 4000 1925 4060 recrea,
1970 3989 2038 4046 et
2080 3979 2158 4045 li-

230 4071 381 4132 teras
420 4087 584 4149 quas
630 4066 736 4133 his
792 4066 1043 4132 inserui
1087 4073 1310 4131 nostro
1352 4065 1711 4132 venerabili
1755 4065 2040 4147 capitulo
2085 4063 2155 4131 S.

230 4146 493 4218 Thomae
536 4151 806 4218 nomine
845 4172 992 4217 meo
1050 4150 1316 4232 reddas,
1369 4173 1723 4235 omnesque
1763 4150 2046 4236 collegas
2088 4151 2159 4216 in

226 4235 486 4304 Domino
531 4238 804 4304 salutes:
844 4235 1079 4303 deinde
1122 4237 1208 4302 D.
1248 4237 1591 4304 Hedionem
1632 4246 1826 4321 atque
1868 4237 2160 4304 Theobul-

226 4321 373 4399 dum,
414 4344 540 4389 nec
583 4345 721 4391 non
758 4323 1076 4388 Ioannem
1117 4324 1509 4389 Garum-ium
1542 4322 1852 4390 ecclesiae
1894 4331 2158 4389 nostrae

224 4411 700 4493 peregrinorum
776 4409 1097 4494 optimum
1169 4419 1517 4492 pastorem.
1626 4409 1817 4476 Uxor
1876 4430 2026 4475 mea
2090 4419 2159 4474 et

226 4491 418 4561 Iulius
476 4508 544 4562 te
607 4505 924 4579 tuamque
981 4495 1297 4562 familiam
1361 4498 1435 4561 in
1490 4496 1779 4562 Domino
1844 4495 2155 4562 salutant.

226 4575 377 4662 Opto
432 4592 497 4646 te
553 4583 627 4647 in
684 4580 951 4647 Christo
1010 4581 1176 4647 bene
1231 4581 1450 4648 valere
1507 4595 1575 4648 et
1628 4579 1879 4646 fortiori
1934 4582 2155 4646 animo

224 4664 372 4731 ferre
414 4688 640 4733 casum
682 4665 770 4733 D.
832 4666 1107 4746 Buceri,
1153 4686 1348 4749 quam
1393 4687 1515 4752 ego
1558 4670 1733 4734 ferre
1776 4666 2042 4750 possim.
2093 4672 2152 4731 8.

224 4749 426 4817 Martii
476 4758 659 4819 1551.
745 4751 1008 4819 Oxonii.

1171 4839 1355 4904 'I'uus
1395 4860 1479 4904 ex
1521 4839 1741 4904 animo

1463 4940 1706 5007 Petrus
1752 4942 2030 5027 Mai-tyr.

403 5095 464 5166 4)
497 5049 942 5178 ualeamus?

405 5165 469 5297 ἓξ
499 5165 891 5304 ἒξῗςᾚω.

406 5300 464 5439 {3
494 5304 860 5426 3:3³²&

2440 629 2594 696 Non
2628 630 2769 697 sine
2804 630 3053 697 honore
3088 629 3430 698 humatum
3453 639 3557 698 est
3587 639 3889 698 sanctum
3925 632 4221 700 cadaver.

2269 715 2432 780 'I'res
2476 717 2654 781 enim
2699 716 2996 782 doctores
3052 737 3119 781 m
3254 739 3293 782 a
3335 717 3638 785 facundia
3676 726 3746 783 et
3786 719 4042 803 ingenti
4086 720 4220 805 spi-

2267 801 2403 867 ritu
2469 800 2778 868 funebres
2833 804 2901 867 in
2960 804 3101 867 eius
3227 824 3388 869 nere
3443 802 3813 870 habuerunt
3874 805 4219 884 orationes,

2267 888 2610 972 omnisque
2659 887 2853 953 turba
2907 897 3050 952 tum
3093 887 3622 955 scholasticorum
3668 899 3812 966 tum
3855 890 4103 957 civium
4147 892 4220 956 in

2265 974 2501 1057 exigiis
2520 978 2555 1014 ⁴*
2576 977 2627 1052 θ)
2674 975 2883 1039 affuit.
2910 975 2997 1053 ¹⁰)

3037 1268 3446 1278 -ψ

3146 1537 3340 1608 1468.

2666 1690 3140 1759 OALVINUS
3186 1691 3825 1760 BULLINGERO.

2446 1863 2713 1929 Gratias
2755 1864 2887 1946 ayit
2940 1863 2999 1928 ei
3054 1863 3130 1928 de
3173 1863 3391 1945 quinta
3426 1883 3776 1930 sermonum
3818 1866 4069 1933 Decade
4107 1890 4223 1935 nu-

2259 1969 2383 2031 per
2425 1955 2686 2031 accepta.
2778 1948 3157 2015 Conseneum
3191 1949 3424 2014 editum
3457 1970 3588 2015 esse
3622 1951 3868 2034 qaudet.
3937 1952 4223 2039 Happeri

2269 2036 2522 2101 vinoeda
2567 2034 2639 2100 ob
2669 2033 2913 2116 futilem
2955 2035 3205 2115 quidem
3247 2055 3503 2100 causam
3546 2041 3602 2101 et
3642 2038 3752 2102 vix
3785 2037 3902 2102 tali
3941 2047 4222 2105 constan-

2270 2122 2363 2186 tia
2406 2121 2663 2205 diynam
2718 2120 3042 2186 toleranda
3095 2121 3283 2200 deflet.
3395 2119 3688 2186 Pericula
3743 2122 3911 2188 dona·
3964 2130 4020 2189 et
4057 2127 4223 2208 foris

2272 2207 2582 2274 instantia
2625 2207 2793 2272 vitae
2822 2210 3182 2287 pertaesum
3224 2205 3509 2271 reddunt.

2274 2377 2469 2443 (Manu
2516 2378 2720 2447 scripta
2765 2394 2870 2432 non
2921 2382 3119 2431 exstat.
3201 2377 3343 2430 Beza
3394 2376 3565 2430 edidit
3599 2377 3803 2432 Genev.
3881 2420 3895 2434 .
3925 2379 4010 2448 98,
4059 2381 4222 2434 Laus.

2269 2463 2323 2517 p.
2358 2443 2482 2529 217,
2517 2446 2730 2527 Hancv,
2765 2464 2817 2529 p.
2853 2444 2974 2514 242,
3010 2446 3218 2501 Chouct
3233 2464 3303 2568 ⁷1).
3341 2443 3464 2529 131,
3495 2448 3673 2528 Amet.
3709 2465 3762 2529 p.
3796 2395 3881 2503 53.
3918 2477 3983 2487 -
4019 2448 4222 2504 Gallice

2361 2517 2564 2585 legitur
2599 2534 2654 2569 ιιι
2691 2515 2820 2569 edit.
2859 2516 3034 2569 Berol.
3073 2533 3125 2584 p.
3166 2513 3231 2569 13
3267 2556 3281 2582 ,
3320 2516 3530 2586 anglice
3567 2533 3621 2569 ιιι
3660 2514 3855 2571 Edmb.
3891 2518 3961 2571 11.
4002 2516 4149 2582 291.)

2441 2687 2512 2753 S.
2538 2686 2622 2751 D.
2681 2687 2913 2772 Nuper
2957 2709 3155 2772 quum
3203 2689 3365 2754 irem
3413 2687 3892 2770 Neocomum,¹)
3943 2690 4221 2756 nuncius

2269 2793 2421 2839 cum
2446 2775 2576 2839 tuis
2621 2773 2828 2839 literis
2846 2774 2900 2859 ²)
2940 2776 3008 2839 in
3047 2775 3281 2840 itinere
3319 2772 3482 2838 mihi
3515 2774 3814 2841 occurrit.
3881 2774 4146 2840 Alteras
4162 2777 4221 2857 ⁸)

2268 2867 2496 2943 postea
2550 2858 2815 2924 domum
2872 2880 3139 2926 reverso
3193 2858 3458 2943 quidam
3512 2860 3724 2926 Italus
3767 2859 4008 2925 obtulit
4070 2882 4220 2927 cum

2266 2946 2498 3028 quinta
2540 2943 2822 3009 Decade.
2914 2945 3107 3027 Quod
3154 2955 3221 3010 te
3265 2944 3464 3011 libros
3507 2956 3654 3012 tuos
3697 2967 3830 3011 non
3877 2943 4022 3012 ideo
4064 2948 4221 3013 mit-

2265 3041 2406 3096 tere
2448 3051 2726 3097 excusas
2794 3038 2867 3096 ut
2920 3032 3036 3098 abs
3088 3042 3155 3096 te
3198 3031 3476 3110 discam,
3533 3052 3655 3116 ego
3720 3051 3873 3098 vero
3929 3040 4001 3097 ut
4042 3053 4222 3099 meos

2264 3117 2521 3183 labores
2578 3117 2705 3201 piis
2765 3118 3067 3183 omnibus
3125 3117 3321 3200 cupio
3377 3116 3685 3201 prodesse
3704 3169 3719 3194 ,
3778 3119 3873 3183 ita
3927 3118 4221 3184 vicissim

2264 3202 2546 3269 libenter
2601 3224 2682 3267 ex
2745 3202 3022 3268 aliorum
3075 3203 3340 3287 scriptis
3404 3204 3691 3287 proficio.
3784 3205 4003 3286 Atque
4055 3202 4221 3271 haec

2266 3309 2420 3356 vere
2475 3290 2770 3355 fraterna
2826 3297 2928 3355 est
2979 3290 3500 3368 communicatio,
3555 3289 3671 3355 ubi
3716 3291 3809 3356 sic
3873 3289 4048 3355 inter
4100 3310 4221 3354 nos

2267 3374 2620 3443 distributa
2663 3396 2808 3441 esse
2850 3374 3121 3459 spiritus
3178 3372 3349 3440 dona
3406 3376 3851 3461 agnoscimus,
3913 3383 3987 3439 ut
4029 3396 4222 3440 nemo

2266 3482 2435 3528 unus
2495 3460 2619 3527 sibi
2677 3462 2976 3528 sufficiat.
3064 3460 3350 3527 Gratum
3407 3482 3564 3546 ergo
3620 3461 3784 3527 mihi
3843 3469 4030 3526 tuum
4074 3481 4221 3526 mu-

2263 3569 2389 3614 nus
2433 3548 2576 3613 fuit.

2435 3633 2811 3699 Plurimum
2849 3633 3046 3699 etiam
3083 3632 3306 3717 gaudii
3341 3632 3580 3711 attulit,
3617 3652 3749 3698 non
3787 3630 3949 3697 mihi
3989 3631 4217 3710 solum,

2262 3718 2375 3784 sed
2421 3720 2616 3785 etiam
2655 3718 2909 3785 Far-ello
2950 3727 3014 3785 et
3059 3719 3329 3802 reliquis
3373 3719 3704 3796 mtribus,
3750 3716 4220 3783 Oonsensionis

2264 3816 2522 3871 nostrae
2568 3802 2786 3871 editio.
2875 3805 3149 3871 Utinam
3194 3804 3562 3889 quindecim
3608 3802 3836 3869 diebus
3878 3803 4073 3867 citius
4107 3824 4220 3869 ve-

2263 3892 2514 3957 nissent
2564 3899 2716 3956 tuae
2770 3890 3019 3956 literae.
3120 3890 3290 3955 Nam
3345 3889 3451 3956 his
3502 3888 3823 3954 nundinis
3864 3889 4218 3954 Francfor-

2264 3974 2477 4042 dianis
2522 3977 2804 4044 exiisset.
2873 3976 3215 4058 Quantum
3252 3974 3336 4041 ad
3360 3974 3648 4040 Galliam
3692 3983 4004 4054 nostram,
4050 3982 4217 4038 tem·

2263 4063 2521 4212 pzsliiiva
2586 4064 2713 4127 erit
2777 4062 3178 4150 publicatio.⁸
3244 4059 3459 4126 Valde
3522 4059 3807 4144 quidem,
3872 4069 3946 4126 ut
4006 4079 4216 4144 spero,

2262 4169 2308 4214 u
2413 4170 2464 4214 s.

2433 4234 2662 4318 Nuper
2705 4233 2929 4300 excusi
2972 4240 3131 4299 sunt
3170 4232 3304 4297 mei
3345 4232 3416 4297 in
3459 4232 3734 4300 Iesaiam
3777 4240 3844 4298 et
3883 4229 4218 4315 Epistulas

2261 4320 2612 4386 canonicas
2668 4318 3137 4386 commentarii.
3227 4317 3553 4403 Utrosque
3598 4319 3738 4402 regi
3790 4317 4073 4402 Angliae
4119 4315 4216 4382 di-

2261 4425 2410 4470 care
2458 4406 2674 4471 visum
2716 4414 2833 4472 est.
2919 4404 3284 4488 Exemplar
3317 4405 3741 4488 praefationis
3783 4403 4001 4483 unius,
4043 4402 4218 4488 quod

2276 4490 2401 4557 Ver
2439 4493 2572 4558 erio
2615 4493 2784 4571 misi,
2833 4489 2949 4555 abs
2992 4499 3060 4557 te
3101 4489 3236 4577 legi
3280 4491 3506 4575 potuit.
3596 4488 3842 4556 Addidi
3887 4497 3954 4555 et
3993 4489 4217 4573 priva-

2260 4585 2365 4643 tas
2430 4577 2714 4663 'teras,⁴)
2750 4578 2986 4661 quibus
3019 4596 3406 4661 generosam
3438 4578 3626 4661 pueri
3660 4574 3947 4641 indolem
3981 4593 4218 4641 acuere

2260 4671 2534 4730 conatus
2589 4685 2755 4730 sum.
2844 4661 3110 4730 Interea
3169 4661 3408 4728 allatus
3474 4672 3576 4728 est
3638 4661 3849 4729 tristis
3914 4662 4217 4739 nuncius,

2465 4955 2500 5008 9
2564 4971 2692 5008 exse
2734 4954 2856 5009 uiis.
2920 4935 2932 4956 ⁸

2431 4958 2527 5089 103
2567 5022 2657 5078 De
2688 4971 2858 5079 gom
2875 5022 3083 5079 Bucari
3114 5023 3180 5077 of.
3414 5062 3429 5088 ,
3452 5021 3670 5077 Οναηηι.
3688 5022 3734 5076 Ι.
3765 5016 3963 5092 12358.
3992 5048 4049 5058 ——
4071 5018 4213 5073 Hist.

2260 5110 2390 5149 vera
2423 5095 2494 5148 de
2511 5094 2628 5146 vita
2661 5092 2814 5145 obitu
2844 5092 3125 5161 sepultura
3145 5092 3209 5146 D.
3233 5092 3306 5147 M.
3410 5093 3523 5148 ceri
3544 5098 3603 5146 et
3618 5090 3675 5146 P.
3702 5089 3871 5160 Fagii.
3907 5091 4038 5159 Arg.
4058 5086 4220 5143 1561.

2256 5164 2439 5219 1408.
2468 5163 2527 5228 1)
2564 5163 2727 5217 initio
2759 5163 2975 5217 meis.

2461 5232 2520 5299 2)
2558 5229 2637 5286 N.
2674 5228 2827 5284 1446.

2460 5300 2522 5367 8)
2559 5298 2641 5356 N.
2675 5297 2830 5353 1468.

2460 5370 2520 5441 4)
2554 5367 2637 5426 N.
2674 5366 2826 5423 1444.
