4900 6167
683 389 816 454 403

677 595 956 645 versam
998 574 1195 641 istam
1239 571 1592 657 regionem,
1633 575 1717 635 ut
1758 569 1814 637 si
1857 567 2182 636 coniurati
2216 568 2440 634 hostes
2479 567 2641 632 fuis-

689 672 845 729 sent
885 682 1016 725 non
1058 659 1435 743 potuissent
1493 657 1781 741 grassari
1825 654 2169 721 crudelius.
2193 653 2245 740 θ)
2333 654 2527 720 Nunc
2569 653 2642 718 in

695 745 1032 815 obsidione
1077 745 1363 810 Metensi
1420 741 1594 827 quod
1637 741 1963 826 reliquum
2008 750 2150 806 erat
2202 741 2275 805 in
2333 741 2510 826 agris
2572 738 2642 804 vi

689 840 763 900 ct
805 830 1284 917 pulsationibus
1318 835 1728 912 extorquent.
1747 830 1804 908 ⁷)
1891 826 2190 894 Marchio
2225 827 2383 891 item
2419 825 2642 891 Alber-

685 924 790 985 tus
832 938 985 984 cum
1027 937 1270 1001 magna
1313 929 1512 980 manu
1568 913 1807 980 dicitur
1846 914 2267 997 ingressurus
2309 913 2479 976 fines
2520 910 2640 975 Al-

691 1005 914 1070 satiae.
940 1007 992 1084 ⁸)
1079 1002 1210 1068 Hic
1251 1002 1574 1067 habemus
1630 998 1920 1084 quotidie
1963 998 2411 1064 tristissimum
2455 1017 2639 1081 spec-

693 1089 985 1157 taculum
1022 1089 1414 1155 rusticorum
1454 1094 1521 1152 et
1557 1085 1834 1152 aliorum
1868 1084 2388 1170 profugientium
2427 1084 2499 1147 in
2535 1104 2641 1147 ur-

693 1175 874 1253 bem,
938 1184 1013 1240 ut
1072 1174 1394 1259 effugiant
1450 1172 1735 1237 militum
1790 1193 2044 1236 manus.
2146 1168 2410 1235 Deinde
2475 1170 2640 1233 istae

691 1260 1102 1327 turbationes
1147 1268 1215 1326 et
1257 1257 1539 1343 praedae
1581 1257 1909 1323 inducunt
1950 1255 2237 1339 inopiam
2295 1265 2360 1319 et
2403 1254 2640 1320 carita-

693 1355 828 1412 tem
873 1368 1093 1411 rerum
1138 1353 1422 1423 tantam,
1482 1352 1559 1408 ut
1597 1346 1714 1408 vix
1759 1343 1953 1408 etiam
1998 1341 2080 1407 ab
2125 1339 2640 1425 opulentioribus

694 1432 965 1498 tolerari
1008 1432 1119 1496 diu
1167 1452 1354 1515 posse
1389 1430 1712 1496 videatur.
1780 1427 2123 1495 Accedunt
2160 1426 2347 1493 nobis
2386 1446 2641 1510 quoque

693 1518 958 1603 privata
1020 1516 1311 1600 pericula
1374 1514 1761 1600 proditionis
1839 1525 1907 1580 et
1979 1510 2398 1591 insidiarum,
2479 1532 2641 1594 quas

694 1613 963 1688 propter
1006 1602 1229 1668 odium
1284 1601 1618 1668 doctrinae
1675 1601 1861 1667 nobis
1907 1598 2189 1664 tendunt
2239 1600 2433 1664 etiam
2492 1619 2642 1664 con-

699 1710 815 1758 san
911 1710 1061 1753 mei.

820 1711 955 1840 guIn
1020 1781 1208 1838 tanta
1282 1772 1663 1839 difficultate
1742 1794 1818 1838 ac
1895 1771 2387 1855 perturbatione
2467 1769 2642 1835 orbis

695 1881 901 1944 quum
944 1858 1200 1926 nullum
1245 1859 1603 1925 habeamus
1638 1859 2003 1924 humanum
2040 1854 2459 1940 praesidium,
2504 1854 2642 1921 sola

696 1946 1077 2031 integritate
1128 1945 1565 2012 conscientiae
1610 1965 1732 2010 nos
1785 1945 2216 2020 sustinemus,
2275 1949 2341 2007 et
2384 1964 2501 2026 spe
2544 1940 2641 2005 di·

694 2032 889 2098 vinae
935 2032 1335 2097 liberationis
1381 2030 1461 2095 de
1505 2030 1683 2096 coelo
1738 2037 2063 2094 venturae
2121 2028 2434 2094 adversus
2479 2027 2643 2092 haec

690 2118 913 2183 omnia
968 2117 1143 2182 mala
1202 2117 1655 2200 perduramus.
1742 2115 1838 2181 Ut
1894 2115 2071 2180 enim
2129 2113 2524 2199 vagantibus
2569 2113 2640 2177 in

683 2203 933 2269 Iudaea
984 2203 1530 2286 petulantissimis
1574 2201 1891 2266 militibus
1936 2201 2236 2285 syriacis,
2297 2200 2639 2284 aegyptiis,

683 2289 982 2368 arabicis,
1029 2288 1340 2372 parthicis
1384 2299 1603 2353 tamen
1626 2287 1809 2353 Deus
1851 2285 2239 2351 mirabiliter
2281 2286 2451 2351 texit
2493 2286 2640 2350 Ma·-

689 2375 855 2441 riam
876 2428 890 2451 ,
954 2395 1245 2440 sororem
1305 2375 1477 2452 eius,
1540 2380 1605 2437 et
1662 2372 1901 2438 multas
1957 2373 2166 2438 forma
2209 2372 2528 2456 sapientia
2572 2378 2640 2436 et

684 2462 933 2526 virtute
994 2467 1419 2544 praestantes,
1477 2480 1677 2542 quum
1732 2457 2061 2542 praesidia
2117 2457 2407 2523 humana
2454 2456 2640 2522 nulla

684 2546 1036 2623 haberent,
1098 2547 1190 2611 ita
1245 2554 1314 2611 et
1367 2566 1544 2611 nunc
1597 2546 1669 2609 in
1730 2544 1934 2610 tantis
1987 2545 2285 2610 omnium
2343 2544 2638 2629 gentium

684 2642 880 2715 atque
945 2632 1368 2715 imperiorum
1439 2631 1651 2697 ruinis
1723 2628 2012 2696 servabit
2073 2632 2259 2696 Deus
2330 2629 2640 2697 ecclesiae

687 2739 847 2784 suae
903 2717 1211 2800 reliquias
1280 2717 1352 2782 in
1422 2717 1528 2782 his
1586 2716 1828 2782 nostris
1897 2716 2144 2782 exsiliis
2200 2725 2269 2781 et
2335 2715 2637 2793 miseriis,

688 2824 891 2887 quum
937 2802 1200 2887 quidem
1245 2803 1351 2870 his
1410 2803 1807 2870 turbulentis
1862 2802 2260 2886 temporibus
2305 2801 2478 2867 tueri
2520 2821 2640 2866 nos

687 2889 867 2973 leges
925 2889 1227 2972 politicae
1285 2911 1417 2955 non
1471 2890 1741 2973 possint.
1831 2887 2144 2954 Nostram
2200 2888 2403 2972 igitur
2456 2907 2641 2970 spem

690 2976 888 3041 sitam
934 2975 1251 3043 habemus
1293 2976 1361 3041 in
1409 2975 1587 3043 coelo
1629 2975 1807 3043 unde
1864 2974 2315 3041 liberationem
2372 2991 2640 3055 exspec-

687 3069 925 3127 tamus.

862 3146 939 3214 Si
999 3147 1177 3214 Deus
1230 3147 1329 3213 ita
1381 3148 1825 3232 permitteret,
1885 3154 2039 3212 ante
2095 3152 2373 3210 mortem
2423 3163 2642 3208 meam

689 3254 996 3315 cuperem
1032 3234 1105 3297 in
1143 3232 1354 3299 lucem
1400 3234 1556 3299 dare
1590 3234 1845 3299 labores
1878 3231 2251 3304 bibliorum,
2294 3229 2366 3292 in
2402 3226 2642 3311 quibus

689 3318 1064 3403 quindecim
1123 3318 1253 3383 iam
1312 3319 1506 3384 annis
1560 3317 1813 3384 sudavi.
1915 3315 2202 3382 Proinde
2256 3315 2312 3380 si
2377 3312 2643 3380 dabitur

688 3401 1118 3471 commoditas
1174 3402 1298 3468 hoc
1338 3403 1621 3469 faciendi
1664 3404 1732 3467 in
1777 3403 2018 3469 vestris
2061 3401 2435 3486 regionibus
2454 3451 2469 3478 ,
2526 3421 2641 3466 ve-

685 3491 873 3557 niam
917 3487 1117 3554 brevi.
1208 3486 1335 3554 Sin
1379 3488 1588 3567 aliter,
1633 3495 1786 3571 peto
1829 3496 1906 3553 ut
1947 3509 2052 3553 me
2088 3488 2259 3553 clare
2295 3486 2640 3553 certiorem

687 3575 888 3643 facias
909 3627 925 3655 ,
985 3595 1069 3640 ne
1123 3594 1245 3658 ego
1321 3572 1431 3638 diu
1500 3573 1808 3639 haeream
1865 3574 1935 3639 in
1989 3574 2162 3640 ambi
2254 3594 2309 3639 o.
2410 3571 2640 3657 Neque

689 3663 866 3727 enim
907 3658 1265 3744 quidquam
1309 3660 1378 3724 in
1422 3658 1547 3725 hoc
1581 3668 1714 3725 tem
1763 3679 1876 3725 ore
1919 3659 2083 3725 mibi
2117 3596 2278 3725 aggo
2313 3659 2494 3725 cordi
2537 3665 2640 3724 est

689 3767 890 3830 quam
936 3757 1013 3812 ut
1057 3745 1271 3812 modis
1324 3743 1628 3811 omnibus
1728 3765 1832 3810 em
1875 3767 2141 3830 operam
2184 3767 2268 3812 ne
2311 3745 2481 3810 mihi
2523 3766 2637 3827 pe-

687 3840 881 3897 reant
923 3840 1061 3897 tam
1102 3831 1462 3897 multorum
1506 3851 1831 3897 annorum
1872 3831 2145 3913 labores,
2190 3852 2351 3916 quos
2376 3830 2460 3897 ad
2504 3829 2637 3915 glo·

685 3917 857 3982 riam
902 3916 1051 3995 Dei,
1096 3938 1229 3982 non
1273 3917 1358 3982 ad
1399 3918 1724 4002 privatam
1768 3937 1984 3982 meam
2027 3918 2448 3984 ambitionem
2493 3936 2637 3983 sus·

685 4004 846 4087 cepi.
934 4001 1071 4068 Sed
1113 4004 1420 4086 quoniam
1458 4024 1648 4087 spero
1686 4009 1752 4068 te
1794 4005 1866 4068 in
1907 4004 2032 4069 hac
2074 4025 2269 4070 causa
2311 4004 2639 4070 facturum

686 4086 858 4239 guod
912 4085 1170 4155 fidelem
1211 4089 1590 4154 ministrum
1643 4087 1889 4155 Christi
1943 4087 2154 4169 decet,
2205 4090 2467 4172 quietus
2525 4109 2638 4154 ero

733 4195 896 4240 onec
954 4180 1136 4239 tuam
1189 4172 1455 4239 videam
1511 4176 1997 4258 responsionem
2013 4227 2030 4254 ,
2098 4196 2297 4259 quam
2362 4180 2439 4240 ut
2509 4175 2638 4240 cito

684 4260 910 4325 mittas
950 4260 1145 4325 etiam
1189 4267 1387 4343 atque
1429 4259 1628 4325 etiam
1671 4281 1843 4345 rogo.
1862 4265 1923 4342 ⁹)

864 4344 1081 4427 Cupio
1125 4346 1324 4410 etiam
1362 4346 1529 4412 scire
1563 4343 1718 4429 quid
1753 4348 1838 4412 sit
1870 4346 2042 4431 quod
2085 4368 2297 4431 nuper
2334 4345 2638 4412 intellexi

690 4426 770 4494 de
828 4429 1310 4497 turbationibus
1363 4430 1513 4497 istic
1568 4431 1870 4498 excitatis
1885 4484 1901 4513 ,
1962 4455 2129 4517 quae
2186 4432 2473 4516 profecto
2529 4454 2636 4498 me

689 4512 883 4582 valde
930 4524 1180 4582 terrent
1234 4523 1507 4601 propter
1562 4517 1867 4585 scandala
1919 4527 1988 4584 et
2037 4519 2426 4585 offensiones
2470 4539 2636 4602 quae

684 4599 843 4665 inde
886 4612 1262 4684 sequentur.
1373 4602 1697 4685 Quamvis
1738 4603 1931 4669 irrita
1972 4625 2114 4671 esse
2172 4625 2304 4669 non
2360 4613 2637 4688 possunt

685 4686 880 4752 Pauli
927 4687 1127 4753 verba
1162 4689 1575 4770 affirmantis,
1615 4699 1933 4757 venturas
1969 4710 2113 4756 esse
2153 4690 2520 4756 istiusmodi
2544 4691 2639 4755 of-

894 4960 955 5022 6)
992 4960 1157 5017 Stoici.
1194 4962 1294 5017 111.
1327 4961 1435 5016 400
1468 4978 1546 5034 sq.

895 5029 955 5094 7)
993 5029 1243 5086 Duravit
1276 5031 1408 5086 haec
1441 5031 1652 5087 obsid-'o
1686 5048 1723 5086 α
1759 5029 1845 5085 19.
1884 5029 1998 5085 Oct.
2034 5031 2112 5086 ad
2144 5031 2267 5086 init.
2304 5031 2538 5087 Ianuar.

890 5098 950 5166 8)
985 5099 1107 5155 Imo
1373 5101 1385 5114 '
1471 5102 1481 5115 ’
1601 5099 2639 5169 ὑιυαοιϊοταὺΙπφενατονοίηεααο

680 5173 871 5316 Q
893 5174 1462 5319 ξῧωὲἴφοὲςαίᾱφ
1491 5238 1604 5320 fuit
1637 5237 1769 5293 haee
1787 5254 1819 5293 r
1986 5239 2070 5292 cio
2103 5237 2204 5293 md
2231 5253 2307 5294 aa
2328 5236 2638 5310 Dryandro

681 5318 883 5372 snum,
916 5305 1138 5361 dubium
1177 5314 1272 5363 eet.
1356 5306 1493 5362 Vnde
1525 5306 1682 5375 mssa
1714 5305 1793 5363 ad
1827 5252 2093 5363 ᾔ1684.

2197 376 2726 450 EPISTOLAE
2775 379 3195 443 1670—1672

2679 1777 2689 1830 ,ῳ

4537 383 4646 447 404

2744 565 3095 645 sensiones,
3138 571 3213 629 ut
3251 565 3363 648 qui
3404 563 3560 631 boni
3584 571 3739 632 sunt
3772 565 4149 649 probentur.
4216 565 4423 631 Deum
4454 574 4647 634 autem

2744 674 2876 731 or0‚
2921 660 3112 735 teque
3155 649 3443 717 obtestor
3487 672 3604 736 per
3649 651 3936 717 officium
3978 659 4182 730 tuum,
4227 672 4456 735 perque
4495 654 4648 720 salu-

2746 745 2878 803 tem
2920 738 3279 803 multarum
3323 737 3692 804 animarum
3737 758 3901 821 quae
3958 736 4178 804 oculos
4242 737 4477 802 habent
4514 760 4648 804 con-

2743 826 2944 890 iectos
2988 825 3057 888 in
3080 822 3420 890 ecclesiam
3455 834 3759 900 vestram,
3805 833 3879 888 ut
3912 823 4168 889 coneris
4201 844 4449 888 summa
4479 845 4652 908 opera

2744 909 2907 975 haec
2950 908 3259 976 scandala
3303 907 3533 975 sedari.
3621 909 3795 974 Nam
3855 909 3911 975 si
3965 909 4294 974 furoribus
4344 908 4650 976 hominum

2744 995 3259 1080 indulgebimus,
3335 995 3752 1079 experiemur
3823 1016 3965 1060 esse
4036 996 4440 1060 verissimum
4502 995 4653 1077 quod

2745 1081 2971 1147 scribit
3014 1080 3453 1165 Thucydides,
3496 1086 3561 1160 ἐξ
3606 1079 3803 1161 ὀλίγον
3847 1081 4065 1152 πολλά,
4111 1082 4279 1145 sicut
4310 1080 4653 1162 frequenter

2746 1166 3045 1233 videmus
3098 1188 3181 1232 ex
3239 1168 3462 1251 parvis
3507 1167 3808 1234 scintillis
3854 1187 4093 1251 magna
4135 1164 4431 1231 incendia
4471 1166 4654 1232 solere

2744 1253 3032 1318 excitari.

2915 1339 3099 1404 Haec
3143 1360 3263 1423 ego
3308 1337 3391 1404 ad
3427 1348 3492 1405 te
3536 1360 3613 1405 eo
3654 1341 3871 1404 animo
3915 1339 4127 1406 scribo
4165 1338 4411 1412 (Deum
4444 1345 4653 1413 testor)

2744 1446 2871 1508 quo
2916 1424 2975 1489 is
3019 1446 3160 1491 csse
3204 1424 3399 1491 debet
3440 1426 3551 1508 qui
3586 1423 3879 1491 cladibus
3923 1424 4230 1491 ecclesiae
4266 1424 4656 1489 vehementer

2743 1511 3046 1577 afficitur.
3138 1510 3508 1576 Laudanda
3563 1520 3666 1576 est
3722 1509 4071 1594 prudentia
4118 1511 4243 1575 viri
4286 1509 4503 1593 optimi
4544 1508 4654 1574 He-

2742 1598 2952 1662 dionis
2994 1597 3141 1679 piae
3185 1598 3554 1677 memoriae,
3600 1598 3787 1662 cuius
3822 1606 3964 1662 erat
4002 1596 4340 1681 ingenium
4382 1595 4533 1660 adeo
4570 1616 4656 1660 se-

2747 1681 2976 1747 datum
3021 1692 3088 1747 et
3132 1686 3311 1765 pacis
3354 1681 3751 1761 studiosum,
3810 1692 3884 1747 ut
3925 1683 3996 1747 in
4055 1689 4193 1747 toto
4238 1701 4393 1746 suae
4448 1680 4657 1765 guber·

2747 1768 3031 1832 nationis
3076 1790 3270 1835 cursu
3315 1769 3525 1834 multa
3558 1768 3756 1834 etiam
3792 1770 4049 1852 privata
4092 1767 4312 1833 taedia
4344 1776 4409 1832 et
4441 1768 4660 1832 incom-

2745 1853 2941 1918 moda
2983 1852 3347 1934 devoraret,
3396 1865 3473 1919 ut
3506 1855 3813 1920 ecclesiae
3858 1853 4399 1936 tranquillitatem
4433 1865 4496 1918 et
4527 1874 4659 1918 con-

2745 1941 3118 2005 sensionem
3178 1941 3507 2007 retineret.
3615 1938 3882 2021 Quanto
3951 1961 4106 2023 ergo
4162 1941 4374 2024 magis
4430 1939 4497 2002 in
4554 1937 4659 2004 hoc

2746 2035 3038 2109 tempore
3094 2026 3450 2109 prudentes
3515 2027 3983 2111 gubernatores
4040 2025 4240 2090 huius
4304 2025 4425 2090 viri
4489 2024 4655 2089 indu—

2744 2112 2970 2177 striam
3020 2112 3258 2178 debent
3302 2112 3578 2191 imitari,
3636 2112 4018 2195 praesertim
4090 2133 4290 2195 quum
4349 2111 4657 2176 videamus

2746 2199 2985 2262 exoriri
3043 2199 3183 2263 sine
3237 2197 3429 2263 modo
3486 2196 3804 2263 fanaticos
3858 2198 4156 2280 spiritus,
4216 2198 4327 2280 qui
4384 2196 4657 2262 ecclesias

2744 2284 3049 2349 scindunt
3113 2293 3179 2349 et
3240 2284 3512 2368 impiam
3580 2284 3939 2349 doctrinam
4004 2282 4246 2367 ubique
4310 2304 4517 2348 serere
4575 2302 4659 2346 co·

2745 2380 3008 2434 nantur.

2917 2456 3160 2538 Accepi
3232 2456 3376 2520 heri
3440 2456 3663 2521 literas
3741 2478 3781 2521 a
3843 2455 4150 2538 Philippo
4219 2447 4659 2520 Melanehthone

2746 2542 2974 2624 quinto
3020 2539 3124 2605 die
3167 2541 3363 2607 huius
3406 2542 3656 2607 mensis
3699 2543 4004 2625 scriptas,
4037 2544 4118 2618 ¹⁰)
4162 2543 4235 2606 in
4280 2540 4506 2625 quibus
4545 2538 4659 2620 sig-

2744 2627 2971 2691 nificat
2989 2678 3003 2704 ‚
3067 2634 3214 2710 post
3284 2628 3572 2693 insanias
3637 2635 3705 2692 et
3758 2627 4011 2692 furores
4077 2625 4399 2713 Osyandri
4458 2642 4658 2689 senem

2743 2711 3072 2795 quendam
3118 2712 3362 2778 Italum
3414 2713 3787 2779 Stancarum
3810 2718 3896 2788 ¹¹)
3955 2733 4159 2779 novos
4202 2709 4525 2779 tumultus
4561 2731 4661 2774 ex·

2743 2799 2962 2864 citare.
3051 2798 3411 2863 Contendit
3463 2800 3640 2864 enim
3683 2798 4029 2865 Christum
4085 2799 4381 2865 humana
4428 2806 4660 2862 tantum
4714 2881 4718 2886 ὓ
4806 2767 4807 2832 3

2743 2892 2982 2949 natura
3040 2905 3182 2949 esse
3248 2883 3694 2949 mediatorem.
3795 2885 4065 2951 Punitio
4119 2886 4252 2951 Dei
4307 2904 4553 2951 summa
4602 2889 4661 2946 et

2744 2971 3033 3035 maxima
3054 2976 3156 3034 est
3177 2990 3371 3052 quam
3399 2970 3469 3034 in
3492 2969 3618 3036 hac
3640 2978 3851 3036 aetate
3879 2984 4109 3035 nostra
4124 2971 4425 3037 videmus
4447 2980 4509 3034 et
4529 2988 4659 3034 sen·

2743 3056 2965 3134 timus,
3011 3056 3257 3121 auferri
3300 3074 3340 3119 a
3379 3055 3568 3122 nobis
3609 3057 3752 3140 pios
3798 3066 3864 3122 et
3909 3055 4132 3122 doctos
4174 3057 4511 3122 ministros
4552 3052 4658 3118 Dei

2744 3150 2811 3207 et
2853 3142 3173 3208 exsistere
3217 3141 3378 3208 haec
3421 3152 3799 3226 portentosa
3841 3151 4152 3222 monstra,
4198 3165 4367 3228 quae
4410 3142 4660 3206 exitium

2744 3234 2938 3311 atque
2979 3228 3323 3293 interitum
3357 3229 3482 3293 toti
3516 3228 3744 3313 generi
3777 3228 4067 3294 humano
4103 3228 4387 3295 allatura
4420 3224 4660 3293 videan-

2744 3321 2873 3378 tur.
2964 3311 3191 3394 Quum
3235 3314 3438 3398 igitur
3480 3316 3549 3379 in
3594 3323 3781 3380 tanta
3837 3314 4213 3384 confusione
4260 3316 4456 3380 totius
4508 3310 4660 3376 orbis

2743 3408 2958 3465 terrae
3003 3407 3071 3464 et
3114 3400 3435 3484 praesidio
3480 3401 3766 3467 humano
3804 3402 4008 3466 simus
4055 3400 4356 3467 destituti
4401 3407 4467 3465 et
4497 3399 4517 3463 i
4602 3416 4659 3461 ο·

2742 3505 2966 3551 remus
3009 3484 3163 3570 quid
3199 3507 3322 3553 nos
3355 3487 3568 3553 facere
3602 3487 3967 3563 conveniat,
4011 3489 4275 3572 sequun'
4317 3506 4542 3568 exemp
4567 3501 4662 3548 um

2744 3570 3076 3656 Iosaphati
3119 3570 3202 3636 ad
3247 3572 3499 3639 coelum
3542 3573 3764 3640 oculos
3806 3572 4125 3652 tollimus,
4182 3582 4381 3658 teque
4423 3579 4661 3636 aeterne

2743 3664 2812 3722 et
2854 3660 3008 3724 vive
3051 3657 3237 3725 Deus
3281 3667 3548 3743 propter
3602 3658 3877 3744 gloriam
3933 3660 4218 3725 nominis
4264 3660 4363 3724 tui
4406 3673 4659 3730 oramus,

2745 3750 2820 3808 ut
2862 3744 3122 3810 afflictis
3165 3744 3360 3810 rebus
3403 3765 3592 3828 opem
3637 3745 3808 3811 feras
3850 3751 3916 3810 et
3972 3745 4262 3811 salutare
4309 3744 4490 3810 nobis
4529 3762 4662 3807 con-

2742 3828 2960 3895 silium
3028 3837 3096 3894 et
3160 3829 3559 3913 praesidium
3625 3833 3868 3895 mittas.
3968 3829 4154 3896 Bene
4218 3831 4370 3897 vale
4432 3837 4497 3895 et
4552 3826 4662 3890 cito

2745 3913 3045 3981 rescribe.
3136 3917 3535 4002 Argentinae
3584 3921 3681 3983 30.
3730 3915 3835 3981 die
3880 3915 4185 3983 Octobris
4238 3919 4420 3981 1552.

3809 4054 3992 4118 'l'uus
4034 4073 4118 4118 ex
4162 4057 4385 4119 animo

3683 4155 4079 4224 Franciscus
4121 4157 4492 4244 Dryander.

2914 4379 3010 4446 10)
3047 4379 3208 4449 Gor-p.
3249 4379 3333 4435 Be
3361 4420 3373 4431 .
3409 4378 3534 4433 Vn.
3573 4376 3723 4432 1098.

2916 4450 3009 4517 11)
3050 4448 3257 4504 stane.
3349 4454 3613 4503 caueam
3661 4447 4011 4503 Mantuanus
4055 4447 4121 4503 ol.
4168 4449 4439 4518 sacerdos,
4454 4445 4603 4517 ‘prof-
4633 4442 4665 4495 l.

2740 4517 2883 4573 hebr.
2926 4518 3274 4587 Beqiomonn'
3326 4521 3517 4572 contra
3557 4514 3895 4571 Oeiandnm
3940 4516 4357 4584 redemptionem
4400 4533 4437 4571 a
4473 4514 4663 4570 Christo

2739 4603 2853 4642 non
2884 4592 2946 4641 ut
2989 4587 3078 4641 hic
3120 4586 3330 4642 volebat
3366 4600 3467 4653 per
3518 4586 3688 4640 solam
3734 4586 3979 4641 divinam
4024 4593 4284 4641 mucram
4297 4627 4312 4654 ,
4362 4600 4541 4640 verum
4578 4591 4664 4650 per

2742 4657 2914 4711 solam
2948 4655 3245 4710 humanam
3276 4661 3554 4723 patratam
3578 4655 3916 4723 perhibebat.
3975 4652 4150 4723 Quam
4173 4657 4489 4710 sentations
4520 4663 4665 4723 qum

2740 4741 2794 4779 α.
2831 4722 2967 4778 1562
2988 4723 3354 4790 francofurti
3386 4723 3463 4777 ad
3492 4723 3759 4778 Viadrum
3787 4724 4002 4792 publice
4032 4723 4318 4792 proferret,
4348 4724 4575 4793 pronum
4603 4714 4663 4770 ab

2738 4793 2921 4849 Andr.
2957 4793 3229 4857 Masada,
3282 4791 3477 4846 deinde
3510 4809 3550 4847 α
3584 4792 3998 4849 Melanemhone
4044 4792 4235 4864 (Corp.
4277 4792 4404 4856 Ber.
4440 4785 4662 4847 XXIII·

2737 4860 2828 4918 87.
2898 4861 3157 4930 Schmidt,
3193 4861 3324 4919 Mel.
3356 4860 3486 4928 566)
3520 4862 3873 4932 ἰοφιιρπαΐαε
3902 4868 3995 4917 eet.

3646 5139 3911 5147 4*-
