4900 6167
647 406 774 468 539

648 598 984 674 compater
1021 588 1090 655 in
1134 585 1421 653 Domino
1465 586 1816 666 carissime,
1862 607 1983 671 pro
2029 586 2182 654 viva
2222 585 2414 652 nobis
2459 606 2601 652 esse

650 677 735 744 ad
777 698 896 743 vos
939 672 1243 759 epistola:
1287 693 1524 739 verum
1566 673 1880 758 quoniam
1912 673 1986 739 in
2020 672 2195 740 calce
2238 672 2600 750 literarum,

651 785 812 849 quas
877 760 958 828 ad
1026 768 1427 843 compatrem
1482 781 1701 827 meum
1760 760 1844 826 D.
1907 759 2244 825 Hauerum
2311 778 2430 842 per
2489 778 2602 824 eos

650 848 1003 933 scripsisti,
1024 848 1082 921 ²)
1138 847 1378 911 iterum
1433 867 1629 931 urges
1682 855 1761 912 ut
1803 844 1886 911 de
1934 844 2279 930 disciplina
2322 845 2602 930 castiga-

648 937 818 1000 toria
859 943 927 999 et
969 932 1639 999 excommunicatione
1673 930 2106 999 ecclesiastica
2122 982 2141 1010 ,
2197 949 2390 1014 quam
2435 951 2602 996 non-

648 1020 816 1087 nulli
858 1022 1098 1087 fratres
1140 1015 1334 1083 hodie
1390 1017 1716 1083 instanter
1772 1029 2042 1102 urgent,
2144 1016 2261 1082 uid
2320 1016 2604 1081 sentiam

650 1105 971 1192 aperiam,
1030 1106 1245 1170 visum
1288 1112 1387 1169 est
1431 1103 1641 1169 tribus
1685 1114 1965 1187 quatuor
2009 1121 2130 1172 ver
2174 1102 2231 1169 is
2275 1122 2353 1168 ea
2408 1100 2490 1165 de
2530 1122 2602 1167 re

650 1191 735 1259 ad
781 1200 847 1258 te
892 1190 1194 1258 scribere.
1282 1187 1736 1256 Necessariam
1793 1209 1936 1256 esse
1990 1188 2280 1256 ecclesiis
2324 1188 2602 1273 castiga-

651 1278 849 1344 tionis
895 1285 962 1342 et
1004 1273 1481 1362 emendationis
1525 1274 1970 1361 disciplinam,
2018 1286 2178 1358 puto
2223 1293 2416 1339 nemo
2461 1293 2603 1339 cor-

656 1362 847 1430 datus
903 1363 1149 1428 infitias
1212 1361 1348 1428 ibit.
1452 1362 1557 1427 De
1613 1360 1805 1428 modo
1858 1360 2038 1426 illius
2096 1381 2231 1427 non
2291 1359 2603 1426 convenit

651 1449 819 1517 mihi
862 1469 1013 1514 cum
1057 1447 1216 1526 illis,
1272 1448 1383 1532 qui
1425 1447 1597 1514 hanc
1642 1447 2008 1516 necessario
2052 1455 2291 1531 putant
2334 1465 2475 1512 esse
2518 1442 2604 1509 ad

650 1537 932 1602 formam
966 1535 1279 1618 pristinae
1313 1532 1785 1599 restituendam
1820 1532 2146 1611 ecclesiae,
2191 1533 2262 1597 in
2297 1552 2426 1614 qua
2461 1550 2601 1595 ma-

700 1622 713 1635 ’
758 1629 970 1686 tratus
1014 1620 1266 1687 alienus
1310 1627 1454 1686 erat
1488 1640 1528 1685 a
1560 1619 1964 1703 professione
2001 1619 2286 1684 nominis
2327 1616 2598 1683 Christi.

649 1642 756 1774 {bei
800 1705 1241 1773 necessarium
1287 1713 1431 1772 erat
1476 1712 1556 1770 ut
1595 1704 1838 1772 iudicia
1879 1704 2296 1789 castigatoria
2338 1703 2411 1767 in
2457 1723 2600 1770 coe-

651 1791 828 1859 tibus
872 1790 1167 1858 fidelium
1212 1799 1678 1858 exercerentur
1693 1842 1708 1868 ,
1756 1789 1836 1857 de
1881 1790 2116 1874 quibus
2160 1791 2229 1855 in
2274 1788 2601 1873 Apologe·

650 1879 780 1946 tico
844 1877 1241 1943 Tertulliani
1285 1875 1444 1961 Cap.
1509 1879 1588 1940 39
1663 1875 1887 1942 videre
1955 1876 2128 1942 licet.
2231 1875 2375 1941 Iam
2445 1894 2601 1940 vero

649 1971 998 2050 postquam
1050 1962 1311 2046 impleri
1370 1964 1584 2047 coepit
1639 1960 1806 2028 illud
1849 1962 1958 2029 Ps.
2009 1965 2073 2027 2:
2138 1961 2230 2027 Et
2273 1982 2454 2027 nunc
2496 1981 2603 2025 re-

651 2071 770 2136 ges
812 2047 1161 2134 inteffigite
1177 2101 1195 2129 ,
1241 2047 1598 2115 erudimini
1642 2047 1756 2133 qui
1797 2045 2097 2114 iudicatis
2141 2054 2418 2127 terram,
2466 2067 2602 2111 ser-

650 2137 790 2202 vite
833 2135 1118 2202 Domino
1173 2135 1243 2201 in
1302 2134 1537 2200 timore
1595 2141 1665 2200 et
1718 2133 2103 2201 osculamini
2158 2132 2405 2210 filium,
2481 2140 2602 2198 etc.

650 2222 934 2288 arbitror
977 2219 1505 2287 emendationem
1542 2220 1846 2287 vitiorum
1886 2229 1952 2286 et
1988 2219 2449 2303 castigationes
2495 2217 2606 2283 de-

646 2308 1123 2391 linquentium,
1168 2306 1368 2373 verbo
1412 2305 1717 2374 videlicet
1760 2305 2092 2373 doctrinae
2134 2326 2270 2370 non
2313 2303 2604 2388 acquies-

649 2394 974 2472 centium,
1021 2394 1261 2477 partim
1305 2413 1423 2478 per
1467 2393 1881 2472 consistoria,
1929 2401 2007 2457 ut
2047 2397 2300 2469 vocant,
2344 2392 2413 2456 in
2459 2390 2601 2475 qui-

649 2479 775 2546 bus
817 2487 883 2545 et
926 2489 1259 2545 senatores
1303 2486 1372 2545 et
1413 2477 1698 2544 ministri
1741 2476 2028 2556 sedeant,
2075 2477 2159 2542 ad
2202 2476 2324 2542 hoc
2368 2496 2602 2541 mune-

649 2568 742 2632 ris
787 2587 826 2630 a
869 2564 1262 2648 magistratu
1304 2562 1570 2661 delecti,
1629 2565 1867 2648 partim
1928 2584 1969 2627 a
2021 2563 2413 2648 magistratu
2460 2562 2600 2645 ipso

651 2653 723 2718 in
767 2651 1182 2736 gravioribus
1227 2652 1492 2735 flagitiis
1522 2659 1589 2716 et
1629 2648 2187 2734 incorrigibilibus
2227 2647 2601 2726 sceleribus,

652 2739 746 2804 sic
792 2738 1079 2802 exerceri
1126 2757 1346 2820 posse,
1393 2745 1469 2801 ut
1513 2758 1645 2802 non
1690 2738 1778 2802 sit
1818 2734 2300 2818 respiciendum
2345 2733 2427 2799 ad
2472 2733 2600 2798 for-

651 2844 828 2889 mam
875 2824 1112 2906 prioris
1157 2822 1483 2889 ecclesiae.
1575 2823 1665 2887 Et
1704 2843 1872 2905 quae
1917 2820 2001 2887 ad
2046 2843 2197 2886 eum
2232 2817 2496 2884 modum
2532 2820 2597 2884 in

651 2931 778 2976 usu
836 2919 936 2974 est
988 2908 1364 2993 disciplina,
1425 2930 1561 2974 non
1621 2908 1814 2974 debet
1867 2906 2096 2973 haberi
2151 2924 2270 2989 pro
2319 2903 2600 2981 ethnica,

651 2995 841 3078 quasi
886 2994 1139 3062 alienus
1183 2994 1272 3060 sit
1310 2995 1391 3060 ab
1433 2994 1706 3061 ecclesia
1742 2994 2186 3078 magistratus,
2231 3005 2297 3055 et
2333 2988 2602 3056 Christo

649 3081 937 3147 Domino
992 3103 1127 3147 non
1181 3081 1457 3157 serviat,
1529 3080 1866 3164 corrigens
1920 3078 2084 3144 vitia
2143 3087 2210 3143 et
2267 3075 2601 3161 castigans

652 3166 1126 3251 delinquentes.
1229 3167 1304 3231 In
1359 3186 1619 3231 summa
1676 3163 2008 3231 sententia
2063 3183 2212 3229 mea
2265 3171 2398 3240 est,
2461 3182 2601 3226 rem

651 3274 798 3320 esse
840 3253 1283 3319 necessariam
1340 3253 1498 3319 cas'
1593 3273 1664 3317 re
1720 3261 1786 3316 et
1843 3248 2194 3317 emendare
2238 3256 2600 3331 peccantes,

645 3336 919 3405 modum
980 3358 1136 3404 vero
1190 3359 1483 3422 usurpan
1530 3358 1644 3403 um
1701 3358 1845 3402 esse
1904 3356 2055 3401 eum
2114 3335 2224 3417 qui
2280 3334 2474 3398 faciat
2517 3331 2602 3398 ad

643 3445 914 3511 scopum
949 3424 1422 3491 aedificationis
1458 3445 1587 3488 non
1624 3420 2101 3497 destructionis,
2139 3431 2207 3484 et
2241 3416 2601 3486 secundum

644 3511 1031 3596 qualitatem
1076 3509 1388 3593 cuiusque
1420 3508 1630 3593 possit
1659 3507 1938 3574 obtineri
1973 3505 2303 3583 ecclesiae,
2347 3513 2415 3570 et
2457 3506 2599 3570 sine

644 3598 786 3664 ulla
827 3594 1306 3664 disturbatione
1362 3615 1499 3659 non
1542 3594 1839 3659 inchoari
1890 3591 2112 3671 mode,
2172 3591 2287 3658 sed
2331 3598 2401 3657 et
2442 3611 2599 3656 con-

641 3694 900 3752 stanter
942 3692 1011 3748 et
1052 3703 1206 3749 cum
1249 3682 1467 3746 fructu
1511 3679 1769 3745 durare.
1839 3678 2064 3745 Habes
2107 3678 2396 3744 breviter
2440 3675 2599 3760 quid

643 3772 944 3837 sentiam.
1026 3768 1118 3833 Et
1159 3767 1330 3832 hanc
1353 3775 1645 3832 mentem
1688 3786 1905 3831 meam
1947 3764 2018 3830 in
2041 3764 2302 3847 scriptis
2344 3784 2599 3847 quoque

640 3855 810 3922 meis
844 3853 1029 3921 haud
1064 3851 1492 3930 dissimulavi,
1531 3850 1647 3917 sed
1683 3850 1840 3917 licet
1878 3847 2088 3916 obiter
2125 3850 2314 3933 attigi
2348 3855 2596 3926 tamen,

643 3941 842 4008 sicuti
904 3938 1127 4006 videre
1182 3949 1282 4005 est
1336 3939 1404 4004 in
1463 3938 1694 4003 Ioann.
1742 3938 1841 4004 Oa
1891 3988 1905 4001 .
1956 3940 1993 4001 6
2057 3949 2148 4013 (v.
2211 3939 2350 4008 65):
2420 3933 2599 4002 Sunt

644 4025 911 4112 quidam
971 4048 1055 4091 ex
1114 4026 1302 4092 vobis
1358 4026 1470 4108 qui
1528 4044 1662 4089 non
1707 4044 1817 4089 cre
1863 4029 2002 4088 unt.
2092 4021 2328 4087 Malim
2374 4027 2598 4087 tamen

641 4112 864 4197 legere
922 4121 1072 4178 tuas
1126 4110 1252 4178 hac
1306 4110 1386 4176 de
1429 4130 1503 4174 re
1545 4109 1992 4195 cogitationes.
2082 4107 2436 4172 Caeterum
2482 4127 2598 4190 per

639 4200 927 4284 gratiam
971 4197 1237 4263 Domini
1281 4196 1450 4264 bene
1496 4196 1682 4262 valeo
1725 4216 1875 4262 cum
1922 4194 2104 4259 meis.
2192 4190 2370 4276 Opto
2414 4201 2493 4258 ut
2533 4199 2599 4257 et

641 4306 763 4351 vos
819 4283 1016 4350 isthic
1074 4282 1408 4350 commode
1465 4283 1696 4367 agatis.
1800 4282 1984 4347 Bene
2048 4278 2196 4347 vale
2254 4288 2323 4344 et
2380 4277 2600 4344 saluta

641 4379 791 4436 tuos
834 4369 1077 4435 fratres
1120 4379 1187 4434 et
1227 4369 1490 4435 amicos.
1579 4368 1839 4434 Bernae
1889 4369 2071 4432 1553.
2136 4364 2238 4430 29.
2284 4362 2466 4430 Maii.

1788 4501 2036 4589 Wolfg.
2082 4500 2425 4568 Masculus

1804 4597 1959 4655 tuus
2002 4589 2073 4654 in
2116 4586 2422 4654 Domino.

644 4879 695 4920 ο.
729 4863 810 4920 N.
847 4797 886 4917 12
918 4794 1700 4948 ΙξἭΙὲΥἭῃὼΜὶῗα
1755 4799 2050 4918 {fixum
2079 4793 2268 4861 fuerat
2292 4808 2361 4847 m.
2385 4791 2600 4873 {nm

642 4934 887 4990 cauam
918 4932 1135 4991 vidaon·
1166 4934 1324 4990 nobis
1355 4932 1707 5001 mm·
1989 4862 2269 4933 qm
2314 4863 2600 4931 epm

2126 397 2653 466 EPISTOLAE
2705 398 3123 463 1743—1745

4527 402 4636 465 540

3598 583 3786 656 1744.

3079 738 3592 810 HALLERUS
3634 738 4275 808 BULLINGERO.

2744 995 2756 1009 ·
2885 908 3136 977 Gratiis
3192 911 3347 977 actis·
3403 912 3479 979 de
3530 930 3686 978 novo
3728 910 4092 998 Bumnqm
4143 932 4323 997 opere
4375 919 4429 980 et
4479 935 4634 981 men-

2704 1000 2873 1060 tione
2912 996 3084 1078 facta
3115 999 3523 1080 praesentiae
3569 995 3820 1066 Gabini
3860 1003 3918 1064 ct
3957 997 4233 1064 aliorum
4265 1001 4638 1083 quorundam

2705 1082 3091 1165 neyotiorum
3105 1134 3121 1162 ,
3177 1082 3452 1166 loquitur
3506 1084 3584 1150 de
3622 1083 3969 1167 disciplina
4010 1084 4421 1153 eocksiastica
4458 1092 4512 1152 et
4550 1088 4635 1153 in-

2706 1167 2944 1233 stitutis
2974 1168 3429 1250 parochiarum
3472 1174 3530 1235 et
3570 1170 4073 1238 misteriorum
4115 1169 4549 1238 Borma-sium.

2687 1338 2821 1405 (Ex
2866 1339 3204 1409 autographo
3241 1339 3408 1394 Arch.
3447 1340 3624 1395 Turio.
3658 1340 3805 1396 Plut.
3839 1340 3937 1395 VI.
3973 1341 4098 1395 vol.
4151 1339 4276 1407 105,
4321 1342 4448 1396 olim
4482 1342 4642 1400 Scrin-

2946 1408 3006 1462 B.
3042 1408 3184 1478 Epp.
3222 1407 3375 1463 Tom.
3413 1408 3455 1462 1.
3490 1409 3586 1465 fol.
3622 1409 3747 1465 514.
3784 1437 3847 1449 -
3883 1409 4098 1465 Simler.
4137 1410 4256 1465 Vol.
4293 1410 4408 1479 79.)

2706 1578 3091 1646 Clarissimo
3135 1580 3278 1646 viro
3312 1581 3397 1647 D.
3434 1579 3823 1665 Heinrycho
3846 1581 4236 1668 Bullingero
4280 1582 4642 1650 fidelissimo

2705 1663 3015 1733 ecclesiae
3058 1666 3412 1749 Tigurinae
3456 1667 3704 1750 pastori
3748 1666 4012 1734 domino
4066 1677 4135 1734 et
4177 1670 4495 1754 compatri
4536 1691 4641 1737 suo

3239 1752 3619 1820 venerando
3659 1761 3728 1819 et
3770 1754 4124 1821 carissimo.

2882 1885 2951 1954 S.
3025 1887 3348 1969 Quamvis
3404 1889 3475 1954 hi
3533 1889 3744 1957 nostri
3774 1895 3822 1969 ¹)
3868 1892 3950 1959 de
3994 1891 4191 1959 rebus
4233 1892 4474 1958 nostris
4515 1913 4641 1959 om-

2706 1973 2904 2040 nibus
2963 1981 3028 2040 te
3074 1974 3415 2041 certiorem
3472 1976 3688 2043 facere
3741 1985 4007 2061 possent
4024 2028 4041 2056 ,
4098 1984 4322 2044 tamen
4380 1978 4530 2062 quia
4576 1989 4645 2043 ut

2709 2058 2989 2126 scribam
3055 2068 3397 2144 tantopere
3467 2062 3754 2129 hortaris
3825 2084 3909 2130 en
3991 2064 4286 2147 ipsorum
4354 2064 4643 2130 relationi

2708 2146 2871 2211 haec
2924 2146 3183 2230 privata
3241 2146 3496 2213 addam.
3586 2147 3815 2215 Primo
3830 2200 3846 2230 ,
3905 2171 4026 2235 pro
4081 2149 4495 2216 sanctissimo
4539 2148 4642 2215 illo

2708 2241 2821 2296 tuo
2863 2252 3086 2316 opere,
3103 2234 3162 2311 ⁶²)
3221 2232 3393 2316 quod
3449 2255 3651 2301 manu
3711 2234 3933 2303 fratris
3979 2234 4382 2321 descriptum
4425 2235 4509 2302 ad
4547 2257 4643 2301 me

2705 2318 2965 2396 misisti,
3008 2318 3314 2403 ingentes
3356 2327 3422 2384 et
3463 2321 3787 2387 maximas
3827 2321 3951 2387 tibi
3996 2341 4120 2405 ago
4164 2322 4432 2407 gratias.
4506 2321 4645 2387 Erit

2706 2404 2883 2469 enim
2925 2403 3092 2469 mihi
3134 2425 3375 2490 magno
3420 2405 3867 2473 adiutamento
3921 2407 3994 2472 in
4047 2407 4229 2474 hisce
4282 2416 4646 2475 controver-

2706 2490 2841 2570 siis,
2885 2490 3275 2573 praesertim
3318 2489 3402 2557 ad
3447 2491 3830 2560 Gallicanas
3886 2494 3944 2559 si
3997 2492 4166 2559 mihi
4220 2495 4307 2559 sit
4369 2492 4646 2560 eundum

2705 2575 2962 2643 classes.
3053 2576 3310 2663 Legere
3354 2575 3532 2645 hisce
3578 2578 3823 2658 diebus,
3867 2587 4137 2664 propter
4178 2578 4460 2647 fian-um
4502 2581 4647 2645 isto-

2704 2683 2856 2726 rum
2899 2682 3197 2729 meorum
3240 2665 3675 2747 praesentiam
3722 2685 3857 2731 non
3899 2665 4107 2749 potui,
4153 2664 4268 2731 sed
4310 2687 4494 2734 nunc
4533 2664 4648 2731 hoc
4771 2743 4777 2748 ⁷

2706 2748 2996 2830 primum
3063 2750 3188 2814 erit
3255 2749 3424 2833 quod
3492 2770 3701 2834 agam.
3823 2748 4122 2818 Calvinus
4186 2750 4385 2819 valde
4449 2772 4526 2819 ea
4584 2751 4649 2816 in

2706 2853 2906 2900 causa
2980 2853 3129 2899 acer
3192 2856 3334 2901 esse
3400 2833 3682 2902 videtur.
3711 2839 3761 2914 ³)
3873 2837 3942 2903 Is
4008 2835 4189 2903 hisce
4256 2837 4489 2903 diebus
4550 2835 4648 2902 hic

2706 2917 2828 2984 fuit
2847 2922 2902 2995 ⁴)
2948 2940 3082 2984 una
3121 2942 3272 2987 cum
3315 2922 3646 2988 consulari
3680 2921 3958 3005 quodam
3997 2923 4381 2991 Genevensi
4421 2931 4647 2989 tracta·

2706 3015 2894 3070 turus
2938 3004 3278 3072 nobiscum
3324 3004 3404 3072 de
3448 3007 3832 3074 diversitate
3877 3009 4413 3076 observationum
4456 3008 4647 3078 eccle-

2706 3090 3121 3157 siasticarum
3179 3091 3352 3157 inter
3395 3093 3736 3159 ecclesiam
3778 3095 4241 3162 Genevensem
4285 3105 4358 3161 et
4401 3102 4649 3162 nostras

2706 3176 3027 3243 eeclesias.
3096 3176 3308 3243 Valde
3343 3180 3521 3243 enim
3559 3178 3735 3245 dolet
3766 3181 4186 3266 magistratui
4228 3189 4478 3259 nostro,
4523 3179 4649 3248 Ge-

2705 3281 3022 3329 nevenses
3064 3271 3326 3346 praeter
3381 3266 3839 3332 necessitatem
3893 3265 4154 3333 crebras
4211 3266 4431 3334 facere
4487 3267 4650 3334 circa

2704 3369 2811 3414 res
2869 3356 3177 3415 externas
3233 3351 3645 3417 mutationes.
3747 3351 3986 3437 Itaque
4054 3351 4135 3418 de
4198 3353 4649 3420 conformitate

2704 3434 2926 3517 aliqua
2970 3433 3098 3500 erit
3157 3434 3504 3520 agendum.
3598 3436 3735 3503 Sed
3790 3458 4186 3522 suspensum
4229 3447 4332 3504 est
4376 3439 4499 3506 hoc
4541 3460 4648 3504 ne-

2703 3521 2958 3625 gotium
3031 3518 3236 3588 donec
3304 3522 3681 3588 iuvisantur
3737 3524 3995 3591 classes.
4099 3522 4264 3591 Man
4318 3531 4493 3591 ware
4542 3521 4651 3590 wol

2702 3628 2925 3689 ruwiy.

2874 3691 3045 3757 Heri
3120 3701 3416 3758 nostram
3495 3693 3604 3761 hic
3679 3694 4156 3762 celebravimus
4234 3694 4579 3780 Synodon.
4596 3694 4649 3780 ³)

2705 3777 2950 3845 Comiti
3000 3777 3264 3863 Georqio
3310 3800 3349 3843 a
3383 3779 3814 3881 Wirtenberg
3857 3780 4025 3846 nihil
4061 3781 4345 3865 amplius
4390 3803 4650 3866 respon-

2704 3862 2857 3930 dere
2898 3883 3164 3946 possum
3178 3915 3193 3943 ,
3250 3863 3381 3931 nisi
3425 3864 3597 3949 quod
3640 3866 3806 3932 mnu
3848 3866 4184 3935 videretur
4226 3887 4470 3953 operae
4556 3887 4649 3934 re-

2704 3951 2869 4015 tium
2914 3969 3057 4015 esse
3072 4001 3090 4029 ,
3146 3959 3220 4015 ut
3274 3950 3332 4016 si
3375 3951 3751 4019 ministrum
3797 3974 3882 4019 ex
3941 3974 4099 4037 agro
4142 3961 4372 4020 nostro
4417 3955 4506 4020 ha
4549 3974 4651 4020 ere

2702 4035 2933 4114 vellet,
2958 4036 3012 4121 ο)
3070 4035 3383 4103 scriberet
3437 4058 3517 4104 ea
3568 4038 3650 4104 de
3705 4059 3779 4104 re
3834 4037 3918 4105 ad
3974 4049 4275 4106 nostrum
4334 4048 4650 4118 senatum,

2702 4122 2889 4188 cuius
2931 4122 3247 4188 autoritas
3291 4124 3510 4189 omnia
3555 4123 3684 4190 alia
3725 4124 4198 4209 impedimenta
4238 4127 4598 4211 superabit.

2705 4290 3255 4416 ¹⁷44·1)1.Q“‘⁸'“.²”⁸
3301 4294 3364 4349 hi
3414 4293 3627 4378 fuerint
3667 4294 3845 4351 disces
3888 4312 3955 4352 σω
4003 4296 4079 4351 N.
4115 4294 4278 4365 1767,
4332 4298 4455 4354 scil.
4502 4295 4650 4351 stri·

2704 4376 2887 4510 Q&
2907 4375 2965 4491 ἕ)
2979 4364 4090 4515 ᾛιὲἔζχῖᾦῗέἓὲᾖῗοηςοωὲυᾱάπροῇ
4119 4434 4254 4514 {ocia
4284 4433 4654 4515 mgna-eug

2704 4514 2831 4581 ραι..
2891 4499 3139 4568 Goyman
3180 4507 3347 4555 dm
3384 4507 3570 4583 posset
3608 4501 3676 4557 de
3729 4503 3973 4567 Quatuor
4016 4503 4171 4558 hbrls
4214 4502 4283 4557 de
4325 4508 4510 4573 grana
4556 4502 4650 4557 Dei

2704 4568 2938 4720 {w}
2893 4581 3050 4691 bffi.
3065 4570 4499 4720 nggquggggffffiffitgrigoffiafigengfflquo
4532 4586 4651 4642 ⁰¹³*

2708 4705 2851 4775 Ray·
2888 4703 3115 4760 Damae
3147 4705 3386 4761 dicatum
3416 4707 3630 4775 prodiit
3660 4714 3908 4779 vergente
3939 4724 4088 4764 anno
4106 4708 4136 4762 1
4281 4711 4305 4776 (
4372 4724 4475 4776 eu,
4511 4654 4652 4763 m

2702 4773 2840 4857 1142.
2863 4772 2969 4839 70).
3031 4773 3160 4857 Quo·
3182 4790 3319 4857 vcro·
3335 4781 3504 4844 pacto
3519 4778 3840 4834 alterarum
3874 4793 4013 4848 opus
4036 4777 4264 4832 Haila-o
4297 4793 4500 4849 maeno
4530 4791 4651 4833 aaa

2703 4859 2767 4898 m
2799 4846 4338 4974 ωπίῶουονωωιεεᾶἒοεκρρᾷωὲνῶηοσῶἔέἆῧσίυρίι
4568 4914 4579 4927 ,

2704 4979 2793 5035 dis
2889 4981 3113 5038 ἰώπων
3146 4981 3374 5037 testibus
3411 4982 3825 5041 Commentariis
3858 4991 4082 5040 semus
4115 5000 4186 5039 m.
4222 4932 4481 5041 Febr-‚⁶08
4634 5023 4646 5037 .

2794 4996 2888 5050 ⁰01>
4515 4997 4633 5054 ΜΠ

2789 5188 2802 5201 ⁰
2908 5048 2971 5186 ἐζ
3006 5047 3096 5174 Z
3127 5048 3393 5202 ginnas·
3472 5121 3537 5175 in
3572 5118 4026 5191 Ephemmdi'bus'
4033 5137 4236 5204 ‘neque
4267 5123 4332 5175 iot
4368 5119 4647 5176 Mausoleo

3234 5228 3246 5240 .
3694 5187 4646 5260 maneamnliconmmflal·

2724 5257 3889 5394 aomfflfflrsgt‘osffmconstat.
