4900 6167
321 611 452 677 hoo
492 606 686 675 modo
734 605 1121 674 transferri?
1207 605 1481 674 Olausos
1537 606 1694 676 licet
1748 607 2110 691 scripturae
2167 626 2278 674 co-

319 695 503 762 dices
565 693 985 760 adorantium
1054 713 1235 759 more
1307 692 1713 761 osculentur:
1779 714 1983 778 quum
2052 701 2276 760 tamen

318 802 471 849 eam
515 780 830 848 obscurae
956 778 1350 864 rplexaeque
1392 778 1838 863 ambiguitatis
1870 778 2277 860 insimulant,

320 865 535 935 nihilo
579 866 728 950 plus
770 800 956 931 dege

319 953 483 1020 nino
536 972 706 1035 apex
758 951 1045 1035 scriptus
1107 958 1413 1018 exstaret.
1501 949 1721 1033 Quam
1772 949 1998 1017 volent
2038 951 2281 1035 specio-

320 1060 434 1107 sos
476 1036 601 1104 sibi
645 1036 873 1103 titulos
916 1035 1225 1116 induant,
1282 1057 1367 1102 ne
1424 1035 1583 1120 quid
1626 1035 1979 1102 videantur
2019 1045 2280 1121 praeter

318 1124 599 1209 spiritus
642 1121 987 1202 dictamen,
1030 1133 1104 1188 ut
1136 1121 1380 1191 iactare
1421 1122 1654 1201 solent,
1698 1123 1770 1187 in
1804 1122 2093 1188 medium
2126 1144 2278 1208 pro·

320 1213 531 1277 ferre:
590 1208 716 1275 hoc
783 1216 1008 1274 tamen
1062 1207 1193 1274 illis
1258 1206 1590 1275 decretum
1648 1209 1982 1292 fixumque
2040 1219 2141 1273 est
2203 1215 2281 1274 ιιι

320 1295 693 1361 rationibus
749 1295 1051 1360 omnibus
1106 1294 1328 1361 valere
1370 1295 1567 1360 iussis
1602 1291 1959 1368 oee’te'nmoc
2011 1294 2149 1361 sola
2192 1294 2283 1360 sit

318 1402 555 1448 eorum
613 1379 832 1446 libido.
920 1380 1101 1465 Ergo
1146 1379 1372 1446 fideles
1389 1430 1404 1456 ,
1461 1401 1544 1446 ne
1597 1379 1826 1463 quovis
1877 1380 2281 1463 imposturae

324 1475 531 1533 vento
574 1466 1153 1544 circumferantur,
1211 1487 1296 1532 ne
1339 1466 1605 1532 obnoxii
1648 1467 1785 1531 sint
1824 1466 2113 1532 versutis
2156 1465 2279 1530 im-

319 1553 589 1637 piorum
631 1551 903 1632 cavillis,
947 1572 1153 1635 quum
1194 1549 1554 1635 scripturae
1597 1548 1901 1617 doctrina*
1936 1549 2108 1617 nihil
2140 1571 2284 1619 esso

322 1640 584 1705 firmius
638 1647 818 1705 certo
886 1635 1041 1704 fidei
1096 1637 1546 1722 experimento
1616 1635 1826 1702 edocti
1883 1637 2108 1703 norint
2123 1688 2140 1716 ,
2210 1637 2281 1703 in

322 1723 503 1792 hanc
546 1723 863 1789 fulturam
908 1731 1051 1789 tuto
1094 1723 1499 1790 recumbant.
1585 1721 1724 1789 Nos
1766 1743 1923 1789 vero
1940 1773 1956 1802 ‚
2022 1721 2283 1807 quando

321 1831 475 1877 eam
518 1809 823 1876 videmus
866 1809 1086 1894 pravis
1150 1829 1222 1874 so
1320 1808 1334 1822 '
1376 1817 1594 1874 tarum
1648 1808 2038 1875 commentis
2082 1809 2285 1893 turpi-

324 1907 435 1963 ter
478 1895 946 1972 deformatam,
1004 1903 1072 1960 et
1112 1895 1199 1960 ho
1248 1895 1305 1959 'e
1348 1895 1420 1960 in
1473 1893 1599 1959 hoc
1641 1893 1992 1961 arfificium
2025 1896 2281 1962 incum-

324 1982 484 2048 bere
526 1980 955 2048 conductitios
989 2000 1195 2065 papae
1237 1978 1501 2046 rabulas
1544 1987 1619 2045 ιιι
1644 1980 1782 2046 ειιιε
1824 1980 2022 2047 fumis
2065 1980 2283 2047 lucem

321 2070 704 2145 obscurent,
766 2087 842 2132 eo
895 2067 1107 2150 magis
1147 2064 1231 2131 ad
1284 2064 1759 2133 restituendum
1815 2066 1957 2132 eius
1999 2067 2281 2134 nitorem

325 2154 620 2220 intentos
662 2173 804 2219 esse
848 2149 1051 2219 decet.
1546 2175 1550 2179 Α

505 2239 651 2324 Ego
714 2258 872 2305 sane
940 2235 1110 2322 quod
1179 2236 1341 2302 mihi
1392 2237 1719 2322 reliquum
1787 2247 1890 2303 est
1956 2238 2130 2305 vitae
2148 2287 2163 2314 ,
2227 2237 2284 2302 si

324 2326 542 2393 otium
596 2323 795 2391 simul
849 2331 937 2390 et¹
971 2323 1237 2390 libertas
1307 2345 1431 2408 sup
1513 2331 1639 2403 tet,
1702 2322 1860 2390 huic
1930 2322 2286 2407 praecipue

324 2409 551 2479 studio
622 2408 961 2477 destinavi.
1062 2410 1363 2475 Primum
1477 2409 1624 2475 uius
1680 2406 1921 2474 laboris
1988 2408 2285 2476 fructum

324 2497 606 2565 ecclesia
661 2498 763 2562 cui
822 2516 966 2562 sum
1026 2492 1325 2568 addictus
1383 2495 1481 2560 ita
1534 2494 1850 2579 percipiet
1906 2502 1984 2560 ut
2025 2494 2285 2578 longius

324 2581 571 2650 deinde
616 2591 855 2648 manet.
946 2581 1094 2648 Etsi
1133 2581 1309 2647 enim
1365 2602 1406 2647 a
1445 2580 1740 2647 muneris
1781 2581 1910 2646 mei
1952 2579 2286 2646 functione

324 2688 646 2755 perquam
705 2668 1018 2752 exiguum
1072 2666 1239 2732 mihi
1297 2679 1555 2750 tempus
1609 2672 1847 2745 restat,
1921 2664 1989 2730 id
2041 2673 2283 2746 tamen,

326 2754 986 2840 quantulumcunque
1029 2762 1147 2833 est,
1191 2753 1450 2819 institui
1493 2750 1577 2818 ad
1609 2752 1733 2818 hoc
1768 2752 2139 2835 scriptionis
2173 2773 2285 2838 ge-

323 2863 458 2908 nus
502 2840 816 2908 conferre.

503 2930 725 3010 Atque
745 2977 760 3004 ,
804 2935 881 2992 ut
923 2925 1005 2992 ad
1050 2937 1115 2991 te
1159 2931 1453 2994 revertar
1467 2974 1483 3003 ‚
1542 2923 1902 2992 clarissime
1944 2923 2113 3002 Rex,
2161 2922 2286 2991 hoc

326 3011 657 3079 mediocre
701 3013 943 3098 pignus
985 3011 1188 3078 habes
1234 3031 1413 3076 meos
1455 3011 1960 3076 commentarios
1976 3060 1992 3086 ‚
2052 3008 2285 3093 quibus

324 3099 682 3167 canonicas
704 3096 1054 3182 Epistolas,
1070 3097 1154 3182 ¹⁰)
1200 3096 1312 3162 ubi
1355 3096 1566 3163 multa
1609 3096 1886 3163 obscura
1930 3094 2173 3179 alioqui
2219 3101 2285 3161 et

326 3183 669 3251 recondita
711 3182 1121 3251 habebantur
1136 3234 1151 3260 ,
1194 3183 1290 3249 ita
1333 3181 1661 3267 explicare
1703 3189 1976 3248 conatus
2018 3201 2167 3248 sum
2208 3187 2286 3246 ιιι

324 3272 565 3338 lectori
609 3292 745 3337 non
787 3289 1053 3353 prorsus
1095 3270 1335 3355 ignavo
1370 3267 1711 3334 familiaris
1746 3266 1828 3332 ad
1869 3288 2095 3333 verum
2134 3287 2283 3333 sen-

329 3378 481 3425 sum
526 3377 825 3424 accessus
867 3363 1106 3439 pateat.
1193 3353 1412 3421 Sicuti
1465 3363 1687 3420 autem
1738 3374 1853 3436 pro
1918 3373 2038 3419 sua
2080 3351 2284 3418 facul-

328 3451 467 3509 tate
513 3441 595 3507 ad
633 3439 1091 3508 debellandum
1118 3440 1601 3506 Antichristum
1642 3458 1829 3504 arma
1862 3436 2286 3523 suppeditant

328 3528 695 3616 scripturae
738 3528 1129 3611 interpretes
1148 3577 1161 3602 ,
1230 3525 1350 3591 has
1408 3545 1662 3609 quoque
1707 3523 2074 3591 Maiestatis
2133 3533 2285 3589 tuae

326 3617 627 3700 proprias
668 3635 810 3680 esse
851 3624 1069 3696 partes
1120 3611 1495 3678 memineris
1511 3662 1526 3690 ‚
1583 3631 1709 3695 quo
1764 3612 2025 3695 integra
2062 3612 2286 3694 vigeat

330 3700 564 3785 religio
579 3752 593 3776 ,
650 3699 967 3765 sinceram
1013 3718 1089 3764 ac
1130 3717 1509 3783 germanam
1556 3698 1685 3764 scri
1733 3707 1919 3762 turae
1962 3697 2285 3779 interpre-

334 3787 647 3853 tationem
694 3786 775 3851 ab
818 3782 1109 3868 indignis
1165 3782 1509 3850 calumniis
1554 3784 1665 3849 vin
1718 3783 1904 3849 'cai-e.
1991 3781 2141 3847 Non
2187 3791 2284 3846 te-

331 3893 512 3937 mere
576 3892 695 3955 per
740 3870 1017 3936 Moisem
1059 3867 1245 3935 Deus
1303 3866 1602 3946 mandat,
1659 3867 1856 3934 simul
1906 3876 2099 3949 atque
2164 3888 2285 3931 rex

332 3958 554 4041 populi
610 3957 711 4023 sui
752 3957 1183 4040 inauguratus
1230 3954 1448 4032 fuerit,
1495 3963 1570 4018 ιιι
1611 3953 1738 4021 sibi
1784 3952 2281 4020 describendum

331 4055 514 4111 curet
555 4043 759 4125 Legis
814 4040 1135 4108 volumen.
1225 4038 1403 4123 Quid
1461 4041 1516 4104 si
1561 4041 1854 4124 privatus
1911 4039 1983 4103 ιιι
2028 4041 2168 4106 ειιιε
2214 4059 2286 4103 εε

335 4129 614 4195 lectione
667 4127 800 4193 iam
859 4126 1211 4211 diligenter
1264 4125 1669 4192 exercuerit?
1760 4126 2007 4190 Verum
2056 4146 2140 4189 ne
2183 4125 2281 4209 ig-

334 4227 568 4281 norent
634 4234 855 4298 reges,
939 4219 1079 4278 tum
1142 4211 1462 4297 singulari
1544 4210 1841 4277 doctrina
1906 4231 1977 4276 se
2041 4209 2283 4276 habere

333 4322 517 4385 opus,
565 4309 703 4366 tum
750 4298 1077 4383 peculiare
1111 4300 1251 4363 eius
1283 4297 1569 4363 tuendae
1605 4308 1671 4362 et
1714 4294 2103 4362 asserendae
2137 4317 2281 4361 mu-

334 4409 459 4452 nus
505 4385 629 4452 sibi
672 4385 951 4469 iniungi,
994 4383 1126 4470 legi
1175 4404 1330 4450 suae
1354 4383 1677 4450 Dominus
1719 4383 1788 4446 in
1833 4402 2062 4447 eorum
2106 4381 2283 4463 pala-

336 4474 426 4537 tio
470 4491 729 4537 sacrum
788 4470 1184 4536 domicilium
1229 4470 1539 4554 assignat.
1628 4469 1869 4542 Porro,
1928 4488 2130 4551 quum
2175 4486 2280 4533 ae-

336 4557 488 4623 tatis
512 4568 667 4622 tuae
703 4556 966 4623 modum
1011 4556 1204 4640 longe
1239 4565 1503 4639 superet
1525 4555 1593 4620 in
1629 4553 1753 4618 hae
1792 4560 1983 4636 parte
2019 4552 2283 4619 heroica

334 4643 536 4708 animi
582 4644 678 4708 tui
721 4639 1133 4728 magnitudo,
1191 4661 1323 4707 non
1383 4651 1484 4707 est
1523 4639 1693 4724 quod
1738 4637 1889 4722 plus
1935 4639 2281 4706 verborum

335 4729 409 4793 in
476 4741 538 4794 te
593 4728 881 4796 acuendo
937 4746 1335 4795 consumam.
1423 4727 1623 4804 Vale,
1668 4725 1819 4791 Rex
1862 4723 2278 4792 nobilissime.

334 4815 662 4880 Dominus
705 4813 1117 4880 Maiestatem
1183 4821 1361 4878 tuam
1418 4821 1759 4896 protegere
1802 4809 1930 4876 fide
1984 4831 2106 4875 sua
2124 4860 2140 4889 ,
2206 4818 2284 4875 ιιι

332 4901 580 4984 coepit,
671 4910 882 4984 ergat:
949 4898 1334 4983 prudentiae
1377 4917 1453 4964 ac
1494 4895 1892 4964 fortitudinis
1936 4896 2171 4978 spiritu
2215 4903 2281 4960 te

335 4997 403 5052 et
445 4985 624 5052 consi
654 4986 666 4999 '
718 4987 847 5051 rios
890 4985 1229 5069 gubernet,
1274 4991 1485 5049 totum
1528 5003 1614 5049 ue
1658 4982 1846 5067 regni
1889 4988 2137 5047 statum
2179 4983 2279 5046 in-

331 5070 656 5139 columem
700 5080 1127 5155 pacatumque
1170 5079 1403 5137 servet.
1544 5088 1792 5136 enevae
1834 5088 2008 5134 nono
2052 5066 2279 5134 Oalen-

332 5156 455 5223 das
495 5156 840 5224 Februarii
875 5157 967 5222 M.
1014 5158 1098 5222 D.
1144 5156 1258 5223 LI.

541 5344 634 5411 10)
670 5345 888 5402 Abeunt
922 5351 1097 5402 tamen
1130 5344 1274 5400 duae
1305 5346 1541 5401 maiores
1575 5344 1869 5401 Ioannem.

920 871 1080 930 runt
1120 865 1488 932 autoritatis
1529 886 1724 948 quam
1768 864 1826 930 si
1870 865 2096 932 nullus
2137 886 2277 932 om·
2309 893 2318 903 ·

196 485 208 494 ,
320 422 409 486 37
2036 422 2192 484 1551
2231 418 2612 488 IANUAR.
4254 427 4338 490 38

3265 607 3456 679 1444.

2547 739 2557 749 “
2606 762 2956 832 oALvm
2999 761 3128 830 Au
3169 759 3338 829 ROI
3378 762 4099 832 DANGLETERRE.

2553 934 2759 1002 Βοῶνα
2811 934 3442 1020 d’aocompaynemnt
3500 936 3543 1000 ἀ
3598 934 3918 1002 Poccasion
3972 936 4049 1002 de
4107 936 4337 1005 l’envoi

2383 1021 2495 1088 des
2534 1023 3018 1089 oommentaires.

2382 1192 2498 1257 (Au
2658 1191 2766 1262 phe
2801 1191 2940 1246 Bibl.
2977 1191 3048 1245 de
3083 1188 3319 1246 Geneve.
3369 1190 3495 1245 Vol.
3536 1187 3650 1256 107,
3685 1191 3775 1245 sol.
3812 1190 3898 1245 30.
3966 1191 4041 1247 Go
4081 1194 4160 1248 ies
4193 1194 4331 1249 ibid.

2385 1260 2512 1317 Vol.
2581 1259 2695 1331 07¹³,
2730 1260 2821 1316 fol.
2856 1259 2904 1314 1.
2978 1259 3241 1316 Archives
3275 1260 3344 1312 de
3378 1260 3559 1314 Berne
3595 1260 3735 1381 Epp.
3773 1259 3870 1313 VI.
3910 1278 3963 1330 p.
3997 1259 4028 1313 1
4064 1259 4115 1315 0.
4189 1264 4335 1319 Bibl.

2383 1333 2498 1386 nat.
2533 1330 2602 1384 de
2637 1330 2812 1383 Paris.
2849 1328 2984 1384 0011.
3021 1329 3182 1398 Dupu
3257 1328 3385 1384 Vol.
3423 1327 3537 1394 102,
3593 1328 3648 1382 fo
3674 1366 3686 1379 .
3721 1327 3806 1384 29.
3875 1328 4163 1399 Imprimee
4198 1332 4335 1388 daus

2384 1398 2466 1453 les
2482 1397 2701 1452 Lettres
2736 1398 2800 1452 fr.
2835 1397 2905 1451 de
2921 1398 3139 1452 Bonnet
3202 1434 3215 1449 .
3247 1395 3366 1452 325.
3427 1396 3666 1462 (Buohat
3700 1397 3771 1452 V.
3796 1396 3941 1465 538.)
3994 1400 4042 1454 E
4081 1417 4135 1470 p.
4201 1402 4213 1415 ⁸
4319 1439 4334 1454 .

2477 1484 2531 1537 p.
2564 1465 2686 1521 459.
2757 1466 3225 1534 Parker·Society,
3264 1465 3336 1521 H.
3373 1464 3491 1520 ⁷07.
3561 1453 3665 1520 lid.
3702 1466 3957 1528 d’Edinb.
3991 1417 4081 1523 11¹?
4097 1466 4219 1524 284.

2558 1637 2730 1722 Sire,
2775 1638 2832 1705 si
2870 1639 3105 1723 iavoye
3148 1658 3189 1703 a
3229 1658 3574 1704 mexcuser
3611 1658 3760 1706 vers
3805 1648 4021 1706 vostre
4065 1639 4335 1706 maieste

2386 1722 2467 1790 de
2511 1723 2576 1789 la
2618 1724 2952 1790 hardiesse
3002 1744 3129 1808 que
3179 1723 3245 1790 ia
3334 1725 3509 1807 prise
3551 1745 3638 1790 en
3676 1745 3840 1791 vous
3887 1724 4188 1792 desdiant
4229 1744 4335 1792 ees

2384 1809 2586 1877 livres
2608 1814 2660 1890 ¹)
2703 1817 2829 1894 que
2882 1811 2945 1876 ie
2998 1829 3166 1876 vous
3229 1746 3353 1875 gu
3395 1819 3734 1894 presenter
3787 1812 4222 1890 maintenant‚
4287 1809 4338 1876 il

2385 1916 2494 1961 me
2535 1894 2849 1962 fauldroit
2903 1904 3171 1961 trouver
3236 1894 3512 1962 advocat
3574 1896 3688 1979 qui
3744 1903 3962 1980 portat
4004 1897 4072 1982 18
4112 1897 4337 1981 parole

2385 2002 2554 2065 pour
2595 2002 2769 2067 moy.
2859 1980 2992 2048 Oar
3032 1987 3183 2047 tant
3216 2001 3334 2046 sen
3373 1981 3540 2047 fault
3574 2002 3703 2064 que
3746 2003 3886 2048 mes
3919 1982 4147 2049 lettres
4188 2004 4336 2050 eus-

2386 2076 2535 2133 sent
2576 2087 2758 2134 assez
2804 2064 2884 2133 de
2926 2066 3135 2133 credit
3174 2087 3339 2151 pour
3381 2088 3457 2133 ce
3499 2067 3660 2133 faire
3675 2118 3691 2145 ‚
3750 2067 3999 2152 quelles
4035 2069 4336 2136 auroient

2386 2173 2633 2219 mesme
2703 2152 2976 2238 besoing
3054 2151 3336 2220 dexcuse
3414 2152 3733 2219 nouvelle.

2387 2258 2640 2305 comme
2678 2238 2910 2308 iamais
2943 2239 3004 2305 ie
3038 2260 3123 2304 ne
3156 2259 3263 2304 me
3296 2238 3508 2305 feusse
3542 2239 3610 2303 in
3659 2259 3770 2304 ere
3803 2237 3883 2305 de
3917 2261 4084 2306 vous
4119 2240 4337 2307 adi-effi

2386 2344 2494 2389 ser
2535 2324 2632 2390 les
2675 2326 3174 2392 commentaires
3215 2344 3340 2408 que
3381 2323 3496 2409 iay
3538 2344 3628 2407 pu
3673 2323 3757 2390 lie
3792 2346 3878 2391 en
3902 2332 4124 2392 vostre
4158 2347 4332 2407 nom,

2387 2410 2569 2477 aussi
2603 2430 2917 2496 noseroys
2939 2412 3000 2476 ie
3037 2431 3155 2494 pas
3179 2410 3592 2476 maintenant
3611 2431 3775 2475 vous
3798 2412 4054 2493 escrire,
4094 2412 4339 2478 nestoit

2386 2494 2453 2561 la
2492 2498 2825 2564 confiance
2867 2517 2993 2580 que
3046 2497 3278 2581 iavoye
3337 2492 3518 2561 desia
3560 2515 3839 2562 conceue
3882 2518 4007 2580 que
4052 2505 4197 2564 tous
4240 2497 4336 2564 les

2388 2580 2564 2647 deux
2609 2583 2891 2648 seroient
2926 2583 3076 2649 bien
3106 2600 3351 2648 reoeuz.
3419 2580 3553 2647 Oar
3594 2582 3744 2665 puis
3786 2603 3914 2665 que
3957 2604 4076 2649 me-
4106 2592 4337 2649 tenant

2388 2666 2477 2733 du
2537 2667 2806 2733 nombre
2862 2666 2943 2734 de
2995 2688 3163 2734 ceux
3218 2667 3330 2750 qui
3381 2675 3669 2733 mectent
3731 2668 3922 2751 peine
3965 2667 4338 2736 dadvancer

2388 2752 2449 2819 le
2508 2753 2878 2840 Royaulme
2938 2752 3028 2820 du
3082 2753 3191 2820 filz
3258 2751 3338 2819 de
3379 2750 3559 2817 Dieu
3576 2804 3593 2833 ,
3653 2774 3819 2819 vous
3882 2775 4084 2821 navez
4148 2756 4338 2838 point

2388 2836 2738 2924 desdaigne
2783 2837 2864 2905 de
2904 2838 3028 2905 lire
3069 2859 3143 2905 ce
3185 2859 3312 2939 que
3353 2838 3414 2905 ie
3443 2858 3696 2925 navoye
3738 2860 3858 2923 pas
3893 2850 4341 2910 nommement

2386 2933 2691 3008 presente
2732 2945 2773 2990 a
2817 2935 3032 2991 vostre
3074 2925 3374 3004 Maieste,
3418 2926 3527 3009 iay
3569 2945 3768 3008 pense
3802 2947 3929 3009 que
3972 2927 4030 2992 si
4070 2949 4156 2994 en
4199 2932 4338 2994 εει·-

2387 3017 2554 3077 vant
2595 3030 2635 3075 a
2678 3009 3070 3078 Iesuschrist
3109 3031 3264 3077 mon
3308 3010 3583 3077 Maistre
3600 3060 3616 3089 ‚
3667 3010 3730 3075 ie
3772 3010 4060 3097 rendoye
4100 3013 4338 3097 parcil-

2386 3095 2637 3161 lement
2678 3102 3104 3181 tesmognage
3148 3093 3228 3161 de
3270 3094 3340 3160 la
3381 3115 3732 3162 reverence
3766 3104 3834 3161 et
3865 3097 4172 3164 affection
4205 3098 4338 3165 sin-

2386 3181 2638 3267 guliere
2725 3202 2809 3247 ue
2851 3182 2914 3248 ie
2956 3202 3120 3248 vous
3161 3189 3377 3264 porte,
3434 3181 3497 3246 ie
3541 3193 3646 3245 ne·
3669 3183 3968 3264 pourrois
4010 3182 4211 3249 faillir
4254 3182 4335 3252 de

2389 3274 2661 3334 trouver
2786 3289 2834 3332 n
2873 3266 3115 3333 recueil
3139 3268 3197 3344 2)
3239 3273 3308 3334 ει
3350 3266 3639 3332 1ιιιιιι8ιιι.

2560 3352 2694 3436 Qui
2783 3353 2886 3420 lus
2929 3362 3061 3434 est,
3106 3351 3287 3434 Sire,
3343 3372 3592 3418 comme
3647 3372 3755 3418 me
3799 3359 4031 3420 tenant
4071 3375 4335 3423 asseure

2388 3460 2516 3522 que
2557 3460 2701 3505 mes
2738 3375 2972 3507 lettres
3026 3445 3262 3505 auront
3322 3456 3505 3504 acces
3564 3437 3655 3504 tel
3695 3458 3822 3522 que
3865 3440 3926 3505 ie
3969 3438 4178 3508 desire
4221 3463 4339 3509 en-

2388 3546 2539 3591 vers
2592 3546 2792 3602 vous,
2855 3527 2916 3589 ie
2960 3545 3045 3589 ne
3094 3524 3278 3610 feray
3338 3522 3651 3590 difficulte
3708 3521 3786 3589 de
3843 3546 4009 3591 vous
4052 3528 4228 3610 prier
4269 3534 4338 3592 et

2388 3611 2700 3676 exhorter
2734 3631 2821 3675 au
2866 3631 3020 3675 nom
3058 3609 3140 3676 de
3174 3610 3368 3695 celuy
3404 3608 3639 3694 auquel
3673 3630 3835 3676 vous
3870 3608 4120 3677 donnez
4154 3621 4338 3679 toute

2385 3698 2714 3762 authorite
2759 3706 2824 3762 et
2866 3698 3233 3779 puissance‚
3278 3695 3359 3761 de
3394 3693 3675 3780 prendre
3716 3696 4021 3781 couraige
4065 3717 4104 3762 a
4137 3720 4336 3781 pour-

2387 3783 2611 3849 suivre
2664 3802 2739 3848 ce
2805 3802 2929 3865 que
2982 3802 3147 3848 vous
3200 3803 3359 3847 avez
3415 3782 3472 3848 si
3531 3781 3680 3847 bien
3726 3793 3790 3846 et
3836 3780 4339 3851 heureusement

2387 3887 2794 3945 commence,
2864 3877 3007 3931 tant
3049 3889 3132 3932 en
3192 3878 3411 3933 vostre
3464 3871 3750 3950 persone
3797 3887 3966 3949 quen
4021 3868 4214 3935 lestat
4256 3867 4336 3935 dc

2386 3962 2608 4018 vostre
2652 3953 3033 4038 Royaulme.
3121 3954 3281 4020 Gest
3338 3973 3463 4035 que
3521 3952 3583 4017 le
3647 3960 3793 4017 tout
3846 3954 3974 4018 soit
4028 3974 4338 4022 consacre

2387 4061 2427 4104 a
2471 4039 2644 4104 Dieu
2690 4050 2757 4104 et
2800 4061 2840 4104 a
2873 4047 3097 4106 nostre
3143 4036 3266 4104 bon
3304 4037 3611 4103 saulveur
3655 4037 3764 4120 qui
3811 4059 3975 4104 nous
4010 4060 4051 4104 a
4094 4042 4150 4105 si
4184 4040 4334 4106 che-

2387 4133 2646 4190 rement
2702 4124 2942 4207 aequis.
3032 4125 3167 4191 Gar
3224 4133 3432 4207 quant
3490 4144 3529 4188 a
3585 4122 3650 4187 18
3691 4122 4114 4189 reformation
4157 4146 4334 4192 com-

2384 4231 2613 4289 mune,
2676 4209 2802 4275 elle
2859 4217 3007 4276 nest
3050 4231 3167 4294 pas
3213 4228 3409 4275 eneor
3452 4208 3511 4273 si
3552 4209 3706 4274 bien
3750 4209 4021 4274 establis
4065 4210 4205 4293 quil
4246 4233 4331 4278 ne

2388 4297 2515 4362 soit
2579 4297 2706 4362 bon
2767 4295 3033 4361 mestier
3090 4294 3169 4361 de
3255 4315 3435 4360 asser
3491 4294 3720 4360 oultre.
3812 4295 3905 4360 Et
3963 4294 4043 4361 de
4084 4297 4241 4364 faict
4283 4297 4334 4363 il

2385 4383 2586 4448 seroit
2649 4383 2803 4449 bien
2867 4379 3130 4449 difficile
3240 4402 3275 4446 ε
3339 4401 3583 4465 purger
3636 4402 3720 4446 en
3777 4402 3866 4446 un
3927 4382 4071 4447 iour
4127 4404 4216 4448 un
4276 4375 4336 4450 si

2432 4466 2597 4533 rand
2631 4466 2878 4534 abisme
2915 4465 2994 4532 de
3028 4465 3485 4550 superstitione
3568 4468 3629 4532 ui
3665 4475 3767 4531 est
3800 4488 3882 4532 en
3915 4466 3982 4533 la
4004 4468 4329 4552 papaulte.

2384 4488 2491 4621 {a
2531 4555 2748 4621 racine
2805 4573 2886 4617 en
2931 4561 3031 4616 est
3074 4563 3220 4636 trop
3280 4552 3508 4636 profon
3558 4573 3624 4630 e,
3692 4561 3757 4618 et
3799 4559 3932 4618 sest
3967 4551 4047 4619 de
4091 4554 4331 4640 longue

2386 4640 2560 4705 main
2606 4649 2749 4704 tant
2792 4636 3136 4716 estendue,
3204 4658 3370 4722 pour
3427 4659 3513 4703 en
3555 4639 3745 4704 venir
3800 4640 3856 4705 si
3901 4647 4030 4705 tost
4070 4661 4111 4705 a
4155 4638 4328 4706 bout.

2384 4724 2558 4792 Mais
2601 4724 2878 4808 quelque
2923 4721 3233 4790 difficulte
3278 4745 3359 4790 ou
3407 4724 3516 4789 lon
3570 4744 3732 4789 uem·
3766 4725 3899 4807 quil
3945 4748 3992 4810 y
4033 4726 4143 4805 ait,
4190 4726 4330 4791 lex-

2383 4810 2665 4876 cellenoe
2709 4809 2789 4875 de
2830 4808 3145 4895 louvrage
3181 4816 3283 4875 est
3317 4807 3468 4877 bien
3504 4746 3698 4895 <figas
3743 4830 3867 4893 que
3902 4811 4199 4878 iammais
4242 4832 4328 4878 on

2383 4918 2470 4962 ne
2511 4917 2582 4962 se
2625 4895 2793 4962 lasse
2839 4916 2880 4960 a
2921 4894 2986 4960 la
3028 4895 3383 4978 poursuite.

2381 5134 2568 5189 1444.
2611 5135 2664 5198 1)
2706 5131 2906 5190 Savoir
2949 5133 3024 5189 les
3075 5133 3495 5190 Comentan‘res
3539 5149 3636 5189 sur
3683 5121 3854 5189 Esaia
3900 5141 3948 5187 et
3983 5135 4058 5188 les

2379 5201 3311 5328 ..ww-..mm
3332 5202 3557 5328 σει
3619 5203 3796 5324 ..ιε
3823 5207 3985 5269 1...
4021 5220 4089 5258 ..

2583 5338 2642 5403 2)
2677 5341 2925 5397 troubler
2959 5342 3066 5396 bon
3097 5342 3302 5396 accueil
3413 5381 3426 5395 .

4216 5142 4328 5193 tros

4215 5206 4324 5275 olo-

3842 5423 3911 5480 3*

3854 2154 3946 2219 Et
4021 2154 4102 2221 de
4179 2155 4337 2224 faict
4451 2228 4460 2238 ,
