4900 6167
701 446 828 508 475
2201 437 2724 506 EPISTOLAE
2778 442 2937 504 1703
2965 474 3013 483 ἡ
3032 442 3193 503 1705
4554 444 4663 506 476

700 633 789 697 rit
845 629 1105 697 Caesar.
1124 631 1182 706 ⁴³)
1270 626 1518 716 Habet,
1544 627 1742 692 etiam
1799 629 1870 693 in
1928 627 2360 694 Pedemontio
2412 648 2643 692 secun-

703 718 861 784 dum
918 714 1296 782 exercitum.
1400 714 1597 780 Vires
1646 735 1852 780 novas
1888 716 1959 778 in
2005 713 2274 799 Belgico
2329 732 2642 797 praesens

700 804 840 888 ipse
899 801 1251 886 recolligit,
1307 807 1382 865 ut
1439 798 1652 865 denuo
1724 801 1793 864 in
1856 798 2227 866 Picardiam
2299 800 2642 881 irrumpat.

700 888 935 955 Gallus
978 886 1268 970 undique
1311 885 1642 952 contrahit
1696 884 2008 970 quidquid
2052 892 2264 970 potest
2307 886 2645 968 copiarum

698 982 766 1039 et
808 974 1136 1057 pecuniae.
1228 970 1397 1054 Quis
1440 979 1738 1036 motuum
1760 976 1815 1047 ⁸)
1859 972 2122 1037 futurus
2166 972 2258 1037 sit
2290 971 2506 1036 exitus
2546 969 2645 1035 di-

697 1061 932 1126 vinare
988 1066 1360 1143 promptum
1420 1078 1553 1123 non
1612 1065 1748 1135 est„
1828 1058 2002 1123 Mira
2070 1065 2290 1123 tamen
2357 1054 2645 1122 bellandi

695 1146 1057 1231 pertinacia
1100 1144 1226 1210 fuit
1269 1145 1339 1209 in
1384 1143 1619 1211 comite
1668 1142 2153 1225 Mansfehlensi,
2199 1162 2366 1227 quae
2412 1161 2495 1206 ne
2540 1162 2644 1206 as-

746 1232 1002 1297 errimis
1076 1229 1339 1314 quidem
1415 1228 1741 1296 Saxoniae
1822 1228 2176 1314 frigoribus
2249 1249 2368 1312 per
2436 1234 2643 1292 totam

748 1338 1006 1404 yemem
1050 1315 1260 1383 cessit.
1350 1314 1625 1382 Interim
1683 1316 1862 1382 cives
1905 1316 2008 1381 tui
2053 1315 2272 1382 miseri
2318 1314 2644 1380 Constan-

695 1406 945 1470 tienses
989 1424 1119 1467 non
1163 1399 1354 1467 modo
1399 1401 1572 1467 laute
1617 1402 1739 1467 sibi
1793 1400 2175 1486 indulgent,
2236 1398 2350 1467 sed
2408 1401 2478 1464 in
2524 1418 2646 1465 sua

697 1490 964 1555 luxuria
1041 1487 1461 1555 bacchantur.
1583 1486 1954 1554 'Premenda
2028 1507 2187 1553 sane
2256 1485 2386 1552 Dei
2467 1485 2642 1550 ultio,

695 1569 850 1641 No‘n
895 1575 1070 1640 enim
1114 1573 1383 1640 dubium
1426 1581 1527 1639 est
1569 1574 1728 1657 quin
1772 1574 1899 1639 ista
1934 1573 2223 1639 belluina
2257 1571 2645 1655 intemperie

697 1680 767 1727 et
809 1660 1046 1744 spiritu
1091 1660 1416 1725 amentiae
1460 1668 1527 1725 et
1571 1659 1919 1745 vertiginis
1965 1657 2250 1725 vindicet
2291 1657 2476 1724 Deus
2521 1657 2641 1721 im-

701 1747 882 1830 pium
926 1744 1259 1811 doctrinae
1299 1765 1458 1810 suae
1503 1753 1976 1828 contemptum.
2067 1745 2213 1810 Etsi
2260 1755 2480 1809 autem
2526 1742 2642 1808 tibi

695 1832 887 1897 triste
932 1838 997 1896 et
1041 1831 1346 1897 acerbum
1392 1829 1624 1896 auditu
1668 1852 1813 1898 esse
1855 1831 1987 1898 scio
2031 1852 2196 1915 quae
2240 1840 2313 1895 tu
2358 1828 2437 1893 de
2482 1849 2641 1914 gen-

696 1920 783 1983 tis
829 1924 979 1983 tuae
1024 1918 1327 1983 caecitate
1371 1916 1601 1983 scribis
1619 1969 1635 1996 ,
1680 1916 1845 1984 haec
1890 1926 2112 1982 tamen
2156 1937 2294 1981 una
2335 1915 2644 2000 cogitatio

695 2024 834 2070 non
877 2023 1108 2087 parum
1152 2010 1216 2067 te
1251 2001 1448 2068 solari
1493 2001 1703 2082 debet,
1749 2002 1922 2087 quod
1967 2010 2155 2068 tuum
2197 2000 2641 2067 ministerium

695 2089 819 2155 hoc
862 2086 1052 2154 modo
1098 2087 1280 2154 Deus
1323 2087 1642 2173 obsignat,
1687 2088 1854 2171 quod
1902 2087 1984 2154 ab
2020 2088 2149 2153 illis
2194 2095 2328 2153 tam
2374 2085 2643 2170 indigne

695 2183 991 2260 spretum
1037 2176 1174 2240 fuit.

869 2259 1195 2344 Optabam
1216 2261 1474 2346 longius
1502 2260 1888 2344 protrahere
1910 2260 2268 2344 epistolam.
2291 2257 2405 2325 sed
2428 2253 2644 2324 brevi-

697 2348 822 2412 tati
855 2348 1170 2447 ignosces,
1217 2349 1368 2429 quia
1412 2346 1698 2412 inediam
1743 2345 2023 2429 amplius
2066 2367 2194 2412 non
2230 2345 2385 2412 fero.
2454 2343 2641 2423 Vale,

695 2433 1109 2498 ornatissime
1154 2432 1257 2497 vir
1310 2442 1375 2497 et
1431 2432 1596 2497 mihi
1656 2430 2010 2515 plurimum
2065 2431 2468 2497 observande
2512 2430 2642 2495 fra-

696 2529 818 2583 ter.
909 2517 1214 2603 Collegae
1260 2520 1389 2583 mei
1442 2525 1508 2583 te
1569 2518 1926 2602 plurimum
1985 2516 2285 2584 salutant
2331 2525 2397 2582 et
2447 2516 2642 2581 multi

695 2606 788 2688 pii
846 2603 1159 2669 homines.
1274 2603 1499 2669 Fratri
1557 2611 1777 2670 nostro
1836 2604 2082 2670 Iustino
2149 2603 2499 2687 plurimam
2557 2623 2641 2668 ex

695 2711 804 2755 me
849 2689 1127 2755 salutem
1173 2689 1365 2756 dices.
1455 2691 1778 2756 Dominus
1834 2711 1949 2756 vos
1994 2700 2062 2756 et
2105 2690 2440 2755 ecclesiam
2490 2709 2639 2754 ves-

696 2785 869 2840 tram
915 2783 1148 2853 servet,
1194 2776 1378 2842 vobis
1423 2776 1625 2856 adsit,
1680 2797 1802 2843 vos
1856 2777 2179 2861 gubernet
2239 2774 2478 2859 spiritu
2523 2795 2641 2840 suo

696 2871 766 2926 et
818 2859 1161 2928 benedicat
1216 2867 1516 2928 sanctum
1574 2863 1862 2928 laborem
1923 2871 2237 2930 vestrum.
2328 2861 2644 2928 Genevae

703 2952 800 3012 14.
849 2947 1194 3013 Februarii
1238 2948 1403 3014 hora
1444 2948 1673 3031 quinta
1717 2948 1839 3016 sub
1886 2969 2230 3033 vesperum
2281 2950 2463 3012 1552.
2486 2947 2543 3028 ⁴)

1227 3085 1508 3152 Ioannes
1551 3085 1866 3152 Calvinus
1909 3108 1992 3152 ex
2037 3087 2256 3151 animo
2300 3092 2470 3148 tuus.

1491 3383 1889 3390 --n-...bm

1585 3612 1766 3684 17⁰4.

1187 3767 1660 3837 GALVINUS
1704 3768 2132 3837 INOERTO.

872 3942 1085 4009 Plura
1138 3943 1353 4008 insunt
1405 3943 1580 4008 nobis
1634 3941 1882 4007 omnino
1934 3941 2278 4025 incoynim,
2339 3941 2639 4007 nonnulla

692 4030 770 4096 ae
805 4027 997 4093 mina
1025 4027 1400 4106 Novioduni,
1436 4028 1514 4093 de
1535 4027 2122 4109 persequutionibus
2166 4029 2239 4092 in
2278 4027 2519 4103 Gallia,
2562 4028 2638 4094 de

693 4133 915 4180 err-one
956 4114 1225 4196 quodam
1274 4114 1608 4193 pecuniam
1656 4113 2108 4180 Genevensibus
2153 4118 2543 4194 extorquente
2583 4119 2640 4179 et

688 4202 767 4267 de
813 4199 1063 4266 Calvina·
1103 4200 1313 4282 ipsiu-9
1354 4204 1821 4280 temperamento
1863 4204 1920 4265 et
1958 4201 2134 4280 apud
2175 4200 2339 4265 alios
2378 4200 2578 4281 fama.

690 4371 1082 4495 fflescribimus
1118 4387 1186 4423 ex
1224 4369 1462 4424 editione
1496 4369 1698 4434 Bonae,
1735 4370 1937 4424 Geuev,
1975 4388 2029 4440 p.
2065 4367 2194 4433 381,
2228 4370 2391 4425 Laus.
2425 4389 2478 4440 p.
2516 4370 2636 4438 248,

2919 626 3088 693 Cum
3134 628 3257 693 hoc
3297 629 3464 693 bono
3510 630 3650 695 viro
3711 628 4020 713 loquutus
4064 648 4232 693 sum.
4262 630 4312 705 ¹)
4399 626 4666 710 Quinam

2744 715 2917 779 inter
2959 734 3081 779 nos
3126 711 3331 780 habiti
3376 713 3623 781 fuerint
3663 716 3836 781 ultro
3881 716 4169 797 citroque
4213 735 4536 780 sermones
4573 734 4668 781 re-

2744 801 2915 866 ferre
2957 798 3125 863 1111111
3170 799 3421 866 attinet.
3510 801 3741 866 Monui
3785 821 3936 866 eum
3981 806 4049 865 et
4083 800 4382 866 hortatus
4425 820 4562 865 sum
4602 808 4669 866 ut

2745 907 2866 971 par
2907 891 3077 951 erat:
3141 885 3234 951 sic
3278 897 3537 967 tamen,
3598 908 3680 952 ne
3725 907 3853 971 qua
3895 885 3994 951 illi
4037 885 4308 951 sinistra
4348 884 4668 969 obreperet

2745 972 3043 1055 suspicio.
3119 970 3326 1040 Vides
3370 974 3545 1037 enim
3581 993 3697 1056 pro
3732 981 3846 1037 tua
3878 971 4246 1055 prudentia,
4291 979 4668 1056 quantopere

2747 1059 2816 1122 in
2864 1058 2984 1123 hac
3028 1056 3344 1123 bonorum
3390 1057 3718 1143 paucitate
3754 1057 4115 1132 cavendum
4155 1057 4261 1138 sit,
4304 1078 4389 1123 ne
4424 1077 4463 1122 a
4502 1058 4672 1125 nobis

2795 1165 3015 1209 torsus
3085 1143 3452 1210 alienentur
3515 1144 3626 1228 qui
3690 1150 3846 1210 sunt
3910 1152 4239 1227 utcunque
4304 1143 4667 1210 tolerabiles.

2745 1164 2852 1295 {le
2894 1228 3205 1295 fratribus
3248 1232 3361 1314 qui
3407 1230 3719 1315 Lugduni
3764 1230 3831 1294 in
3874 1228 4149 1296 vinculis
4193 1237 4527 1309 tenentur,
4580 1230 4673 1295 ni·

2746 1314 2999 1381 hildum
3036 1316 3190 1382 novi
3226 1315 3497 1381 allatum
3532 1323 3648 1382 est.
3669 1317 3726 1388 ⁹⁴)
3791 1314 4104 1382 Scribunt
4139 1315 4221 1381 ad
4258 1336 4379 1381 nos
4414 1316 4670 1398 septimo

2745 1422 2998 1486 quoque
3035 1401 3159 1482 die,
3204 1414 3272 1468 et
3304 1402 3596 1469 vicissim
3631 1402 3915 1486 aliquam
3951 1422 3990 1466 a
4024 1422 4130 1466 me
4165 1401 4672 1467 exhortationem

2746 1488 3101 1571 recipiunt,
3150 1488 3361 1572 magis
3406 1487 3598 1554 officii
3642 1508 3839 1554 causa
3882 1506 4077 1571 quam
4120 1508 4237 1570 pro
4283 1487 4668 1553 necessitate.

2746 1573 3175 1639 Admirabilis
3220 1574 3393 1639 enim
3440 1573 3709 1657 spiritus
3753 1574 3881 1640 Dei
3936 1572 4151 1640 virtus
4195 1572 4393 1658 pleno
4434 1573 4670 1658 fulgore

2745 1660 2814 1724 in
2857 1658 2990 1725 illis
3034 1679 3105 1724 se
3149 1660 3411 1741 profert.
3500 1660 3725 1743 Neque
3769 1666 3987 1724 tamen
4035 1659 4279 1738 dubito,
4322 1658 4482 1742 quin
4523 1659 4670 1724 meis

2743 1745 2952 1811 literis
2997 1745 3208 1829 magis
3252 1747 3639 1811 animentur.
3727 1746 3811 1810 In
3855 1745 4000 1811 aliis
4056 1742 4449 1829 quibusdam
4488 1744 4671 1827 parti-

2747 1832 2867 1897 bus
2910 1830 3172 1897 Galliae
3209 1833 3399 1917 ignes
3433 1852 3575 1898 esse
3612 1851 3916 1898 accensos
3957 1832 4209 1897 ferunt:
4255 1850 4378 1896 nec
4414 1830 4539 1896 alia
4577 1850 4672 1896 res

2744 1917 2956 2002 magis
2990 1916 3177 1983 sedat
3208 1917 3497 1983 hostiurn
3533 1918 3800 1994 rabiem,
3846 1937 4043 2001 quam
4081 1916 4289 2001 frigus
4322 1922 4394 1982 et
4427 1916 4671 2001 ignavia

2744 2024 2970 2068 eorum
2992 2053 3008 2084 ,
3069 2002 3179 2086 qui
3225 2003 3459 2069 volunt
3501 2001 3841 2070 Christum
3886 2003 4029 2069 sine
4087 2019 4278 2069 cruce
4332 2001 4667 2086 possidere.

2745 2088 2851 2154 Ita
2902 2091 3008 2168 fit,
3068 2097 3142 2154 ut
3200 2098 3493 2156 cessante
3552 2088 3885 2155 saeviendi
3928 2089 4234 2167 materia,
4294 2087 4514 2155 nullae
4554 2089 4672 2154 sint

2746 2181 2861 2241 aut
2899 2195 3089 2241 rarae
3132 2176 3204 2240 in
3257 2174 3484 2240 multis
3537 2175 3698 2242 locis
3741 2175 4294 2259 persequutiones.
4389 2173 4523 2240 Sed
4563 2175 4671 2240 mi-

2744 2282 2892 2328 sera
2935 2281 3082 2345 pax,
3130 2281 3295 2345 quae
3337 2270 3472 2326 tam
3516 2260 3762 2345 perfido
3806 2261 4064 2326 silentio
4107 2260 4471 2326 redimitur.
4556 2260 4671 2326 Pa-

2743 2347 2920 2414 risiis
2962 2354 3184 2413 tamen
3206 2347 3311 2413 Re
3361 2347 3374 2360 ⁸
3456 2348 3661 2430 ipsius
3705 2345 4011 2413 mandato
4053 2348 4124 2413 in
4167 2366 4495 2414 carcerem
4536 2367 4670 2412 con·

2743 2434 2953 2501 iectus
3008 2446 3111 2500 est·
3161 2433 3314 2498 nobi
3348 2434 3399 2498 ‘s
3463 2432 3576 2498 ille
3618 2433 3755 2510 vir,
3812 2434 3924 2516 qui
3981 2454 4100 2499 nos
4157 2439 4309 2499 ante
4347 2432 4670 2502 biennium

2746 2528 2883 2586 tam
2924 2539 3248 2603 propenso
3291 2518 3504 2586 studio
3547 2519 3832 2602 excepit,
3899 2540 4032 2585 non
4076 2519 4282 2584 multo
4372 2526 4477 2586 ost
4529 2539 4670 2602 pen·

2745 2612 3056 2671 tecosten.
3083 2608 3138 2689 ⁸)
3239 2605 3459 2671 Homo
3502 2614 3643 2671 erat
3666 2603 3880 2670 'valde
3914 2606 4179 2682 facetus,
4226 2628 4257 2671 s
4389 2626 4520 2670 non
4562 2606 4669 2670 mi-

2745 2714 2872 2757 nus
2915 2689 3247 2758 cordatus:
3293 2711 3415 2757 nec
3458 2690 3540 2756 ab
3584 2713 3660 2757 00
3697 2701 3986 2774 tempore
4019 2691 4302 2757 illustria
4346 2711 4507 2756 suae
4548 2690 4670 2774 pie·

2747 2778 2902 2843 tatis
2974 2777 3364 2844 documenta
3431 2775 3624 2843 edere
3693 2776 3960 2842 destitit.
4058 2776 4269 2843 Paulo
4335 2784 4669 2861 antequam

2742 2864 2984 2930 iniecta
3024 2862 3124 2928 illi
3166 2868 3341 2929 esset
3382 2883 3637 2942 manus,
3680 2862 3843 2927 mihi
3881 2864 4251 2946 scripserat,
4297 2884 4371 2928 00
4414 2864 4545 2928 iam
4584 2871 4669 2926 to-

2744 2958 2889 3015 tum
2932 2949 3001 3014 in
3044 2969 3122 3015 eo
3165 2968 3326 3026 esse,
3370 2959 3447 3013 ut
3487 2949 3680 3014 rebus
3724 2948 3861 3015 suis
3903 2947 4228 3032 expeditis
4270 2948 4357 3014 ad
4401 2969 4521 3015 1100
4560 2948 4668 3013 mi·

2744 3043 2983 3121 graret.
3072 3033 3186 3101 Sic
3229 3042 3451 3100 autem
3493 3041 3813 3101 statuerat
3847 3033 4147 3101 decidere
4181 3054 4330 3101 cum
4367 3034 4670 3120 tyrannis,

2742 3131 2822 3187 ut
2855 3122 3049 3187 tertia
3082 3128 3265 3203 parte
3300 3142 3567 3187 suarum
3603 3120 3989 3187 facultatum
4024 3128 4373 3188 contentus
4417 3120 4670 3203 duplum

2744 3206 2877 3273 illis
2917 3207 3331 3290 relinqueret.
3398 3207 3585 3272 Inter
3618 3206 3749 3272 alia
3788 3207 4114 3287 narrabat,
4159 3206 4328 3291 quod
4376 3214 4442 3272 te
4483 3206 4670 3272 latere

2746 3293 2926 3372 nole,
2983 3291 3112 3358 sibi
3174 3293 3243 3357 in
3298 3293 3480 3360 urbis
3540 3301 3804 3358 nostrae
3860 3293 4074 3358 ruinis
4128 3293 4424 3360 oblatum
4480 3291 4673 3358 fuisse

2745 3378 2990 3444 mirum
3048 3378 3512 3462 spectaculum,
3569 3377 3740 3462 quod
3796 3377 4029 3444 domus
4069 3378 4279 3464 patris
4321 3380 4484 3456 mei,
4542 3375 4671 3443 aliis

2746 3462 3049 3531 omnibus
3091 3465 3164 3529 in
3206 3465 3494 3531 cinerem
3537 3464 3822 3531 redactis
3837 3516 3851 3540 ,
3896 3466 4156 3549 integra
4199 3472 4426 3531 staret.
4512 3462 4671 3529 'Pan-

2745 3549 2896 3616 dem
2938 3551 3223 3618 subiicit:
3285 3550 3360 3615 Ie
3411 3571 3488 3616 ne
3542 3550 3720 3617 doute
3763 3571 3890 3633 pos
3932 3571 4050 3633 que
4090 3550 4265 3618 Dieu
4304 3551 4467 3617 n’ait
4500 3548 4672 3616 0011111

2743 3635 2976 3703 lai-eser
3016 3657 3079 3703 ee
3120 3638 3534 3721 tesmoiynaye
3574 3641 3777 3702 contre
3818 3642 3957 3704 tous
3988 3656 4144 3703 001111
4177 3638 4252 3702 de
4291 3641 4492 3703 vostre
4522 3633 4670 3711 ville,

2748 3721 3015 3805 lesquels
3056 3722 3198 3788 huit
3239 3742 3322 3788 011
3363 3722 3702 3788 (1110101103
3743 3727 4146 3804 aupwavant
4187 3727 4446 3804 avoyent
4482 3717 4673 3787 bru-sle

2742 3828 2818 3873 011
2865 3811 3189 3891 peineture
3232 3807 3563 3875 Μυησίων·
3616 3809 3693 3874 de
3738 3808 4231 3889 Normandie‚⁴)
4289 3813 4346 3872 et
4406 3809 4465 3874 le
4511 3810 4669 3871 reste.

2741 3894 2952 3960 Porro
2997 3895 3118 3960 hoc
3161 3903 3563 3977 postremum
3606 3894 3778 3977 quod
3822 3895 4051 3972 refert,
4109 3915 4190 3960 ex
4235 3895 4460 3960 curiae
4499 3891 4670 3957 Pari-

2742 3981 2975 4047 siensis
3035 3980 3293 4046 decreto
3349 3981 3595 4044 factum
3650 3993 3821 4057 erat,
3881 4001 4048 4064 quae
4100 3979 4451 4048 ridiculum
4496 3994 4670 4044 suum

2742 4074 3074 4152 stuporem
3118 4068 3185 4131 in
3231 4088 3306 4131 eo
3343 4064 3645 4148 prodidit,
3691 4064 3862 4149 quod
3897 4067 4154 4151 sepulta
4187 4068 4316 4132 mei
4356 4064 4670 4158 mentione

2743 4153 2997 4219 Abelem
3012 4153 3072 4235 5)
3116 4152 3303 4219 citari
3349 4153 3542 4218 iussit
3582 4153 3652 4217 in
3684 4154 3822 4217 foro
3863 4151 4391 4219 Noviodunensi:
4439 4172 4514 4217 ac
4552 4147 4668 4213 11101

2742 4261 2812 4305 00
2869 4240 3166 4314 sisteret,
3229 4238 3684 4322 pronunciavit
3738 4237 4112 4304 habendum
4169 4258 4312 4304 esse
4372 4258 4490 4321 pro
4532 4254 4670 4301 con·

2742 4326 2928 4390 victo.
3032 4326 3167 4390 Res
3222 4323 3385 4388 mihi
3442 4323 3838 4390 incredibilis
3893 4323 4094 4404 foret,
4166 4325 4293 4389 nisi
4361 4329 4669 4389 arrestum

781 4456 903 4493 nov.
952 4455 1006 4508 p.
1055 4437 1183 4505 277,
1230 4438 1444 4493 Ohouet
1489 4455 1541 4509 p.
1596 4437 1727 4504 523,
1781 4441 1957 4493 Amat.
2012 4457 2064 4508 p.
2118 4436 2237 4492 238.
2325 4440 2477 4495 Alibi
2529 4459 2636 4496 non
2746 4504 2765 4508 ‚
2854 4503 2861 4506 μ

1552 4509 1780 4573 exstat.)

897 4677 959 4742 2)
999 4677 1258 4733 Seuerum
1309 4678 1616 4747 defecerant
1678 4696 1715 4731 a
1777 4678 2010 4734 Caesare
2060 4696 2127 4733 m.
2181 4680 2429 4751 Auyusto
2484 4680 2636 4736 1552.

693 4746 888 4815 (310111.
935 4746 1033 4802 111.
1077 4745 1220 4812 395.)
1273 4746 1570 4802 Obsidione
1612 4748 1792 4816 pressi
1834 4755 1963 4803 sunt
2007 4764 2058 4803 a.
2107 4747 2243 4803 1554
2288 4755 2338 4805 et
2381 4767 2421 4803 a
2473 4750 2635 4807 Petro

693 4816 927 4874 Sirena
960 4814 1173 4876 defensi
1202 4815 1302 4882 (ib.
1335 4813 1485 4880 458).

717 4919 722 4924 -
896 4883 958 4950 3)
993 4883 1105 4938 Hic
1141 4883 1398 4939 Presseh'i
1429 4884 1596 4940 editio
1628 4887 1847 4954 pun-cua
1878 4887 2148 4955 appositis
2191 4889 2510 4944 vocabulum
2545 4889 2634 4943 de-

689 4969 805 5008 0000
848 4953 1145 5024 111911ίῇ0111,
1197 4952 1279 5007 vel
1322 4954 1620 5009 abscissum
1668 4957 1750 5009 vel
1791 4956 1930 5010 lectu
1973 4955 2214 5023 difficile.
2298 4955 2634 5012 conficimus

689 5023 1039 5078 inserendum
1072 5036 1212 5075 0000.-
1245 5020 1458 5077 horum.

896 5089 958 5154 4)
996 5090 1163 5145 Home
1211 5090 1425 5159 quidem
1470 5105 1676 5148 annum
1792 5093 1940 5148 aebet
1984 5092 2151 5147 editio
2200 5092 2484 5159 Presselt'i,
2536 5094 2634 5149 sed

791 5176 992 5227 peram.
1066 5158 1376 5227 Respondet
1427 5168 1608 5216 noster
1652 5179 1687 5216 a
1763 5162 1843 5218 N.
1881 5161 2030 5216 1695.
2108 5161 2539 5217 Commentarius
2571 5165 2633 5219 in

731 5243 960 5282 oannem
989 5228 1199 5297 prodiit
1235 5245 1301 5280 m.
1340 5228 1612 5285 Ianuario
1663 5229 1822 5298 1553,
1871 5238 2110 5301 quotuor
2151 5234 2436 5287 conciones
2487 5231 2630 5301 Sept.

691 5294 847 5376 1552.
923 5296 1099 5365 Quum
1134 5304 1311 5350 tamen
1345 5314 1404 5350 00
1432 5300 1710 5366 prioribus
1743 5302 1922 5355 literne
1951 5300 2279 5369 respondere
2310 5302 2476 5370 dieat,
2513 5316 2631 5356 0110·

681 5380 941 5435 pteamur
977 5364 1305 5419 Blasco-erum
1342 5368 1541 5422 alteras
1575 5372 1792 5424 interim
1826 5371 2049 5425 misisse.

2740 4616 2924 4671 1⁷04.
2955 4615 3009 4681 1)
3055 4612 3207 4683 Quae
3238 4615 3325 4669 hic
3357 4614 3518 4696 1111110
3552 4616 3818 4685 levantur,
3852 4632 3958 4687 quo
3988 4617 4300 4685 peramant
4331 4632 4436 4672 1100
4463 4616 4616 4685 fuqc't·

2946 4683 3005 4753 2)
3044 4684 3277 4766 Saepius
3308 4683 3524 4753 quadem
3557 4686 3862 4741 scribebant
3896 4685 3994 4740 sed
4032 4686 4321 4755 pauciores
4353 4686 4541 4741 literae
4575 4682 4665 4738 Ge-

2739 4769 2931 4809 mam
2983 4753 3398 4889 )mFru8trwbzutz³n
3442 4825 3581 4891 epm·
3580 4824 3681 4877 olis
3730 4839 3829 4892 per
3874 4829 4131 4878 aestatem
4175 4838 4228 4877 a.
4278 4821 4413 4878 1551
4462 4823 4569 4878 seri
4602 4821 4664 4874 tis

2738 4893 3022 4974 1100ιί91·οφ
3058 4890 3282 4973 aliqtgod
3314 4892 3681 4961 quaesivimus
3714 4893 3827 4946 eive
3869 4892 4085 4946 itineris
4134 4891 4211 4945 ad
4243 4892 4509 4975 quod-hie
4610 4904 4660 4941 11-

2738 4960 2907 5028 datur,
2943 4975 3058 5043 0100
3089 4976 3200 5014 mre
3235 4975 3271 5013 a
3305 4975 3411 5030 quo
3452 4960 3651 5044 Noega·
3702 4975 3758 5044 se
3806 4966 3934 5015 tune
3978 4966 4270 5043 exceptum·
4297 4960 4444 5043 ducet.
4551 5011 4558 5018 .
4595 5031 4603 5041 .
4634 5027 4644 5040 .

2737 5044 2800 5084 eo
2833 5043 3010 5113 11111910
3044 5028 3329 5111 dolendum
3363 5029 3509 5112 quod
3559 5046 3609 5084 10
3657 5045 3745 5084 0111
3778 5030 3910 5083 haee
3942 5036 4147 5098 empta
4176 5030 4291 5096 suet
4320 5029 4552 5084 0111011001
4583 5033 4660 5081 m·

2735 5114 2892 5248 Q
2921 5098 3579 5248 fflffqffiffissnzm‘e
3607 5172 3732 5236 post
3771 5168 3888 5220 eius
3921 5165 4228 5222 discessum.
4302 5167 4391 5222 De
4424 5163 4658 5222 incendw’

2736 5235 3142 5387 Novzofibssmlss.
3166 5235 3444 5388 gagg-Ic?—
3458 5320 3586 5387 eave
3620 5303 3831 5388 eoyites.
3872 5373 3883 5385 ·
3906 5303 4016 5384 Hie
4036 5374 4048 5386 ·
4062 5305 4201 5358 em‘m
4251 5303 4517 5359 oriundus
4549 5302 4657 5355 emt

2734 5389 2802 5428 ex
2843 5373 3057 5428 80101100
3091 5390 3155 5427 en
3195 5374 3434 5444 Aqenots
3468 5390 3527 5426 111
3561 5372 3760 5435 linteus
3802 5371 4186 5443 Nettobraequm.
