4900 6167
602 373 687 437 83
2112 361 2641 431 ΕΡῙΒΤΟΙιΔΒ
2692 363 3113 427 1468-1472
4556 362 4634 426 84

604 559 949 627 certiorem
1003 554 1295 621 reddam.
1396 554 1827 621 Sebastianus
1890 551 2239 633 Schedius,
2260 552 2317 636 ⁸)
2377 571 2572 636 quem

605 650 789 710 tanto
834 641 985 709 odio
1035 639 1275 709 Caesar
1308 640 1745 723 prosequitur,
1790 639 1901 706 hic
1942 639 2070 705 fuit
2110 646 2198 718 et,
2244 645 2323 703 ut
2356 636 2572 717 audie,

605 750 802 815 agere
858 727 1025 793 vult.
1113 725 1352 793 Nescio
1410 746 1498 791 an
1568 726 1731 791 satis
1788 722 2124 794 conducet.
2226 723 2573 790 Commen-

608 814 804 881 datur
862 834 903 880 a
955 813 1224 896 pietate.
1315 811 1527 877 Fama
1581 808 1815 876 indicti
1858 808 1943 874 ad
1996 810 2278 894 primam
2323 809 2569 887 Maii&

594 899 823 967 nescio
868 918 956 965 an
1001 917 1136 963 non
1176 897 1336 963 satis
1388 897 1615 961 firmos
1670 894 2015 961 debiliores
2070 893 2319 961 reddet.
2409 892 2570 961 Ser-

606 993 795 1052 vator
837 982 1146 1068 dignetur
1188 982 1504 1048 miserum
1544 981 1769 1046 orbem
1805 980 2069 1061 intueri,
2113 988 2183 1046 et
2216 980 2571 1064 impiorum

606 1079 865 1139 veteres
906 1067 1353 1146 contumelias,
1400 1067 1637 1151 quibus
1681 1066 2090 1133 maiestatem
2135 1066 2318 1133 verbi
2358 1072 2427 1132 et
2470 1072 2569 1131 to·

606 1163 745 1222 tam
787 1153 1039 1221 Ohristi
1084 1152 1447 1219 doctrinam
1502 1161 1571 1218 et
1610 1150 1926 1236 quidquid
1984 1160 2086 1219 est
2138 1151 2569 1218 christianum

607 1241 987 1321 affecerunt,
1030 1245 1100 1305 et
1141 1258 1308 1321 quae
1353 1235 1592 1304 addere
1634 1245 1888 1321 parant,
1933 1245 1999 1303 et
2040 1235 2356 1322 quidquid
2414 1236 2569 1302 hac·

605 1335 799 1392 tenus
842 1345 960 1409 pro
1006 1322 1255 1390 tuenda
1310 1323 1651 1406 impietate
1706 1323 2042 1407 sanguinis
2100 1324 2361 1407 piorum
2404 1322 2570 1388 effu-

604 1432 752 1481 sum
797 1419 898 1477 est
940 1410 1022 1475 ab
1068 1409 1363 1476 hostibus
1407 1408 1723 1487 veritatis,
1768 1408 1865 1474 ita
1898 1416 2201 1491 potenter
2243 1416 2312 1473 et
2344 1414 2570 1491 aperte

603 1497 894 1574 visitare,
940 1504 1017 1561 ut
1060 1515 1254 1561 nemo
1296 1516 1434 1562 non
1475 1494 1806 1579 intelligat
1847 1492 2004 1577 quid
2048 1493 2210 1561 velit
2241 1495 2570 1560 Dominus

609 1595 676 1649 et
714 1579 873 1665 quid
917 1579 1297 1647 detestetur.
1385 1581 1769 1646 Meminerit
1823 1579 2166 1665 sanguinis
2209 1578 2445 1646 Diaeii
2503 1586 2571 1646 et

608 1665 963 1734 similium:
1032 1666 1297 1751 Tangat
1337 1675 1406 1732 et
1444 1667 1689 1733 afficiat
1726 1666 1822 1731 ita
1863 1686 2091 1732 omnes
2133 1673 2212 1731 ut
2245 1685 2439 1732 nemo
2485 1665 2573 1731 sit

606 1752 719 1836 qui
775 1772 913 1818 non
973 1772 1117 1818 sese
1170 1751 1254 1817 ad
1308 1752 1621 1901 Eietatetn
1696 1757 2069 1832 convertat,
2137 1758 2206 1817 et
2261 1750 2570 1836 impietas

653 1858 876 1904 rorsus
934 1857 971 1902 e
1039 1846 1217 1904 terra
1273 1858 1310 1902 e
1339 1837 1647 1903 ‘minetur
1717 1836 1857 1903 sola
1925 1844 2247 1921 regnante
2302 1838 2566 1920 pietate.

675 1923 777 1988 ale
823 1942 972 1989 cum
1019 1922 1141 1990 coll
1233 1923 1305 2002 's,
1353 1922 1779 2000 Nomandio,
1827 1920 2109 2003 BudeiS,
2159 1922 2437 2001 Triecio,
2481 1943 2569 1989 ne

605 2015 1019 2091 praeteream
1067 1943 1428 2075 Goffidinos
1453 2011 1479 2049 ⁸
1551 2028 1702 2074 cum
1746 2008 1949 2073 fratre
1994 2014 2123 2073 tue.
2192 2006 2469 2094 Collega
2501 2015 2568 2075 te

607 2092 870 2160 salutat.
955 2092 1267 2161 Neocomi
1313 2097 1413 2158 21.
1539 2093 1691 2158 artii
1741 2091 1923 2159 1551.

1620 2229 1803 2294 Tuus
1847 2236 2023 2295 totus
2069 2227 2395 2295 Farellus.

776 2416 1006 2483 Bonus
1064 2415 1172 2480 vir
1233 2415 1431 2482 Vasco
1464 2413 1729 2500 petebat
1771 2416 2184 2502 Aryuernum
2238 2416 2365 2484 sibi
2424 2415 2569 2483 dari

609 2501 695 2568 ad
774 2511 1052 2585 tempus.
1164 2499 1327 2567 Sine
1404 2501 1685 2567 flatrum
1759 2522 2085 2569 consensu
2165 2502 2289 2568 hoc
2366 2501 2563 2570 nolui.

607 2587 835 2668 Quum
869 2587 1017 2653 istic
1059 2594 1127 2651 et
1160 2587 1556 2654 Lausannae
1600 2586 1795 2653 multi
1836 2587 1974 2654 sint
2005 2587 2225 2654 idonei
2259 2588 2369 2672 qui
2413 2588 2565 2654 nul-

606 2672 741 2738 lam
785 2671 1033 2738 habent
1085 2670 1559 2752 conditionem,
1626 2692 1848 2740 nonne
1912 2679 2089 2740 recte
2146 2673 2449 2741 faceretis
2509 2673 2568 2741 si

607 2755 934 2840 aliquibus
976 2758 1404 2840 imponeretis
1449 2777 1713 2838 manus,
1760 2765 1838 2823 ut
1879 2758 2065 2825 missi
2108 2780 2148 2825 a
2181 2760 2328 2826 Deo
2372 2765 2440 2825 et
2483 2759 2566 2827 ab

606 2842 882 2910 ecclesia
944 2849 1170 2909 sancte
1247 2842 1437 2909 electi
1502 2851 1571 2909 et
1626 2844 1914 2910 Domino
1984 2843 2424 2911 commendati
2495 2844 2568 2908 in

608 2926 898 2995 Galliam
956 2928 1132 2993 irent
1186 2934 1254 2992 et
1306 2926 1546 2995 fratres
1611 2931 2080 2996 confirmarent
2133 2930 2209 2995 in
2256 2929 2567 3010 Domino,

604 3021 672 3079 et
716 3020 1068 3081 avocarent
1109 3033 1270 3098 quos
1314 3012 1501 3080 daret
1535 3013 1846 3082 Ohristus
1881 3015 1962 3082 ab
1996 3015 2354 3099 impietate.
2419 3015 2570 3083 Hoc

604 3099 801 3167 toties
844 3098 1009 3165 mihi
1052 3100 1122 3164 in
1165 3106 1458 3166 mentem
1502 3100 1687 3167 venit
1726 3107 1794 3168 et
1835 3099 2057 3168 nescio
2101 3120 2190 3166 an
2232 3099 2351 3166 tibi
2392 3098 2569 3166 indi-

605 3184 828 3250 carim.
919 3182 1075 3251 Scio
1119 3192 1343 3251 tamen
1397 3205 1505 3252 me
1558 3185 1788 3254 multis
1842 3194 1912 3253 et
1953 3206 2146 3271 saepe
2187 3185 2258 3252 id
2303 3184 2565 3254 dixisse.

604 3267 798 3351 Vide,
841 3288 1101 3355 quaeso,
1147 3278 1216 3335 et
1251 3269 1532 3337 Viretum
1564 3271 1767 3338 etiam
1802 3270 2083 3339 admone
2126 3270 2184 3338 si
2218 3270 2565 3341 videbitur.

602 3353 859 3423 Iterum
900 3355 1067 3423 vale.
1156 3353 1428 3442 Oollega
1468 3363 1538 3424 te
1580 3356 1839 3425 salutat.

1492 3881 1687 3955 1469.

998 4035 1672 4105 BULLINGERUS
1717 4036 2167 4105 VADIANO.

778 4207 886 4275 Ea:
941 4207 1240 4276 dium-m
1296 4208 1544 4275 silentio
1596 4209 1671 4274 de
1727 4209 1869 4275 eius
1923 4209 2276 4277 valetudine
2335 4210 2565 4294 peiora

605 4299 956 4379 auyuraius
995 4294 1212 4362 eadem
1252 4313 1412 4377 quae
1440 4294 1639 4375 prius
1669 4294 1905 4376 paucis
1945 4299 2253 4362 retractat.

970 4467 1015 4476 ..ι

810 4581 870 4649 6)
911 4580 1028 4639 Sob.
1069 4582 1352 4640 Sehdrtlin
1398 4584 1466 4639 de
1509 4583 1861 4641 Bareas-bad·
1915 4600 1968 4639 a.
2014 4582 2153 4639 1548
2198 4590 2325 4655 pou
2368 4584 2565 4641 benun·

612 4651 1030 4709 &amedaeum
1054 4653 1463 4723 proscriptione
1494 4667 1561 4706 σε
1593 4650 1835 4736 Imperio
1864 4653 2070 4736 pulsas·
2091 4658 2145 4710 et
2177 4653 2565 4736 confluent-‘om

602 4721 2184 4860 wvssxwawwwwmw
2208 4720 2565 4862 ww

607 4927 792 5008 eoeoit.
811 4872 1047 5008 “ffiqaeeqa
1086 4875 1345 4993 fieri-iiim
1383 4927 1645 4983 Aureliae
1677 4934 1729 5010 qt
1762 4876 1911 4995 «⁹:135,
1933 4858 2059 4984 qam
2091 4929 2154 4983 in
2175 4873 2366 4985 Galia
2396 4875 2565 5001 qua-i

606 5009 669 5047 u·
703 4993 955 5076 Heluetia
988 5002 1352 5053 mucram
1401 5001 1496 5052 est.
1560 4994 1762 5063 (Shad.
1786 4996 1884 5054 111.
1913 4994 2030 5052 180.
2082 4996 2405 5069 Herba-aer,
2444 4995 2564 5055 Sub.

814 5078 895 5198 ῖς·
968 5102 983 5118 ’
1011 5061 1165 5213 ,1143)
1197 5133 1440 5217 concilii,
1494 5133 1643 5205 quod
1699 5134 1861 5205 lapsa
1916 5133 2120 5191 calani
2161 5136 2421 5192 cnm
2465 5139 2561 5191 est.

610 5195 791 5256 Ιῦὴιοο
807 5198 1078 5338 ἐςοοωοιω
1110 5217 1240 5260 vem
1274 5207 1558 5262 mat.

4085 588 4100 603 .
4148 548 4308 607 MSS.
4346 548 4473 603 Vol.
4511 546 4634 604 vn.

2679 545 2792 611 (Ex
2843 546 3181 618 autographo
3216 545 3359 602 Bibl.
3406 548 3509 602 civ.
3546 546 3912 618 Sangallensis
3958 548 4008 604 E
4039 618 4109 675 01.
4147 615 4262 685 74.)

3050 632 3194 671 nunc
3226 613 3313 682 36,
3352 615 3445 672 fol.
3485 612 3600 670 137.
3636 644 3703 656 —
3739 616 3952 674 Simler.

2849 785 3232 854 Clarissimo
3290 786 3435 855 viro
3492 787 3577 854 D.
3640 786 3970 856 Ioachimo
4019 788 4322 855 Vadianc
4382 788 4636 857 consuli

2677 868 3093 956 Sangallensi
3138 871 3522 958 dignissimo
3568 874 3828 940 domino
3873 896 3994 942 suo
4037 874 4512 942 colendissimo.

4080 992 4458 1079 Sangallen.

2849 1126 2920 1195 S.
2966 1128 3051 1194 D.
3135 1125 3339 1195 Valde
3408 1129 3726 1197 sollicitus
3794 1151 3940 1197 sum
3997 1139 4314 1216 perpetuo
4379 1129 4461 1199 de
4515 1140 4634 1198 tua

2675 1212 3089 1293 valetudine,
3115 1214 3169 1298 ¹)
3230 1214 3487 1283 domino
3532 1214 3984 1284 colendissime
4029 1225 4098 1282 et
4131 1217 4338 1284 amice
4381 1218 4631 1285 incom-

2673 1299 3003 1451 Earabilis.
3094 1296 3285 1382 Quod
3331 1302 3507 1367 enim
3551 1301 3767 1368 nullas
3812 1323 3852 1367 a
3893 1311 3960 1369 te
4003 1302 4266 1387 accipio,
4311 1302 4466 1370 inde
4507 1304 4633 1372 col·

2705 1385 2809 1471 ‘go
2870 1383 3166 1451 nondum
3219 1386 3532 1470 pristinae
3588 1398 3656 1453 te
3713 1388 4092 1455 restitutum
4147 1409 4289 1456 esse
4341 1390 4631 1456 sanitati.

2675 1469 2853 1556 Opto
2925 1492 3082 1556 ergo
3138 1472 3311 1538 votis
3371 1474 3701 1557 perpetuis
3777 1482 3851 1539 ut
3906 1475 4236 1540 Dominus
4301 1484 4366 1541 te
4423 1485 4631 1554 sanet,

2674 1556 2788 1642 qui
2831 1556 3006 1625 solus
3053 1564 3155 1624 est
3196 1557 3372 1625 vitae
3416 1569 3484 1625 et
3525 1559 3737 1624 omnis
3782 1560 4082 1627 sanitatis
4126 1560 4359 1627 unicus
4417 1570 4628 1627 autor.

2849 1641 3061 1726 Spero
3119 1647 3185 1709 te
3241 1645 3564 1726 recepisse
3625 1643 3871 1710 dudum
3932 1646 4229 1729 quintam
4294 1644 4632 1714 Decadem

2674 1748 2887 1794 meam
2905 1780 2922 1805 ,
2979 1749 3111 1794 una
3165 1750 3315 1796 cum
3360 1728 3806 1796 Oonsensione
3847 1732 3934 1797 D.
3983 1728 4236 1798 Caluini
4280 1739 4348 1798 et
4391 1741 4633 1799 nostra.

2673 1812 2945 1880 Tradidi
3001 1814 3176 1880 enim
3235 1811 3641 1882 Knoblaucho
3698 1822 3923 1883 nostro
3987 1815 4071 1883 ad
4140 1824 4207 1885 te
4268 1815 4628 1885 ferendam.

2844 1983 2929 2051 D.
2962 1983 3270 2052 Calvinus
3304 1984 3512 2052 edidit
3545 1988 4087 2054 commentarium
4121 1989 4191 2054 in
4217 1994 4274 2056 7.
4317 1989 4635 2073 epistolas

2672 2071 3018 2138 canonicas
3062 2070 3143 2137 ad
3189 2071 3446 2157 Regem
3488 2073 3777 2158 Angliae
3831 2081 3898 2139 et
3938 2073 4011 2139 in
4056 2073 4299 2141 Isaiam
4345 2074 4632 2161 prophe·

2673 2163 2826 2240 tam.
2915 2156 3087 2223 Item
3130 2156 3371 2223 librum
3428 2156 3509 2223 de
3551 2158 3875 2225 scandalo.
3967 2155 4159 2241 Quod
4216 2167 4437 2227 autem
4479 2181 4634 2244 pro-

2672 2241 2870 2308 ximis
2911 2242 3120 2308 literis
3163 2265 3203 2309 a
3248 2251 3312 2309 te
3348 2243 3691 2327 postulavi,
3741 2244 4001 2311 domine
4036 2245 4512 2326 colendissime,
4557 2256 4638 2312 ut

2671 2347 2938 2394 causam
2994 2348 3216 2394 meam
3271 2350 3433 2413 agas
3489 2331 3561 2395 in
3607 2330 3886 2396 Polonia
3938 2351 4060 2417 per
4116 2331 4387 2398 fratrem
4439 2340 4638 2398 tuum

2670 2432 2830 2498 erga
2869 2412 2955 2480 D.
3003 2411 3388 2481 Florianum
3430 2415 3540 2482 vel
3583 2416 3818 2482 fratres
3862 2416 4041 2494 eius,
4086 2415 4262 2482 idem
4303 2437 4486 2485 nunc
4529 2439 4635 2485 re·

2669 2504 2821 2581 peto
2885 2505 2952 2564 et
3027 2518 3146 2583 per
3223 2500 3578 2566 amicitiam
3651 2509 3946 2568 nostram
4010 2501 4238 2569 hortor
4306 2524 4391 2568 ne
4458 2502 4636 2570 desis

2670 2583 2856 2650 mihi.
2947 2582 3136 2651 Vale.
3223 2585 3452 2671 'I'iguri
3499 2588 3600 2651 22.
3647 2587 3877 2653 Martii
3921 2608 4094 2654 anno
4134 2593 4319 2653 1551.

3830 2722 4250 2809 Bullingerus
4286 2729 4455 2791 tuus.

3429 3015 3834 3024 ——-—-—---.—

3563 3228 3749 3303 147⁰.

3064 3384 3547 3454 HILLISIUS
3591 3386 4232 3457 BULLINGERO.

2843 3555 3214 3624 Novissima
3254 3557 3331 3623 de
3365 3556 3631 3641 Hoporo,
3686 3560 3798 3641 qui
3838 3560 3973 3627 iam
4023 3560 4292 3628 vinculis
4331 3561 4642 3632 liberam

2669 3661 2900 3708 munus
2942 3642 3219 3727 episcopi
3261 3642 3610 3726 capessivit.

2670 3812 2782 3936 &Ex
2813 3813 3156 3884 autographo
3201 3812 3365 3870 Arch.
3413 3812 3594 3869 Turio.
3648 3813 3793 3896 Plut.
3830 3814 3929 3872 VI.
3975 3814 4102 3871 v01.
4141 3815 4243 3872 loe
4227 3817 4446 3940 1§dulim
4481 3818 4634 3901 Epp.

2670 3896 2822 4021 ..ιι
2853 3881 3133 4021 affl.
3166 3880 3893 4075 aaa,
3906 3883 4042 4088 {a
4071 3883 4294 4025 ξε...
4313 3893 4392 4010 ¹2:
4418 3892 4639 4028 aaa

3593 4037 3647 4074 m
3741 4059 3756 4076 .
3896 4060 3911 4076 .

3080 4191 3266 4257 Laus
3305 4188 3470 4257 Deo.
4081 4251 4086 4258 .

2978 4309 3109 4377 Die
3148 4313 3249 4378 22.
3296 4309 3529 4377 Martii
3572 4330 3744 4377 anno
3797 4316 3953 4377 1551
4004 4311 4315 4380 Londini.

2842 4445 2915 4514 S.
2959 4447 3044 4515 D.
3110 4447 3486 4531 plurimam.
3573 4445 3819 4527 Hodie,
3864 4449 3960 4514 mi
4002 4447 4267 4516 domine
4309 4450 4636 4519 colendis-

2668 4535 2851 4614 sime,
2888 4553 3024 4600 una
3055 4553 3205 4599 cum
3249 4532 3384 4598 tuis
3418 4535 3522 4598 24.
3570 4530 3673 4600 die
3695 4533 4046 4601 Februarii
4078 4536 4379 4619 proxime
4415 4536 4624 4622 elapsi

2670 4618 2841 4687 datis
2893 4618 3121 4686 literas
3164 4627 3314 4684 tuas
3337 4616 3389 4702 ¹)
3446 4618 3528 4684 ad
3583 4639 3860 4686 uxorem
3903 4620 3989 4688 D.
4036 4619 4303 4689 Ioannis
4358 4620 4631 4790 {om

4454 4730 4501 4775 u

2666 4789 2830 4858 adeo
2873 4789 3064 4874 cupis
3103 4810 3145 4855 a
3185 4809 3292 4855 me
3332 4789 3405 4855 in
3447 4791 3583 4858 tuis
3625 4789 3975 4875 praedictis
4017 4800 4095 4858 ut
4136 4792 4218 4859 de
4260 4799 4438 4860 statu
4480 4795 4631 4864 eius

2666 4875 2783 4956 (D.
2827 4877 2922 4943 Io.
2969 4873 3211 4957 Hopm·
3243 4875 3517 4963 scilicet)
3551 4876 3906 4944 scriberem
3939 4875 4309 4963 diligenter,
4352 4898 4630 4964 respon-

2668 4961 2789 5029 deo
2830 4982 2939 5028 me
2977 4981 3115 5027 non
3157 4961 3402 5030 habere
3441 4982 3608 5048 quae
3651 4959 3733 5028 de
3791 4963 3934 5030 eiu·
3993 4963 4416 5032 tribulatione
4469 4972 4631 5035 tuae

2667 4705 2773 4772 oui
2838 4704 3040 4772 etiam
3092 4701 3353 4770 easdem
3422 4705 3649 4771 statim
3720 4704 3992 4785 tradidi,
4053 4707 4289 4791 accepi.

2667 5202 2850 5259 1400.
2869 5202 2924 5266 1)
2975 5200 3109 5259 νέαι
3141 5199 3219 5258 Ν.
3256 5199 3407 5257 1461.

2667 5270 2852 5327 14⁷0.
2879 5269 2938 5340 1)
2975 5269 3306 5342 mactae.
