4900 6167
682 394 810 458 203

1568 574 1756 645 1552.

1068 728 1570 798 HALLERUS
1615 724 2251 796 BULLINGERO.

856 902 1213 969 Beruenses
1266 901 1550 967 ministri
1601 901 1674 965 in
1728 920 1925 966 causa
1967 897 2216 965 Bolseci
2266 897 2637 964 sententiam

681 993 1255 1163 wousswam
1308 986 1652 1056 rescribant
1700 985 2142 1054 Tumens-atum
2182 983 2516 1050 concutiam
2557 980 2638 1049 le-

688 1247 802 1316 (Ex
837 1246 1175 1317 autographo
1209 1244 1427 1299 Archiv.
1463 1244 1641 1299 Tur-ic.
1678 1244 1821 1297 Plut.
1857 1243 1954 1297 VI.
2002 1242 2122 1296 Vol.
2160 1239 2262 1294 154
2296 1241 2431 1295 olim
2463 1239 2637 1294 Scrin.

913 1315 975 1370 B.
1011 1316 1153 1385 Epp.
1189 1314 1339 1368 Tem.
1374 1312 1460 1380 32,
1493 1314 1584 1369 fol.
1621 1310 1740 1366 156.
1777 1342 1843 1352 —
1880 1312 2094 1366 Simler.
2133 1311 2257 1365 Vol.
2295 1308 2404 1374 76.)

864 1486 1246 1554 Clarissimo
1297 1486 1442 1550 viro
1495 1483 1582 1549 D.
1638 1484 2027 1568 Heinrycho
2078 1482 2471 1567 Bullingero
2527 1481 2640 1546 'ri-

689 1575 967 1661 gurinae
1009 1571 1315 1638 eeclesiae
1356 1570 1739 1638 fidelissimo
1773 1570 2020 1654 pastori
2044 1567 2331 1633 Domino
2366 1577 2433 1634 et
2469 1588 2640 1633 com·

689 1660 864 1745 patri
899 1659 1254 1725 carissimo.

2070 1739 2328 1806 zurich.

861 1878 932 1946 S.
1023 1878 1237 1960 Quale
1307 1880 1393 1946 sit
1446 1878 1571 1945 boc
1626 1878 2016 1944 Genevense
2083 1878 2413 1961 negotium
2445 1882 2491 1953 ¹)
2558 1899 2642 1943 ex

690 1967 987 2052 ipsorum
1030 1963 1114 2031 ad
1158 1986 1272 2033 vos
1313 1965 1524 2030 literis
1583 1963 1932 2047 intelliges.
2022 1961 2275 2029 Eadem
2318 1983 2486 2046 quae
2528 1983 2642 2030 vo-

690 2053 794 2119 bis
835 2051 1022 2118 nobis
1065 2073 1319 2135 quoque
1377 2051 1780 2133 scripserunt
1822 2056 1890 2113 et
1936 2050 2273 2116 miserunt.
2364 2049 2502 2115 Nos
2540 2048 2643 2113 ni-

692 2136 949 2203 hildum
989 2135 1458 2221 respondimus,
1550 2134 1878 2201 Volumus
1924 2142 2219 2201 vestrum
2265 2142 2644 2220 exspectare

694 2231 762 2289 et
801 2224 990 2307 prius
1033 2243 1420 2309 cognoscere
1464 2221 1825 2289 consilium.
1915 2220 1996 2287 Id
2052 2228 2128 2286 ut
2181 2222 2371 2288 nobis
2415 2242 2645 2305 quam-

690 2309 979 2394 primum
1023 2307 1518 2375 communicetis
1571 2308 1767 2372 etiam
1825 2314 2019 2391 atque
2085 2308 2281 2372 etiam
2337 2328 2647 2391 rogamus

692 2416 937 2462 omnes.
1005 2394 1173 2461 Vale
1214 2402 1284 2461 et
1324 2394 1717 2461 brevitatem
1754 2391 1906 2458 boni
1948 2393 2233 2472 consule,
2278 2414 2427 2460 sum
2464 2393 2646 2458 enim

694 2480 887 2549 valde
932 2491 1299 2564 occupatus.
1400 2478 1609 2546 Salva
1666 2479 1754 2544 sit
1814 2478 2064 2543 familia
2117 2487 2238 2543 tua
2288 2486 2356 2546 et
2408 2480 2645 2545 fratres

695 2586 943 2633 omnes.
1031 2567 1293 2632 Bernae
1336 2564 1442 2631 die
1487 2569 1588 2630 20.
1627 2562 2017 2632 Novembris
2067 2569 2249 2631 1551.

1720 2701 2005 2768 Ioannes
2048 2702 2364 2769 Hallerus

1513 2825 1635 2870 suo
1679 2812 1747 2870 et
1789 2815 2305 2890 symmystamm
2360 2806 2644 2872 nomine.

1472 3103 1513 3108 -.
1540 3103 1555 3106 -
1570 3101 1857 3109 ‚-—--—

1560 3318 1754 3388 1553.

693 3474 818 3543 LE
884 3457 1182 3541 simu·
1246 3473 1375 3539 DE
1435 3457 1819 3539 GENEVE
1885 3474 2086 3542 on
2140 3471 2646 3541 ΜΠῊΒΤΒΕΒ

984 3575 1114 3642 ΒΕ
1161 3576 1412 3644 BALE
1456 3575 1773 3642 BERNE
1818 3575 1937 3640 nr
1981 3576 2349 3643 zomon.

871 3747 1296 3817 Consuuoeoion
1340 3769 1427 3814 au
1469 3748 1631 3829 διῄει
1672 3746 1748 3813 de
1789 3747 2062 3830 l'affaire
2104 3748 2180 3813 de
2221 3748 2459 3815 Bel-see.

700 3918 1018 3988 (Imprime'e
1052 3919 1188 3973 dans
1233 3920 1314 3974 les
1347 3919 1513 3974 Actes
1547 3918 1619 3973 du
1665 3917 1858 3989 proces
1894 3919 2064 3974 Tome
2099 3920 2252 3975 VIII.
2286 3938 2338 3990 p.
2375 3919 2498 3974 223.
2569 3922 2650 3975 La

698 3988 864 4042 lettre
898 3993 984 4041 cst
1016 3988 1091 4041 du
1123 3988 1209 4042 21.
1245 3989 1557 4043 Novembre
1592 3993 1651 4041 et
1683 4003 1992 4044 commoneo
2037 4006 2139 4059 par
2172 4006 2261 4044 ces
2310 3996 2479 4044 mets:
2534 3989 2650 4060 N'y

1309 4073 1348 4112 a
1378 4073 1542 4127 quere
1575 4057 1746 4127 quem
1779 4058 1868 4128 icy
1902 4058 2033 4124 etc.)

1434 4333 1839 4342 -ῃ

1582 4549 1775 4621 1554.

1203 4701 1675 4773 SULZERUS
1720 4703 2150 4773 CALVINO.

870 4874 973 4943 De
1015 4874 1264 4942 Bolseci
1305 4878 1539 4977 neqotw
1583 4878 1671 4943 M
1814 4880 1919 4946 ius
1971 4880 2209 4949 scribet.
2305 4879 2473 4962 Quid
2515 4878 2652 4978 ipfe

778 4968 895 5028 emt
945 4983 1015 5028 m
1067 4981 1265 5029 causa
1307 4982 1568 5045 poor-um
2012 4967 2315 5052 pluribus
2378 4969 2648 5049 exponat.

706 4983 1201 5134 ffiaydcburqum
1241 5047 1562 5116 obsidione
1602 5049 1945 5118 liberatum.

706 5298 881 5354 1662.
904 5301 963 5370 1)
1000 5303 1229 5361 Bel-soci.

2189 381 2716 450 EPISTOLAE
2767 382 3186 447 1552—1556
4530 384 4635 449 204

2741 569 2854 634 (Ex
2889 567 3227 691 ἦςιοςηρὴο
3259 568 3560 651 paullulum
3593 570 3774 652 lacero
3808 569 3954 638 quod
3987 570 4250 652 insertum
4284 575 4366 624 est
4396 568 4637 625 Commen-

2825 645 2982 691 tarns
3073 636 3366 693 enerabrhs
3399 642 3690 693 m1mstern
3725 637 4073 706 Genevensrs,
4105 637 4222 693 vol.
4255 638 4322 692 A.
4355 656 4407 708 p.
4440 636 4569 708 167.)

2739 807 2905 873 Viro
2965 808 3532 892 praestantissimo
3590 810 3674 874 D.
3735 809 3971 876 Ioanni
4028 809 4301 876 Oalvino
4360 811 4532 876 fratri
4586 826 4641 879 et

2882 902 3288 980 symmystae
3329 895 3402 958 in
3446 893 3734 960 Domino
3777 895 4359 963 observandissime
4399 918 4521 963 suo.

2912 1029 2982 1096 S.
3074 1030 3274 1097 Dolet
3314 1051 3434 1095 nos
3477 1030 3670 1097 valde
3726 1033 4063 1099 ecclesiam
4103 1040 4384 1099 vestram
4426 1033 4647 1101 turbari

2741 1139 2782 1181 a
2822 1115 2995 1181 male
3038 1115 3292 1195 feriato,
3338 1125 3406 1181 et
3439 1125 3515 1181 ut
3560 1117 3822 1184 videtur
3866 1117 4255 1185 factionibus
4296 1117 4647 1186 suscitandis

2740 1210 2916 1268 nato.
3006 1200 3142 1268 Sed
3192 1223 3270 1267 ea
3336 1202 3416 1267 de
3473 1224 3545 1268 re
3603 1203 3686 1268 ad
3742 1224 3856 1270 vos
3900 1204 4230 1287 Myconius
4272 1204 4511 1290 collegii
4548 1224 4647 1270 no-

2743 1289 2935 1353 mine.
2960 1292 3012 1364 ¹)
3099 1287 3318 1353 Multo
3361 1309 3519 1354 vero
3561 1291 3774 1374 magis
3820 1289 4113 1357 dolemus
4148 1299 4214 1356 et
4256 1290 4543 1375 angimur
4577 1288 4648 1355 ob

2741 1374 3315 1458 persequutionem
3361 1394 3558 1457 quam
3623 1397 3706 1440 ex
3749 1375 4012 1459 publico
4058 1377 4262 1461 Regis
4317 1375 4514 1442 edicto
4563 1397 4648 1440 re-

2742 1458 3084 1527 cruduisse
3119 1460 3369 1537 scribis,
3405 1468 3473 1524 et
3506 1461 3712 1526 multo
3747 1471 4118 1547 martyrum
4148 1462 4459 1546 sanguine
4490 1483 4651 1528 exer·

2743 1548 2892 1611 ceri.
2958 1543 3164 1629 Spem
3208 1547 3381 1611 enim
3427 1543 3721 1612 fecerant
3754 1547 3941 1613 nobis
3985 1569 4120 1613 non
4162 1550 4347 1632 pauci
4391 1548 4488 1613 his
4517 1547 4652 1630 ipffl

2745 1631 2990 1710 diebus,
3037 1633 3173 1696 fore
3216 1639 3294 1696 ut
3335 1632 3714 1717 propediem
3757 1635 4000 1699 ostium
4058 1632 4393 1719 evangelio
4432 1631 4656 1699 Christi

2742 1718 2811 1782 in
2858 1717 3083 1783 Gallia
3126 1717 3508 1800 aperiretur.
3597 1717 3733 1785 Sed
3790 1728 3857 1785 et
3903 1719 4236 1786 Schertlini
4272 1719 4443 1785 filius
4457 1718 4514 1804 2)
4551 1739 4655 1783 nu·

2743 1824 2863 1887 per
2905 1801 3060 1868 inde
3105 1803 3378 1869 veniens
3422 1804 3819 1888 significavit
3867 1805 4198 1873 decretum
4242 1806 4488 1889 regium
4525 1824 4656 1886 pro·

2745 1889 3128 1973 mulgatum,
3174 1910 3302 1972 quo
3345 1889 3770 1973 prohibeatur
3802 1892 4140 1977 religionis
4174 1893 4430 1956 nomine
4462 1909 4657 1974 quem·

2744 1996 2941 2058 quam
2987 1975 3131 2040 dari
3173 1975 3492 2059 supplicio
3537 1977 3659 2041 hoc
3703 1986 4012 2061 tempore.
4103 1976 4254 2059 Quo
4295 1978 4370 2042 fit
4408 1984 4479 2040 ut
4516 1995 4658 2039 non-

2746 2060 2911 2126 nulli
2950 2062 3355 2127 arbitrentur
3392 2070 3508 2126 aut
3551 2063 3792 2128 falsum
3835 2075 3949 2129 ant
3992 2086 4063 2130 re
4107 2062 4336 2130 saltem
4378 2061 4660 2126 maiorem

2747 2145 2832 2211 ad
2875 2167 2994 2212 vos
3036 2168 3367 2213 rumorem
3424 2147 3755 2230 perlatum
3798 2171 3960 2216 esse.
4050 2150 4302 2215 Verum
4342 2146 4537 2214 nihilo
4575 2165 4660 2211 se-

2747 2234 2888 2299 cius
2934 2234 3233 2298 unanimi
3275 2254 3593 2301 consensu
3648 2237 4108 2319 magistratum
4152 2245 4442 2301 nostrum
4483 2233 4660 2297 inter-

2747 2318 3068 2404 pellatum
3115 2319 3444 2385 voluimus
3497 2330 3922 2405 rogatumque
3976 2330 4051 2387 ut
4095 2321 4345 2389 Christi
4384 2320 4663 2384 flatrum·

2749 2425 2876 2489 que
2949 2404 3340 2471 afflictorum
3432 2426 3699 2472 causam
3776 2429 3928 2473 cum
4013 2408 4281 2491 reliquis
4360 2400 4663 2470 ordinibus

2749 2492 2958 2557 tribus
3022 2490 3416 2576 evangelicis
3471 2492 3799 2576 suscipiat.
3899 2493 4111 2578 quue
4169 2513 4373 2577 quum
4427 2511 4538 2574 per
4576 2506 4665 2550 me

2751 2576 2858 2642 die
2895 2577 3203 2644 hesterna
3245 2577 3492 2644 factum
3536 2588 3654 2657 est,
3697 2601 4080 2663 responsum
4127 2580 4253 2644 tuli
4286 2578 4439 2644 satis
4470 2573 4664 2655 benig-

2752 2684 2940 2728 num:
2988 2663 3181 2747 ipsos,
3225 2662 3524 2747 inquam,
3582 2664 3872 2747 primum
3913 2666 4212 2731 omnium
4256 2685 4401 2732 cum
4442 2661 4663 2728 Berna-

2751 2748 2960 2826 tibus,
3026 2747 3108 2813 ad
3166 2769 3327 2833 quos
3384 2750 3707 2815 mittenda
3763 2751 4002 2836 legatio
4057 2753 4186 2818 erit
4231 2752 4405 2817 hisce
4445 2745 4662 2818 diebus,

2751 2833 3095 2900 consilium
3139 2835 3434 2914 inituros,
3479 2856 3607 2918 quo
3647 2846 3836 2919 pacto
3891 2838 4153 2903 institui
4191 2837 4394 2922 possit
4434 2830 4511 2899 ad
4549 2829 4665 2894 Re-

2751 2940 2902 3005 gem
2926 2920 3242 3005 frugifera
3269 2921 3651 2987 intercessio
3674 2943 3792 3006 pro
3817 2922 4195 2989 crudelioris
4220 2922 4407 2988 edicti
4435 2917 4666 2999 mitiga-

2752 3006 2948 3086 tione,
2992 3013 3188 3090 atque
3231 3006 3300 3071 id
3344 3006 3608 3072 demum
3667 3030 3821 3074 cum
3859 3010 4200 3094 Tigurinis
4244 3024 4310 3074 et
4351 3001 4665 3086 Scbaphu·

2751 3093 2929 3159 sanis
2972 3094 3582 3159 communicaturos.
3671 3094 3846 3159 Nam
3899 3096 4052 3179 quia
4107 3096 4191 3161 ad
4234 3095 4454 3161 literas
4494 3104 4667 3170 super

2751 3176 2979 3244 eodem
3033 3178 3298 3263 negotio
3345 3179 3532 3245 datas
3590 3178 3673 3245 ad
3715 3179 4128 3248 franciscum
4192 3182 4387 3248 huius
4486 3182 4668 3241 atrem

2753 3264 2979 3330 durius
3043 3284 3430 3348 responsum
3487 3266 3889 3347 retulerunt,
3947 3267 4283 3334 deliberan
4319 3266 4463 3332 dum
4544 3278 4669 3325 θοῦ-

2750 3359 2901 3416 sent
2945 3348 3025 3415 de
3048 3350 3153 3417 via
3176 3371 3304 3433 qua
3326 3352 3729 3418 commodius
3772 3362 3839 3418 et
3894 3352 4221 3419 efficacius
4362 3375 4408 3416 x
4438 3362 4668 3433 permo-

2750 3445 3004 3514 veatur,
3042 3445 3110 3500 et
3143 3436 3437 3504 fortassis
3471 3437 3818 3522 legationis
3852 3440 3923 3503 in
3958 3439 4084 3505 hoc
4119 3438 4470 3505 mittendae
4502 3435 4671 3498 erunt

2752 3530 3030 3589 autores.
3053 3524 3108 3605 ³)
3165 3520 3375 3607 quue
3417 3530 3492 3589 ut
3512 3545 3634 3609 ego
3669 3546 3825 3607 prae
3861 3524 4057 3591 rebus
4091 3523 4394 3591 omnibus
4415 3517 4670 3586 maximo

2751 3606 3184 3693 probaverim,
3229 3609 3325 3675 ita
3368 3610 3509 3676 eius
3555 3611 3853 3676 hortator
3901 3632 4012 3677 ero
4056 3612 4324 3677 sedulus
4362 3607 4444 3675 ad
4485 3609 4670 3670 certos

2752 3695 2993 3760 amicos
3044 3692 3333 3761 Bernae:
3404 3695 3575 3780 quod
3633 3706 3699 3761 et
3756 3695 3873 3762 tibi
3943 3709 4137 3781 atque
4209 3697 4413 3763 Virdo
4472 3698 4672 3783 now-'⁰

2752 3800 2986 3846 censeo
3042 3780 3409 3847 faciendum
3464 3784 3677 3866 prima
3741 3804 3994 3866 quaque
4038 3785 4393 3850 occasione.
4486 3774 4672 3857 oupw

2752 3888 2908 3932 vero
2952 3873 3027 3930 ut
3069 3887 3191 3933 nos
3225 3868 3424 3932 etiam
3460 3868 3715 3952 plenius
3751 3868 4021 3936 edoceas
4065 3890 4232 3953 quae
4275 3868 4396 3934 tibi
4438 3887 4515 3930 ex
4536 3855 4673 3957 Ga}-

2750 3952 2859 4018 liis
2918 3960 3098 4018 certa
3158 3974 3240 4018 ex
3286 3954 3624 4038 letataque
3666 3963 4005 4036 constant,
4061 3963 4142 4020 ut
4183 3956 4287 4022 cui
4331 3953 4478 4037 plus
4514 3944 4671 4012 habl-

2750 4038 2885 4191 31¹:
2950 4060 3177 4105 sumus
3405 4038 3448 4127 ‘J
3526 4061 3721 4123 quam
3789 4041 4375 4125 significationibus
4438 4027 4672 4103 aliunde

2884 4125 2968 4190 tis
3014 4162 4671 4193 ...........................

2753 4232 2880 4295 quo
2923 4210 3141 4276 minus
3182 4210 3506 4277 bonorum
3550 4209 3938 4278 debilitetur.

2923 4295 3098 4362 Novi
3118 4296 3288 4362 nihil
3322 4297 3640 4364 habemus
3676 4298 3802 4365 nisi
3837 4297 4007 4383 quod
4034 4294 4612 4385 Magdemburgum
4624 4288 4673 4362 ⁴)

2920 4525 2931 4537 ⁰
2955 4484 3013 4614 2))
3042 4484 3426 4609 Ilvvatlgevitmor
3458 4554 3543 4610 Io.
3564 4553 3940 4636 ‚sabmianum
3963 4556 4148 4638 patris
4183 4553 4476 4624 exemplum
4506 4558 4673 4628 segm-

2754 4629 2845 4679 tus
2892 4638 2931 4677 a
3097 4621 3288 4705 θαζζοο
3331 4622 3610 4692 stupenda
3655 4625 3987 4692 merebatur,
4036 4641 4217 4681 maner
4269 4623 4356 4680 10.
4408 4617 4675 4735 Pht'lffvoe

2753 4691 3016 4816 sager
3046 4693 3550 4844 mmm.
3568 4692 3972 4844 {⁰33er
4016 4709 4271 4819 sm..
4299 4697 4362 4817 “f
4433 4750 4675 4821 ...1.

2754 4835 2969 4885 condat
3001 4844 3069 4882 su
3162 4843 3273 4884 tcta
3307 4834 3438 4885 tanc
3470 4845 3689 4885 mmm
3721 4846 3977 4889 cessasse.
4034 4832 4227 4888 Mense
4370 4828 4556 4884 mbr-e
4576 4819 4672 4873 Pa·

2753 4900 2913 4953 ricino
3046 4899 3056 4911 ‘
3220 4904 3444 4954 matus
3476 4906 3556 4955 est
3629 4901 3901 4955 Ianuario
3953 4899 4261 4956 Graves-ius
4302 4904 4362 4954 in
4406 4890 4674 4962 ΒΜθιθΐ

2751 4968 2936 5050 pridie
2972 4966 3115 5021 Idus
3151 4966 3310 5023 Febr.
3349 4965 3487 5022 1552
3524 4942 3648 5052 ἐρα
3695 4970 4040 5039 par-lamento
4085 4975 4148 5024 ut
4189 4970 4431 5025 maxima
4462 4977 4572 5018 cum
4603 4969 4672 5011 κ·

2751 5040 2980 5093 emme
3009 5036 3320 5117 procederet
3350 5043 3611 5092 zamma.
4464 5102 4474 5115 ⁸

2960 5102 3020 5172 3)
3060 5103 3124 5158 Su
3166 5121 3359 5162 revera
3405 5106 3749 5162 Benacenses
3793 5106 3855 5160 in
3899 5107 4000 5162 hoc
4043 5109 4257 5191 neqqtio
4303 5089 4675 5178 aliquodoffl

2753 5177 3330 5313 matare*
3178 5219 3358 5300 ...Μ’
3394 5175 3778 5325 ...afflante
3786 5176 4098 5327 ..sam
4099 5178 4380 5303 :Q
4461 5168 4674 5226 W

2959 5310 3016 5378 4)
3055 5311 3108 5367 d.
3142 5314 3192 5369 9.
3229 5313 3373 5369 Noc.
3407 5327 3464 5367 ce
3500 5312 3774 5368 Memno
3806 5311 4030 5369 dedodtt.

4775 0 4794 28 Ἶ
