4900 6167
632 441 668 498 ὅ
685 441 711 500 1
2154 431 2684 501 EPIS'POLAE
2736 432 3161 500 1450—1453
4578 438 4655 499 62

1521 618 1709 689 1450.

1037 773 1509 844 OALVINUS
1556 773 2193 842 BULLINGERO.

809 948 1095 1014 Excusat
1169 947 1488 1013 silentium
1566 946 1683 1010 diu
1758 943 1952 1009 nimis
2018 948 2437 1026 protractum,
2518 945 2595 1011 de

628 1034 866 1101 edendo
912 1031 1229 1099 consensu
1268 1032 1710 1098 Turicensium
1751 1029 2009 1096 consilio
2050 1049 2175 1095 non
2215 1051 2283 1096 se
2324 1031 2591 1112 opponit,

635 1118 772 1184 alia
812 1120 1075 1201 denique
1114 1120 1363 1202 attinyit
1404 1137 1605 1200 nuper
1647 1117 1812 1182 inter
1846 1116 2021 1197 ipsos
2061 1118 2343 1181 tractata.

636 1289 744 1350 (Ex
780 1288 1115 1359 autographo
1163 1287 1376 1342 Codicis
1424 1286 1562 1341 Bibl.
1611 1286 2041 1340 Tronchinianae
2084 1286 2176 1339 fol.
2210 1284 2262 1338 5.
2302 1312 2366 1325 ——
2401 1286 2592 1339 Edidit

637 1359 783 1412 Besa
819 1358 1018 1412 Gencv.
1056 1374 1108 1427 p.
1145 1354 1264 1422 278,
1302 1357 1462 1411 Laus.
1512 1372 1563 1424 p.
1600 1352 1719 1420 387,
1772 1354 1977 1409 Hanov.
2014 1371 2065 1424 p.
2102 1352 2234 1419 434,
2289 1353 2502 1409 Ghouet
2576 1394 2589 1408 .

634 1423 754 1492 381,
790 1427 968 1483 Amst.
1003 1442 1056 1495 p.
1094 1424 1213 1480 174.
1250 1453 1319 1463 -
1355 1424 1970 1559 Anglliiaigggssrsionem
2008 1425 2235 1493 praebet
2268 1423 2352 1477 ed.
2390 1423 2532 1520 Edin
2576 1463 2589 1479 .

637 1666 900 1732 Eximio
955 1664 1209 1731 Christi
1273 1662 1579 1728 ministro
1643 1661 1725 1728 D.
1798 1661 2163 1727 Henricho-
2198 1661 2589 1746 Bullingero

636 1751 993 1836 Tigurinae
1051 1748 1360 1847 ecclesiae
1424 1747 1554 1814 fido
1610 1749 1856 1847 pastori
1909 1757 2309 1847 symmystae
2374 1748 2590 1813 colen-

1074 1834 1341 1901 dissimo
1385 1846 1453 1900 et
1494 1835 1917 1917 integerrimo
1961 1833 2167 1898 fratri.

808 1970 876 2038 S.
938 1972 1085 2036 Etsi
1130 1972 1200 2036 in
1254 1971 1629 2038 excusanda
1682 1991 1977 2035 mearum
2036 1969 2376 2035 literarum
2423 1970 2590 2035 rari-

635 2067 774 2122 tate
817 2056 1075 2121 facilem
1120 2066 1186 2122 te
1231 2057 1394 2121 m‘ihi
1431 2057 1718 2140 praebes,
1769 2063 1962 2137 atque
1997 2055 2215 2134 etiam,
2263 2076 2428 2138 quae
2473 2065 2592 2122 tua

635 2153 737 2208 est
779 2144 1098 2225 aequitas,
1155 2141 1277 2207 hoe
1336 2141 1497 2206 mihi
1553 2143 1837 2207 officium
1885 2140 2056 2205 ultro
2102 2141 2422 2207 remittis:
2482 2161 2589 2206 me

635 2237 860 2293 tamen
919 2226 1023 2293 vel
1087 2229 1417 2310 ignaviae,
1484 2227 1591 2292 vel
1650 2227 2018 2291 securitatis
2077 2225 2321 2291 nimiae
2364 2226 2589 2310 pudet,

635 2312 808 2395 quod
850 2333 1008 2396 erga
1052 2321 1117 2377 te
1176 2313 1394 2377 minus
1452 2332 1646 2395 quam
1706 2310 2013 2396 vulgares
2069 2309 2377 2395 quosdam
2425 2311 2590 2377 ami-

633 2419 742 2464 cos
785 2398 1052 2465 sedulus
1105 2399 1245 2463 sim.
1336 2399 1587 2463 Verum
1658 2396 1818 2462 haec
1861 2398 2026 2461 ratio
2070 2406 2202 2476 est,
2262 2394 2433 2480 quod
2478 2397 2590 2462 alii

635 2484 1005 2565 importune
1060 2483 1419 2568 flagitando
1477 2483 1641 2547 mihi
1707 2492 2033 2565 torporem
2077 2483 2456 2548 excutiunt:
2516 2490 2589 2548 tu

634 2569 744 2652 qui
791 2569 1123 2635 liberalius
1166 2569 1502 2653 indulges,
1550 2576 1764 2634 tacere
1808 2568 2072 2652 pateris.
2162 2569 2255 2633 Et
2294 2588 2451 2633 sane
2494 2568 2592 2633 ita

634 2653 913 2720 assiduis
960 2655 1421 2738 scriptionibus
1465 2654 1718 2738 fatigor,
1769 2665 1843 2717 ut
1886 2653 2349 2736 propemodum
2396 2675 2590 2736 saepe

631 2738 849 2805 taedio
886 2740 1128 2806 fractus
1163 2740 1385 2805 literas
1418 2741 1597 2823 ipsas
1632 2738 1897 2805 oderim.
1966 2738 2240 2805 Utinam
2277 2748 2392 2804 tua
2426 2739 2589 2805 haec

631 2825 991 2891 moderatio
1037 2825 1208 2910 apud
1255 2824 1415 2891 alios
1459 2826 1740 2902 valeret,
1798 2834 1873 2889 ut
1926 2823 2186 2908 parcius
2246 2822 2587 2890 scribendo

633 2911 987 2977 amicitiam
1048 2909 1327 2976 fideliter
1382 2909 1595 2978 colere
1639 2909 1878 2976 liceret.
1971 2907 2105 2975 Sed
2151 2909 2332 2976 Galli
2377 2909 2587 2976 nostri

630 2996 754 3062 hac
791 2995 858 3061 in
906 3007 1092 3080 parte
1136 2995 1289 3080 plus
1321 3017 1520 3079 quam
1560 2995 2035 3061 inconsiderate
2070 3016 2176 3061 me
2245 3004 2501 3080 urgent.
2532 3000 2585 3072 ¹)

631 3082 737 3148 Ita
782 3083 860 3147 fit
932 3088 1009 3147 ut
1070 3081 1275 3166 vulgo
1334 3081 1493 3148 satis
1563 3082 1835 3160 faciens,
1949 3081 2207 3164 igritiae
2265 3101 2366 3145 me
2410 3080 2586 3164 apud

629 3169 1011 3252 praecipuos
1056 3169 1299 3233 amicos
1344 3175 1715 3251 suspectum
1762 3166 1878 3232 red
1926 3188 2050 3231 am.
2141 3165 2334 3232 Adde
2390 3164 2581 3248 quod,

626 3254 756 3321 nisi
810 3262 990 3320 certa
1045 3254 1323 3319 materia
1364 3273 1434 3319 se
1494 3252 1687 3318 offert
1701 3302 1716 3329 ,
1773 3252 2058 3334 ineptire
2116 3251 2281 3317 mihi
2333 3250 2581 3331 videor,

629 3338 784 3404 dum
826 3338 1202 3404 communia
1243 3345 1633 3422 argumenta
1675 3337 1861 3419 quasi
1905 3337 2130 3420 procul
2176 3356 2450 3403 accerso.

800 3423 1155 3490 Caeterum
1200 3422 1372 3507 quod
1426 3444 1545 3489 vos
1608 3421 1861 3505 pridem
1920 3423 2256 3506 scripsisse
2299 3442 2583 3489 comme-

626 3529 864 3588 moras,
901 3530 1023 3576 nec
1065 3510 1266 3574 fuisse
1311 3506 1538 3574 datum
1579 3529 1617 3573 a
1662 3529 1767 3573 me
1810 3528 2212 3590 responsum,
2258 3505 2413 3592 quid
2459 3509 2587 3576 sibi

627 3594 792 3659 velit
836 3616 969 3661 non
1013 3615 1351 3679 assequor:
1415 3593 1540 3659 nisi
1607 3592 1779 3676 quod
1836 3594 2204 3677 suspicatus
2248 3613 2392 3660 sum
2435 3614 2585 3677 pro-

626 3680 870 3746 fectum
912 3701 1055 3747 esse
1098 3702 1138 3746 a
1177 3680 1362 3746 vobis
1398 3678 1641 3762 aliquid
1660 3730 1675 3758 ,
1735 3678 1903 3761 quod
1972 3679 2052 3744 ad
2109 3701 2217 3745 me
2255 3700 2389 3745 non
2432 3700 2581 3763 per-

628 3765 903 3831 venerit.
922 3767 979 3838 2)
1069 3764 1144 3832 Si
1189 3765 1345 3849 quid
1392 3764 1520 3830 tale
1564 3765 1779 3843 fuerit,
1817 3761 2189 3832 admonitus
2231 3765 2405 3849 quod
2447 3786 2584 3830 me-

627 3872 817 3917 arum
863 3852 990 3916 erit
1044 3851 1333 3935 partium
1397 3872 1534 3916 non
1589 3850 1939 3935 negligam.
2029 3849 2357 3933 Quoniam
2416 3872 2579 3917 non·

626 3936 793 4001 nulli
839 3935 947 4002 vel
990 3936 1295 4020 maligni,
1364 3936 1467 4002 vel
1514 3937 1783 4015 morosi,
1839 3935 1945 4002 vel
1989 3936 2239 4003 sinistri
2278 3936 2580 4002 homines

624 4020 1007 4089 concordiae
1052 4031 1310 4087 nostrae
1354 4021 1772 4106 obstrepunt,
1830 4021 1884 4087 si
1946 4021 2038 4085 ita
2099 4022 2314 4088 visum
2374 4022 2578 4087 fuerit

626 4108 837 4186 vobis,
907 4106 1148 4173 editam
1217 4129 1358 4173 esse
1415 4128 1736 4191 cuperem.
1840 4106 2059 4173 Multa
2117 4107 2369 4191 placide
2429 4106 2577 4186 tuli,

624 4194 961 4276 praeterii,
1022 4192 1372 4258 devoravi:
1441 4193 1553 4258 sed
1599 4191 1789 4259 crede
1834 4191 2027 4271 mihi,
2093 4193 2318 4259 multis
2366 4190 2577 4258 modis

624 4277 1057 4344 animadverti
1103 4289 1504 4362 quantopere
1539 4277 1828 4344 Satanae
1864 4276 2256 4362 displiceret,
2298 4279 2354 4345 si
2399 4277 2579 4344 edita

622 4364 821 4429 fuerit
865 4363 1331 4431 Oonsensionis
1369 4367 1592 4428 forma.
1614 4369 1669 4443 ⁸)
1759 4362 2108 4430 Saxonicis
2169 4364 2462 4431 ecclesiis
2506 4362 2578 4430 id

624 4449 815 4515 valde
885 4450 1297 4534 profuturum
1363 4469 1571 4532 spero.
1672 4449 1810 4513 Vos
1877 4458 2097 4515 tamen
2167 4470 2286 4533 pro
2351 4457 2575 4516 vestra

620 4534 972 4618 prudentia
1014 4536 1165 4618 quid
1213 4535 1445 4601 melius
1490 4535 1578 4599 sit
1611 4536 1896 4600 statuite.
1986 4536 2152 4620 Ego,
2197 4556 2399 4619 quum
2480 4535 2578 4600 lu-

622 4620 774 4686 rimi
834 4621 1234 4706 exemplaria
1293 4628 1619 4705 peterent,
1686 4641 2021 4703 nunquam
2067 4641 2144 4685 eo
2189 4643 2294 4687 me
2339 4619 2418 4687 ad
2471 4621 2573 4687 uci

620 4876 804 4930 1450.
831 4875 888 4940 1)
932 4875 1026 4930 Ea*
1061 4876 1148 4930 his
1182 4876 1396 4946 colliqes
1429 4883 1639 4946 quanta
1688 4877 1808 4929 eius
1853 4877 2024 4940 suerit
2073 4876 2135 4929 in
2168 4875 2329 4931 rebus
2359 4874 2578 4943 oollios's

612 4959 757 5013 pars
791 4953 839 4998 et
864 4948 1151 5010 autoritas,
1189 4951 1241 5000 et
1257 4951 1385 5015 quot
1409 4946 1668 5014 epistolas
1700 4946 1860 5000 nobis
1895 4944 2207 5014 deperditae
2250 4958 2364 4998 esee
2397 4943 2578 4999 dolere

614 5012 1052 5163 &beamffimflsac
1094 5081 1386 5151 respondet
1428 5081 1506 5137 ad
1542 5082 1614 5137 N.
1666 5079 1828 5148 1437,
1866 5082 2218 5151 posteriorem
2269 5077 2405 5134 1446
2438 5095 2574 5136 non·

619 5148 749 5203 dum
785 5156 1016 5285 afficte
1050 5221 1194 5300 iuter
1233 5218 1543 5300 aagendam
1593 5226 1720 5301 teste
1766 5219 2136 5301 autographo,
2183 5233 2296 5273 non
2342 5233 2470 5273 vero
2516 5223 2579 5272 ut

612 5285 750 5410 3³02
784 5286 1014 5413 fflt:
1059 5288 1384 5356 dispiceret.
1465 5289 1523 5341 Si
1572 5289 1720 5342 edita
1765 5288 1931 5343 fuerit
1977 5304 2123 5343 cons.
2171 5287 2373 5353 forma,
2419 5302 2575 5341 saxo-

2699 640 2933 704 passus
2975 641 3144 704 sum,
3187 626 3265 686 ut
3304 620 3488 706 prelo
3532 621 3830 700 daretur,
3890 619 4096 688 donec
4138 620 4468 705 permissu
4512 643 4659 688 ves-

2701 717 2803 770 tro
2860 707 3065 771 ficret.
3166 705 3317 788 Qua
3371 706 3451 772 de
3507 728 3578 772 re
3635 707 3765 773 iam
3814 714 3964 772 ante
4019 708 4429 791 scripseram.
4525 704 4661 773 Sed

2699 813 2781 855 ex
2838 789 3098 858 silentio
3155 793 3431 873 conieci,
3486 792 3777 858 nondum
3835 791 4023 859 vobis
4065 801 4402 859 maturum
4447 790 4661 858 videri

2698 885 2978 1027 tempfiiis.
3002 880 3059 959 ⁴)
3155 878 3377 943 Velim
3451 885 3669 944 tamen
3737 875 4051 944 iudicium
4127 887 4425 945 vestrum
4496 878 4662 944 mihi

2698 983 2868 1047 signi
2917 983 3042 1029 ces.

2869 1046 2974 1113 De
3017 1048 3196 1115 bulla
3219 1052 3270 1128 5)
3314 1056 3578 1133 gratum
3621 1048 3853 1116 fecisti.
3944 1049 4161 1116 Maior
4206 1072 4366 1117 usus
4404 1051 4658 1125 fuisset,

2695 1133 2755 1198 si
2791 1132 2986 1199 biduo
3044 1134 3235 1200 citius
3294 1156 3437 1201 eam
3493 1135 3902 1220 recepissem.
3991 1136 4134 1201 Iam
4188 1137 4363 1202 enim
4420 1134 4660 1203 excudi

2697 1226 3002 1303 coeperat
3039 1220 3375 1303 praefatio,
3394 1220 3449 1306 ⁰)
3493 1241 3625 1304 qua
3657 1231 4119 1306 argumentum
4155 1221 4317 1288 illud
4352 1222 4658 1288 tractavi.

2698 1304 2865 1370 Eius
2923 1304 3262 1388 exemplar
3315 1305 3427 1373 hic
3472 1307 3675 1372 habes
3691 1358 3706 1385 ‚
3769 1308 3827 1371 si
3872 1308 4041 1372 forte
4100 1306 4317 1391 legere
4371 1306 4656 1375 vacabit.

2697 1389 2886 1473 Rogo
2931 1395 3177 1471 tamen,
3224 1398 3299 1457 ut
3341 1392 3556 1475 prima
3595 1413 3849 1477 quaque
3893 1394 4231 1460 occasione
4285 1394 4582 1479 Verqerio
4603 1393 4658 1476 ⁷)

2699 1496 2832 1540 una
2874 1496 3023 1540 cum
3067 1475 3278 1542 literis
3298 1481 3351 1557 ⁸)
3405 1476 3800 1543 mittendum
3854 1498 4060 1545 cures.
4151 1478 4297 1545 Hoc
4352 1480 4514 1547 boni
4559 1485 4661 1543 est

2697 1560 2768 1625 in
2814 1560 3022 1640 bulla,
3081 1560 3254 1645 quod
3311 1584 3482 1647 papa
3547 1564 3789 1645 absque
3845 1563 3980 1629 ullo
4022 1565 4465 1632 simulationis
4506 1566 4659 1631 fuco

2696 1665 2947 1711 meram
3008 1646 3426 1731 tyrannidem
3485 1649 3708 1731 spirat.
3809 1649 3916 1714 Ad
3976 1671 4198 1735 preces
4261 1652 4521 1734 itaque,
4582 1659 4660 1714 ut

2696 1729 2875 1809 dicis,
2921 1732 3108 1798 nobis
3152 1734 3342 1799 confu
3391 1732 3663 1800 iendum
3706 1741 3824 1800 est.

2867 1816 3294 1883 Germaniam
3383 1820 3570 1885 icunt
3621 1820 3745 1885 hoc
3788 1841 3961 1886 anno
4006 1842 4046 1886 a
4089 1822 4278 1887 bellis
4319 1822 4656 1888 intestinis

2740 1901 2982 1968 uietam
3017 1902 3192 1969 fore:
3241 1904 3546 1988 quoniam
3584 1906 3801 1971 'Purca
3837 1905 4322 1974 Fordinandum
4358 1915 4580 1992 urget.
4604 1911 4656 1983 ⁹)

2750 1984 2831 2052 ed
2897 1989 3051 2072 quia
3095 1990 3364 2055 Domini
3424 1999 3524 2056 est
3581 1990 3808 2057 sedare
3868 2013 4096 2058 omnes
4155 2014 4493 2059 armorum
4552 2002 4656 2058 tu-

2694 2072 2973 2152 multus,
3042 2074 3155 2139 ille
3198 2076 3609 2143 invocandus
3653 2086 3786 2154 est,
3843 2089 3919 2142 ut
3974 2078 4360 2144 indomitam
4407 2078 4655 2161 alioqui

2695 2159 2985 2224 hostium
3026 2170 3398 2228 nostrorum
3433 2162 3680 2228 rabiem
3719 2173 4104 2247 compescat.
4176 2163 4362 2244 Vale,
4411 2164 4654 2230 eximie

2696 2244 2802 2309 vir
2860 2253 2927 2310 et
2984 2246 3187 2312 frater
3240 2247 3402 2313 mihi
3437 2248 3530 2335 gin
3576 2248 3807 2331 primis
3850 2248 4133 2316 colende.
4224 2250 4463 2316 Saluta
4506 2269 4655 2314 meo

2695 2338 2761 2394 et
2802 2330 3077 2396 fratrum
3141 2354 3437 2398 meorum
3482 2335 3745 2399 nomine
3798 2334 4083 2419 collegas
4144 2346 4290 2401 tuos
4349 2346 4416 2402 et
4462 2334 4650 2399 fami-

2697 2414 2868 2479 liam.
2959 2416 3278 2484 Dominus
3338 2440 3454 2484 vos
3498 2426 3790 2500 tueatur,
3859 2421 4044 2488 vobis
4089 2421 4291 2500 adsit,
4352 2441 4474 2486 vos
4532 2442 4622 2506 gu

2693 2501 2969 2567 bernare
3011 2510 3262 2587 pergat.
3336 2505 3669 2585 Genevae,
3725 2512 3816 2569 13.
3866 2505 4135 2573 Calend.
4183 2506 4416 2572 Martii
4470 2511 4656 2570 1551.

3612 2641 3897 2707 Ioannes
3942 2641 4260 2709 Calvinus
4303 2649 4479 2708 tuus.

3571 3151 3759 3222 1451.

3213 3304 3621 3374 VIRETUS
3666 3306 4122 3375 FARELLO.

2861 3474 3223 3555 Infirmiore
3264 3476 3617 3543 valetudine
3658 3477 3952 3544 laborans
3993 3498 4060 3545 se
4101 3479 4315 3544 itineri
4359 3479 4447 3544 ad
4492 3500 4639 3564 syn·

2688 3561 2875 3627 edum
2922 3561 3394 3628 Neocomensem
3435 3564 3546 3628 vix
3587 3564 3956 3631 committere
4001 3564 4267 3630 audebit.

2687 3731 2800 3797 (Ex
2845 3731 3175 3785 bibliotheca
3221 3738 3500 3801 pastorum
3544 3733 4013 3788 Neocomensium.
4092 3735 4231 3805 Epp.
4283 3723 4467 3789 Vireti
4511 3736 4637 3789 fasc.

2893 3800 2963 3853 V.
3005 3800 3072 3856 N.
3108 3799 3156 3854 2.
3231 3800 3410 3855 Vireti
3445 3819 3663 3856 manum
3699 3804 4026 3872 subscriptio
4062 3804 4179 3857 sola
4216 3803 4430 3871 refert.)

2856 3971 3120 4037 Eximio
3177 3970 3427 4036 Ohristi
3487 3993 3677 4039 servo
3723 3973 4086 4039 Guilielmo
4130 3974 4393 4041 Farello
4449 3972 4636 4041 fratri

2682 4066 2750 4122 et
2792 4065 3195 4142 symmystae
3238 4057 3599 4140 plurimum
3644 4057 3930 4124 colendo.

4135 4161 4198 4227 N
4200 4165 4461 4230 eocomi.

2858 4295 2930 4361 S.
2999 4294 3251 4361 Audies
3294 4294 3375 4361 de
3420 4296 3545 4362 hoc
3587 4296 3927 4363 tabellario
3962 4297 4117 4382 quid
4153 4300 4403 4366 consilii
4448 4321 4636 4385 cepe-

2684 4381 2775 4445 rit
2823 4378 3142 4460 Calvinus,
3188 4392 3258 4446 et
3302 4401 3497 4464 quam
3543 4381 3624 4447 ob
3669 4403 3935 4449 causam
3979 4385 4202 4468 cupiat
4245 4385 4415 4451 diem
4463 4386 4630 4452 anti-

2682 4467 2889 4550 cipari
2969 4474 3193 4532 vestro
3268 4464 3587 4532 indictum
3663 4471 4032 4535 conventui.
4069 4475 4118 4543 ¹)
4219 4471 4390 4536 Mihi
4457 4479 4631 4540 certe

2885 4735 2947 4802 4)
3001 4738 3134 4793 Vide
3168 4735 3320 4803 1446,
3353 4747 3465 4796 not.
3499 4737 3549 4795 3.

2884 4804 2947 4871 ὃ)
2984 4823 3095 4877 qua
3128 4808 3416 4863 concilim
3455 4808 3774 4864 Tridentum
3805 4811 4182 4865 revocabatur.

2885 4872 2944 4938 6)
2982 4881 3045 4931 in
3083 4875 3233 4945 Epp-
3270 4877 3564 4933 catholicas
3597 4879 3696 4934 ubi
3728 4880 3961 4933 maxime
3995 4877 4063 4933 de
4096 4880 4338 4935 coaos‘lio.

2888 4941 2944 5009 7)
2984 4943 3133 4999 Eda.
3239 4961 3272 4999 o
3304 4947 3522 5002 nomine
3555 4946 3607 5001 N
3643 4947 3852 5002 habent.

2886 5011 2942 5074 8>
2977 5012 3139 5081 deper-
3193 5014 3286 5068 'tia

2887 5079 2949 5147 9)
2983 5083 3081 5152 qm'
3109 5083 3172 5137 in
3207 5084 3440 5166 comitiis
3471 5082 3526 5137 A
3601 5084 3818 5138 utonis
3862 5083 4077 5138 auxilia
4123 5091 4361 5141 statuum
4410 5087 4628 5158 expetiit

2681 5147 3555 5285 ἰξιέἵῗιῗῖεθθοῖἆωὲδθαῑωῒυξπ
3581 5149 3949 5286 cmg}
3996 5219 4048 5274 4.
4102 5221 4306 5278 Martii
4347 5224 4629 5280 inchoatae

2786 5285 2908 5353 odo,
2942 5304 3057 5343 non
3089 5305 3215 5345 vero
3259 5290 3523 5356 Vir-emm,
3575 5294 3636 5343 ut
3678 5289 3790 5343 vult
3827 5286 4163 5357 Kordtliofcr
4198 5291 4370 5347 Forel
4401 5292 4470 5346 11.
4507 5290 4620 5346 105.

2681 5302 2832 5412 '331⁶
2864 5355 3028 5412 huius
3060 5374 3140 5428 ep.
3175 5357 3255 5413 ad
3287 5358 3668 5427 Humerum
3703 5356 3858 5422 infra
3892 5357 3969 5412 ad
4003 5357 4085 5413 16.
4125 5359 4294 5416 Mart.
