4900 6167
253 459 360 522 113

252 645 605 711 habuerunt
662 641 840 708 enim
880 662 1021 707 rem
1063 662 1213 708 cum
1255 640 1336 708 iis
1349 692 1367 720 ,
1424 662 1587 727 quos
1629 649 1790 708 sunt
1841 638 2186 706 habiturae

176 741 185 748 ‘
252 730 520 797 maritos.
623 727 755 793 Hic
809 726 1081 795 consilio
1151 735 1295 793 erat
1348 747 1531 812 opus.
1630 727 1858 795 Novus
1914 746 2061 792 sum
2116 725 2187 790 in

254 817 378 882 istis
421 823 489 879 et
529 814 745 883 solus.
833 813 1035 879 Pater
1084 811 1294 891 dicor,
1361 812 1476 879 sed
1520 832 1716 897 quem
1771 812 1892 879 filii
1956 831 2188 895 parum

252 906 470 968 curant
520 907 592 965 et
647 898 980 965 adiuvant.
1081 895 1262 964 Sane
1323 898 1556 965 vellem
1621 898 2014 984 oasfigatum
2072 895 2189 963 abs

256 997 330 1065 te,
367 994 442 1050 ut
481 1005 617 1050 non
659 985 808 1062 mei,
851 983 969 1049 sed
1009 983 1319 1050 ecclesiae
1362 993 1431 1050 et
1473 984 1752 1050 aliorum
1788 1004 1953 1067 quae
1995 1002 2186 1067 opor-

254 1081 343 1137 tet
378 1089 600 1135 curam
655 1070 970 1135 maiorem
1028 1068 1282 1135 habeat.
1372 1068 1668 1136 Nimium
1701 1069 1931 1135 multis
1975 1089 2048 1135 se
2090 1069 2190 1133 in-

257 1156 479 1234 volvit,
543 1164 613 1221 et
667 1155 904 1221 leviter
967 1153 1341 1221 admodum.
1447 1155 1703 1221 Verum
1764 1154 1890 1222 hoo
1943 1154 2061 1220 abs
2124 1161 2192 1220 te

256 1251 460 1325 petere
511 1240 745 1307 videor
805 1241 992 1324 quasi
1055 1241 1289 1318 otioso,
1348 1249 1415 1306 et
1453 1261 1589 1307 non
1643 1240 1919 1325 inspicio
1936 1290 1951 1318 ,
2018 1238 2191 1324 quod

259 1349 434 1394 nemo
487 1347 623 1393 non
686 1327 892 1406 novit,
957 1325 1258 1409 quodque
1321 1346 1428 1391 me
1489 1326 1696 1392 latere
1759 1346 1894 1392 non
1957 1332 2194 1410 potest,

258 1414 435 1480 obrui
476 1424 543 1479 te
585 1411 997 1496 negotiorum
1040 1411 1235 1496 longe
1276 1411 1599 1477 maiorum
1643 1410 2087 1478 multitudine.

415 1498 663 1565 Audies
702 1505 1058 1581 praeterea,
1102 1494 1258 1580 quid
1302 1496 1457 1563 huic
1505 1505 1571 1562 et
1612 1498 1822 1575 uxori,
1868 1498 1980 1581 qui
2021 1516 2198 1564 com-

262 1584 645 1650 mendantur
687 1603 723 1647 a
768 1583 1012 1667 pietate
1025 1634 1042 1662 ,
1088 1582 1451 1665 contigerit.
1540 1583 1756 1649 Erant
1797 1584 2072 1650 accincti
2115 1581 2200 1647 ad

240 1673 375 1738 iter
388 1720 403 1745 ‚
445 1676 525 1734 ut
565 1669 695 1736 huc
737 1669 1043 1735 venirent
1083 1667 1411 1752 evangelii
1454 1669 1668 1752 gratia
1712 1668 2042 1735 distractis
2084 1667 2202 1734 vili

263 1757 457 1839 pretio
493 1754 719 1838 paucis
738 1773 905 1838 quse
924 1752 1271 1831 habebant,
1312 1774 1640 1837 quumque
1680 1752 1961 1819 milliare
1993 1775 2204 1820 unum

264 1852 325 1906 et
356 1841 634 1907 alterum
666 1841 1130 1923 perrexissent,
1168 1839 1533 1908 adcurrunt
1564 1839 1877 1922 praefecti
1896 1839 2204 1920 ministri,

266 1939 605 2009 utrumque
666 1922 1239 2009 comprehendunt
1279 1931 1349 1990 et
1387 1924 1460 1989 in
1510 1944 1835 1992 carcerem
1892 1924 2205 1992 abductos

264 2013 627 2090 coniicinnt,
672 2020 742 2077 et
780 2009 1323 2095 pharmacopolae
1366 2010 1652 2076 absentis
1696 2031 1995 2091 uxorem,
2039 2031 2207 2095 quae

269 2098 507 2164 volebat
528 2097 741 2164 virum
779 2097 982 2180 sequi,
1025 2095 1343 2163 custodiri
1375 2094 1447 2161 in
1480 2096 1688 2180 ipsius
1723 2096 1995 2163 aedibus
2028 2097 2209 2162 iubet

270 2183 636 2267 praefectus.
724 2181 921 2249 Cives
975 2183 1251 2247 mittunt
1300 2179 1385 2247 ad
1440 2181 1782 2264 primiores
1802 2181 1860 2267 ὅ)
1918 2191 1986 2248 et
2025 2203 2207 2248 sum-

270 2290 435 2335 mum
492 2268 953 2353 mag-istratum
993 2267 1486 2351 Lotharingiae.
1573 2267 1974 2335 Decernitur
2015 2268 2206 2352 quod,

269 2376 458 2439 quum
503 2355 681 2421 cives
723 2355 860 2420 sint
911 2353 1129 2432 liberi,
1195 2351 1476 2418 liberum
1532 2353 1615 2420 iis
1659 2354 1750 2420 sit
1803 2353 2015 2433 abire,
2124 2374 2208 2420 uo

272 2440 501 2506 volent„
601 2437 871 2505 Dantur
933 2446 1275 2524 praeterea
1337 2438 1567 2504 literae
1636 2440 1912 2520 civium,
1972 2440 2087 2524 qui
2127 2460 2210 2505 us

272 2526 575 2592 asseritur
616 2524 787 2591 nihil
830 2545 940 2591 eos
982 2522 1239 2609 indigni
1440 2524 1455 2539 ‘
1500 2524 1514 2538 ‘
1626 2574 1640 2589 .

426 2612 563 2677 Hic
604 2609 960 2677 admodum
1016 2607 1298 2693 simplex
1338 2616 1469 2676 est:
1542 2610 2061 2695 pharmacopola,
2106 2610 2212 2677 vir

275 2718 413 2765 sane
446 2697 638 2781 probi
682 2696 926 2776 iudicii,
970 2695 1309 2780 egregium
1351 2694 1465 2760 dat
1505 2696 1970 2762 testimonium.
2035 2697 2210 2762 'Pex-

270 2793 361 2849 tor
414 2791 518 2849 est
765 2783 885 2848 ‘us.
985 2781 1197 2847 Nemo
1250 2788 1354 2847 est
1394 2801 1479 2846 ex
1523 2781 1693 2861 suis,
1759 2783 1871 2866 qui
1914 2783 2212 2849 laborare

272 2890 393 2934 non
434 2869 662 2952 possit.
750 2869 1039 2934 Tantum
1094 2866 1337 2951 probus
1397 2866 1631 2950 aliquis
1685 2867 1926 2934 horum
1984 2873 2214 2933 utatur

271 2952 663 3106 33511'3122023
725 2974 1145 3106 ‘'¹3³2AEss
1118 2952 1597 3122 ³⁵⁵⁰a¹1¹1³13m¹¹⁰3²ui
1612 2952 1938 3124 '³⁰³1ssssss
1970 2954 2212 3105 hm

274 3126 494 3192 virum.
582 3125 842 3191 Ferunt
882 3145 1198 3209 magnum
1255 3145 1400 3191 esse
1442 3124 1701 3207 piorum
1743 3145 2097 3192 numerum
2139 3125 2211 3189 in

272 3231 341 3277 ea
378 3212 539 3279 urbe
580 3210 758 3277 unde
794 3211 1089 3277 veniunt.

427 3297 810 3365 Praefectus
867 3298 1082 3364 iussus
1136 3295 1419 3363 liberare
1470 3295 1737 3362 volebat
1785 3295 1910 3363 sub
1951 3301 2210 3362 noctem

271 3385 579 3462 emittere,
623 3382 740 3449 sed
773 3403 906 3448 non
940 3382 1116 3467 passi
1139 3388 1297 3448 sunt
1338 3381 1531 3462 cives,
1573 3402 1806 3448 verum
1827 3381 2025 3466 plena
2043 3381 2209 3460 luce,

270 3469 562 3535 munibus
603 3469 753 3536 vale
786 3488 985 3552 quam
1019 3466 1412 3535 amicissime
1454 3465 1837 3547 dicentibus,
1894 3475 1962 3533 et
1993 3466 2213 3534 fausta

272 3555 681 3654 precantibus
697 3607 715 3635 ,
787 3576 939 3621 cum
1001 3552 1445 3638 gratulatione
1514 3552 1689 3637 quod
1744 3561 1883 3620 tam
1934 3551 2212 3619 feliciter
2356 3633 2365 3642 .

270 3660 413 3707 cum
452 3641 562 3706 bis
728 3646 913 3706 retur
927 3691 944 3719 ,
1004 3638 1179 3723 quod
1231 3637 1315 3704 ad
1359 3636 1762 3705 audiendum
1799 3659 1964 3723 pure
2007 3660 2209 3706 evan-

272 3728 507 3812 gelium
548 3726 820 3805 abirent,
864 3734 944 3792 ut
985 3731 1207 3793 sancte
1251 3743 1404 3790 cum
1445 3731 1671 3792 sancta
1711 3725 1983 3792 ecclesia
2024 3725 2210 3792 vive-

275 3821 427 3879 rent.
536 3811 851 3880 Dexteris
914 3810 1217 3878 omnibus
1280 3809 1452 3876 datis
1514 3809 1818 3877 exierunt
1879 3832 1963 3877 ex
2027 3811 2208 3891 urbe,

274 3898 587 3999 praefecto
628 3897 974 3965 frendente
988 3949 1004 3977 ,
1055 3897 1170 3981 qui
1214 3895 1341 3962 hoc
1394 3896 1607 3963 sciens
1660 3896 1959 3963 futurum
2017 3896 2211 3964 aliter

274 3992 744 4137 mggatiam
784 4068 1043 4154 longior
1063 4089 1229 4135 sum.
1278 4065 1436 4133 Vale
1460 4088 1657 4151 quam
1700 4068 1963 4152 optime,
2008 4075 2076 4133 et
2119 4074 2211 4132 te-

270 4175 411 4221 cum
473 4156 566 4239 pii
614 4175 877 4255 pmnes,
959 4162 1102 4220 tum
1166 4153 1486 4253 collegae!
1563 4162 1708 4219 tum
1779 4153 2048 4238 reliqui,
2125 4174 2211 4219 ne

272 4241 432 4392 gem
489 4328 649 4405 eius,
694 4248 1169 4393 eugithZdaeo
1211 4247 1305 4390 οῗ
1322 4248 1581 4391 Two.
1616 4238 2212 4409 qussarglgsfguffi

278 4415 381 4477 tuo
432 4421 502 4479 et
551 4412 952 4498 collegarum
991 4411 1261 4478 nomine
1317 4410 1687 4490 salutarem,
1743 4411 2082 4478 iusserunt
2143 4417 2213 4476 te

280 4495 619 4565 honorifice
659 4505 729 4566 et
768 4498 929 4566 istos
969 4496 1335 4563 resalutari.
1421 4495 1787 4562 Robertum
1833 4495 2214 4578 Stephanum

276 4592 421 4681 opto
463 4583 742 4710 dignoum
775 4580 1021 4669 aliquid
1062 4602 1276 4668 agere.
1361 4581 1672 4649 Neocomi
1715 4580 1820 4648 die
1864 4585 1966 4647 27.
2011 4581 2212 4665 Apri-

282 4665 356 4732 hs
404 4673 580 4735 1⁶52·
635 4669 663 4756 )
1132 4750 1434 4818 Farellus
1476 4761 1632 4820 tuus
1677 4773 1761 4818 ex
1803 4754 2039 4820 animo.

471 4941 942 5074 galenam.
994 5007 1261 5063 Sin-uma
1304 5006 1797 5063 bomenendavit:
1836 5009 1988 5064 1551.
2057 5006 2214 5063 Nm

285 5075 2193 5146 fflommdeobiouBucerilofflmquasireconsmmcuoeto'
2196 5116 2211 5131 .

491 5454 711 5513 camo·
735 5470 917 5524 opera.
996 5454 1111 5512 Vol.
1148 5454 1324 5511 XIV.

1991 456 2151 520 1551
2199 453 2511 523 APRIL.

4147 461 4277 524 114

3181 637 3377 711 1488.

2673 790 2993 860 HALLE
3001 789 3178 861 Rus
3221 793 3862 863 BULLINGERO.

2466 961 2724 1050 Sueliya
2755 965 2827 1029 in
2870 963 3160 1031 Helvetia
3198 965 3406 1032 redux
3447 970 3506 1031 et
3543 985 3789 1052 semper
3829 969 4013 1036 idem.

2292 1134 2406 1202 (Ex
2442 1132 2780 1205 autographo
2816 1133 2978 1189 Arcb.
3014 1134 3229 1189 Turicb.
3266 1135 3413 1190 Plut.
3452 1134 3550 1192 VI.
3585 1135 3707 1191 vol.
3745 1137 3863 1206 154,
3900 1140 4031 1195 olim
4065 1140 4258 1199 Βατία.

2521 1204 2585 1257 Β.
2620 1203 2762 1272 Epp.
2800 1201 2955 1258 Tom.
2988 1202 3073 1270 82,
3109 1204 3206 1259 fol.
3247 1202 3361 1260 137.
3397 1233 3468 1245 -
3500 1204 3713 1261 Simler.
3749 1207 3869 1262 Vol.
3909 1207 4021 1276 74.)

2298 1406 4256 1432 -————-————-—————-—

2467 1457 2825 1525 Florianus
2885 1457 3144 1545 Susliya
3205 1460 3496 1529 Polonus
3554 1464 3638 1528 ist
3695 1463 3868 1530 diser
3928 1464 4065 1549 Tay
4131 1465 4253 1532 har

2292 1544 2429 1610 kon.
2492 1544 2707 1634 Mirus
2751 1544 3101 1628 impostor:
3148 1546 3471 1630 stupenda
3502 1548 3585 1615 de
3627 1548 3742 1614 illo
3785 1548 3973 1616 nobis
4018 1551 4253 1618 retulit

2298 1629 2634 1697 Antonius
2693 1628 2964 1696 Schorus
3019 1632 3571 1716 Antwerpiensis‚
3639 1634 3746 1700 vir
3809 1634 4253 1717 doctissimus,

2298 1715 2410 1866 gui
2456 1735 2632 1781 nunc
2674 1716 3072 1783 Lausannae
3115 1718 3255 1803 agit
3296 1719 3484 1802 eique
3527 1719 3656 1785 fuit
3697 1721 4039 1789 familiaris
4082 1722 4257 1788 Hei-

2348 1799 2650 1886 elbergae
2691 1808 2761 1867 et
2948 1803 3223 1869 entinae.
3313 1803 3416 1869 Er
3466 1805 3574 1871 hat
3624 1805 3784 1872 mich
3834 1806 3995 1875 auch
4049 1808 4260 1875 wellen

2303 1892 2593 1954 ansetzen
2631 1908 2800 1953 vmm
2837 1894 2917 1974 ff·
2968 1939 2985 1970 ,
3025 1889 3103 1955 do
3144 1888 3245 1957 ich
3286 1890 3440 1956 imm
3481 1895 3597 1957 mit
3637 1892 3849 1958 wellen
3885 1893 4054 1960 lihen
4096 1895 4260 1962 abiit

2305 1972 2566 2057 hospite
2607 1973 2977 2039 insalutato.
3067 1974 3332 2042 Interea
3388 1978 3532 2043 auri
3588 1986 3847 2044 montes
3904 1977 4261 2063 praedicat.

2307 2057 2492 2125 Cave
2536 2060 2617 2126 ab
2658 2059 2792 2124 illo.
2881 2059 3028 2125 Hoc
3064 2081 3238 2126 anno
3290 2067 3496 2128 totam
3537 2061 3819 2143 Italiam,
3863 2065 4078 2148 ipsam
4121 2066 4260 2132 Ro-

2308 2164 2505 2225 ωαῑιι,
2549 2151 2775 2230 postea
2818 2144 3108 2212 Galliam
3150 2155 3218 2213 et
3258 2147 3655 2233 Hispaniam
3693 2157 4091 2234 pervagatus
4136 2158 4256 2219 est.

2310 2266 2396 2277 -
2438 2268 2526 2278 -
2566 2267 2654 2280 -
2694 2268 2781 2278 —
2822 2230 3085 2300 Rornae
3127 2236 3230 2298 27.
3275 2232 3526 2317 Aprilis
3576 2237 3760 2299 1551.

3129 2369 3312 2436 Tuus
3354 2369 3639 2436 Ioannes
3681 2370 4014 2438 Hallerus.
4045 2374 4094 2453 ¹)

3053 2969 3058 2980 ,
3197 2931 3390 3002 1489.

2709 3065 3379 3137 BULLINGERUS
3423 3069 3861 3137 GALVINO.

2489 3236 3182 3306 RumordeGalvino
3244 3239 3647 3307 maan-‘am
3708 3240 3981 3325 aReqe
4034 3248 4261 3312 vocato.

2316 3321 2446 3391 Res
2489 3325 2756 3392 italicae
2848 3322 3197 3392 eonem
3244 3326 3594 3412 Tiyurinus
3629 3329 3982 3409 yet-maniae
4021 3349 4259 3406 versus.
4318 3408 4322 3413 ,

2314 3495 2420 3563 (Ex
2457 3494 2793 3566 autographo
2837 3495 3006 3550 Λεὼ.
3043 3495 3224 3552 Turic.
3276 3496 3419 3551 Plut.
3455 3496 3551 3552 VI.
3587 3498 3712 3553 Vol.
3747 3497 3877 3565 129,
3924 3498 4055 3553 olim
4088 3498 4262 3557 Sci-in.

2535 3564 2597 3619 B.
2631 3565 2772 3634 Epp.
2806 3564 2956 3621 Tem.
2989 3563 3075 3634 30,
3108 3564 3198 3621 fol„
3232 3563 3355 3621 272.
3393 3594 3458 3607 -
3492 3566 3704 3623 Simler.
3738 3567 3860 3624 Vol.
3903 3565 4016 3634 74.)

2484 3734 2866 3804 Clarissimo
2923 3737 3068 3805 viro
3110 3737 3195 3803 D.
3238 3736 3472 3804 Ioanni
3529 3736 3808 3805 calvino
3852 3737 4265 3808 Genevensis

2313 3822 2623 3890 ecclesiae
2684 3820 2818 3888 fido
2874 3825 3122 3906 pastori
3181 3821 3444 3890 domino
3497 3843 3616 3890 suo
3671 3822 4128 3891 colendissimo
4195 3834 4261 3892 et

2314 3906 2508 3973 fratri
2548 3907 2900 3975 carissimo.

2486 4128 2558 4198 S.
2603 4130 2687 4196 D.
2757 4128 2835 4197 Si
2878 4149 3040 4198 vera
3090 4129 3345 4215 spargit
3384 4129 3579 4211 fama,
3623 4130 4078 4200 colendissime
4125 4132 4267 4200 Gal-

2312 4217 2473 4296 νέοιο,
2517 4236 2655 4282 non
2698 4215 3014 4285 Genevae
3055 4215 3176 4283 tibi
3217 4214 3343 4284 hae
3383 4237 3572 4284 meae
3614 4218 3983 4285 offeruntur
3996 4270 4013 4301 ,
4058 4240 4263 4304 quum

2314 4301 2563 4369 dudum
2606 4302 2700 4370 sis
2731 4302 3059 4387 profectus
3099 4301 3172 4365 in
3207 4300 3513 4368 Galliam.
3581 4304 3845 4371 Dicitur
3890 4305 4071 4371 enim
4111 4304 4269 4371 Rex

2312 4388 2646 4455 neminem
2686 4388 3011 4455 missurus
3052 4388 3124 4452 in
3164 4387 3517 4455 concilium
3551 4390 4037 4471 Tridentinum,
4082 4391 4266 4458 insu·

2313 4494 2435 4557 per
2489 4474 2823 4540 nationale
2887 4471 3330 4540 celebraturus
3384 4475 3458 4540 in
3503 4475 3726 4542 Gallia
3743 4528 3759 4556 ,
3825 4476 3910 4542 ad
4009 4476 4141 4543 uod
4198 4483 4265 4544 te

2313 4580 2466 4626 cum
2528 4559 2865 4626 nonnullis
2938 4558 3085 4625 aliis
3163 4560 3468 4628 evocarit.
3497 4560 3549 4646 ¹)
3645 4562 3793 4647 Ego
3858 4582 3928 4627 m
4000 4569 4105 4629 tas
4186 4562 4270 4629 ob

2314 4664 2547 4713 causas
2590 4645 2810 4711 omnia
2850 4644 2968 4711 illa
3006 4645 3204 4730 plane
3245 4665 3422 4713 vana
3474 4666 3619 4713 esse
3661 4647 3883 4729 credo,
3941 4648 4071 4715 nisi
4125 4668 4267 4714 cer-

2314 4731 2490 4798 tiora
2546 4752 2588 4798 a
2641 4737 2710 4798 te
2773 4729 3039 4799 edoctus
3094 4732 3295 4799 fuero.
3400 4730 3462 4799 Ο
3516 4753 3716 4817 quam
3776 4740 4038 4819 gratum
4097 4740 4269 4801 esset

2313 5020 3340 5105 1488.1)0flm13phm.p.90
3381 5025 3433 5076 et
3470 5021 3547 5078 N.
3594 4985 3749 5077 14s4.
3826 5021 3995 5104 {scaea
4039 5020 4261 5104 κώμο-

2309 5269 4264 5425 ΞοκσιέθᾶέἧιυωῖῆάωύιωκᾶωηωαωᾶυᾱήρκΒΜοω

3818 5452 3857 5507 s
