4900 6167
674 421 800 485 031

672 604 900 688 regiae
976 624 1175 687 quam
1254 600 1588 668 maximae
1664 620 1934 683 prorsus
1999 608 2245 681 patent.

676 709 937 772 cunque
980 690 1467 771 quanticunque
1515 697 1583 751 et
1624 698 2043 769 quotcunque
2079 686 2213 751 sint
2247 683 2627 764 adversarii,

676 775 847 840 nihil
890 787 1166 857 possunt
1207 793 1462 839 omnes:
1518 773 1792 837 immota
1832 776 2107 836 manent
2147 778 2213 834 et
2254 771 2448 836 firma
2491 792 2629 835 om-

674 861 790 925 nia
830 880 998 943 quae
1032 870 1192 925 sunt
1226 858 1497 925 Christi.
1570 856 1795 923 Unum
1839 857 1913 922 in
1956 866 2021 920 te
2067 855 2437 922 desiderare
2481 876 2628 939 pos-

670 966 904 1013 sumus
947 944 1121 1028 quod
1173 966 1304 1009 non
1363 953 1498 1009 tam
1556 943 1716 1010 facis
1773 943 2121 1027 participes
2179 942 2627 1020 afflictionum,

672 1052 874 1115 quam
900 1051 1127 1096 sumus
1149 1029 1690 1107 consolationum,
1725 1037 1791 1093 et
1826 1037 2080 1112 partem
2117 1049 2246 1093 non
2284 1026 2626 1112 vulgarem

670 1118 793 1183 tibi
838 1137 1103 1183 servare
1145 1115 1390 1182 studes.
1481 1115 1818 1199 Aperuisti
1864 1122 2118 1197 partem
2163 1134 2408 1191 eorum,
2456 1136 2625 1196 quae

670 1202 891 1268 hostes
935 1204 1141 1268 nostri
1177 1201 1386 1266 moliti
1420 1210 1592 1278 sunt,
1638 1200 1752 1265 sed
1785 1200 2008 1264 minus
2042 1220 2236 1283 quam
2272 1198 2622 1279 ferebatur,

665 1288 887 1373 potius
923 1297 997 1353 ut
1031 1296 1214 1352 metu
1255 1299 1321 1352 et
1356 1287 1576 1352 dolore
1610 1285 1886 1364 levares,
1933 1306 2131 1369 quam
2166 1294 2244 1350 ut
2280 1284 2624 1351 ardentius

666 1373 1071 1458 precandum
1127 1371 1541 1449 incendereS‚
1602 1394 1724 1436 nec
1777 1372 2079 1436 indicasti
2122 1369 2277 1453 quid
2321 1392 2623 1438 censeres

669 1459 860 1525 nobis
915 1458 1320 1536 faciendum,
1344 1462 1400 1534 ⁸)
1472 1460 1883 1541 potissimum
1940 1457 2139 1535 mihi,
2206 1478 2400 1540 quem
2461 1458 2621 1523 satis

669 1546 847 1611 nosti
906 1542 1264 1629 satagendo
1324 1564 1455 1609 non
1514 1541 1706 1608 modo
1762 1563 1984 1627 agere,
2047 1563 2276 1607 verum
2321 1545 2390 1607 in
2434 1564 2621 1608 mora

668 1653 815 1697 esse
857 1631 941 1695 iis
985 1631 1097 1712 qui
1142 1629 1416 1696 feliciter
1460 1636 1768 1707 currunt,
1816 1639 1882 1694 et
1923 1629 2225 1712 quamvis
2268 1650 2400 1693 non
2447 1629 2618 1693 indi-

666 1738 881 1793 cares,
954 1738 1072 1781 nec
1129 1716 1379 1781 Viretus
1432 1713 1609 1779 aliud
1666 1714 1997 1791 suaderet,
2065 1723 2324 1779 tantum
2391 1714 2619 1780 literas

664 1802 990 1868 mitteret:
1036 1803 1169 1866 imo
1207 1802 1582 1885 priusquam
1623 1811 1768 1865 tuas
1787 1802 1846 1883 ⁴)
1893 1821 2044 1865 cum
2082 1801 2217 1865 suis
2254 1802 2615 1883 acciperem

660 1888 906 1953 alteras
949 1908 1355 1972 acceperam,
1417 1907 1581 1969 quae
1626 1908 1710 1951 ex
1743 1886 1824 1951 iis
1867 1906 2035 1969 quae
2082 1885 2468 1969 (loquuta-9⁵)
2515 1907 2616 1950 re-

666 1973 910 2038 tulerat
946 1994 1127 2056 spem
1166 1973 1508 2051 faciebant,
1554 1972 1720 2037 bene
1756 1972 1976 2036 omnia
2011 1992 2410 2050 successura,
2448 1993 2616 2055 quac

667 2080 828 2124 sane
872 2058 1144 2124 fuerunt
1202 2059 1628 2141 gratissimae.
1721 2055 1856 2123 Sed
1909 2058 2188 2140 acceptis
2233 2059 2361 2122 tuis
2405 2060 2613 2123 conti-

665 2166 797 2210 nuo
841 2164 989 2209 cum
1034 2145 1285 2229 collega
1341 2152 1407 2209 et
1454 2142 1784 2209 Maturino
1807 2148 1857 2218 ⁶)
1919 2142 2193 2221 contuli,
2254 2152 2320 2207 et
2363 2163 2441 2208 eo
2501 2143 2613 2208 de-

658 2229 1037 2297 scendimus
1079 2251 1338 2309 omnes,
1397 2229 1725 2311 expedire,
1772 2249 2218 2312 quaecumque
2263 2229 2614 2313 affulgeret

656 2320 918 2400 spes‚⁷)
978 2316 1265 2381 eundum
1310 2316 1474 2380 mihi
1520 2335 1662 2380 esse
1706 2314 2131 2380 Lausannam
2176 2324 2253 2379 ut
2294 2337 2444 2381 cum
2506 2316 2614 2381 Vi-

653 2407 788 2467 reto
831 2409 898 2467 et
941 2401 1088 2467 aliis
1129 2401 1264 2465 illic
1308 2401 1751 2483 dispiceretur.
1827 2400 2022 2481 Quod
2066 2408 2135 2466 et
2175 2400 2421 2466 factum
2465 2401 2607 2466 fuit.

654 2488 812 2552 Non
856 2487 1075 2553 visum
1118 2486 1245 2551 fuit
1287 2486 1592 2568 expedire
1636 2488 1717 2552 ob
1761 2508 1866 2564 ea,
1922 2507 2089 2568 quae
2131 2507 2217 2551 ex
2261 2497 2610 2570 quaestore

654 2572 889 2639 audita
931 2573 1217 2638 fuerunt.
1298 2573 1611 2637 Erratum
1657 2581 1758 2638 est
1800 2571 1991 2638 valde
2034 2570 2204 2655 quod
2248 2593 2385 2637 non
2427 2575 2612 2638 venit

656 2660 732 2724 in
773 2667 1062 2723 mentem
1106 2657 1390 2741 aliquem
1448 2659 1618 2723 istuc
1670 2659 1933 2724 mittere
1983 2666 2052 2723 et
2108 2667 2295 2723 tuum
2341 2680 2607 2741 poscere

654 2744 1020 2811 consilium.
1110 2744 1308 2809 Nolui
1352 2765 1497 2809 meo
1540 2742 1884 2828 indulgere
1926 2743 2189 2821 iudicio,
2237 2740 2358 2810 n'ec
2448 2745 2606 2809 roti-

655 2851 786 2896 nus
829 2830 959 2897 huc
1002 2829 1183 2895 redii.
1275 2827 1410 2895 Sed
1453 2828 1616 2894 duos
1673 2849 1882 2912 paene
1928 2829 2066 2896 dies
2118 2830 2212 2894 fui
2255 2851 2384 2912 apu
2473 2832 2605 2895 fra-

654 2924 826 2982 trem
866 2915 1238 2994 Senarczini,
1257 2917 1318 2999 ε’)
1362 2924 1749 2999 exspectans
1797 2917 1849 2982 si
1897 2915 2055 2999 quid
2090 2914 2403 2995 audirem,
2448 2936 2603 2981 nam

653 3022 851 3087 aegre
893 3000 1217 3080 redibam,
1280 3011 1344 3066 te
1402 3023 1535 3066 non
1595 3002 1751 3067 viso.
1858 3000 2076 3083 Quam
2136 3001 2296 3066 mihi
2338 3002 2606 3068 fecisses

649 3109 797 3154 rem
951 3096 1118 3167 tam,
1159 3088 1218 3154 si
1261 3086 1362 3153 vel
1395 3086 1718 3154 indicares
1750 3089 2184 3171 praesentiam
2220 3107 2435 3154 meam
2470 3107 2604 3152 non

653 3174 777 3239 tibi
846 3182 1110 3239 uturam
1156 3174 1502 3258 ingratam,
1545 3193 1667 3238 nec
1710 3173 2085 3239 obfuturam
2129 3194 2380 3240 causae.
2458 3173 2603 3238 Imo

654 3268 722 3325 te
776 3261 1171 3326 obtestatum
1230 3258 1375 3324 volo
1434 3280 1551 3342 per
1592 3257 1816 3325 Iesum
1877 3257 2246 3338 Christum,
2306 3268 2374 3323 et
2426 3259 2604 3326 hunc

650 3345 1074 3421 crucifixum,
1118 3354 1196 3410 ut
1237 3345 1431 3428 plene
1473 3345 1727 3423 iubeas,
1787 3344 1960 3428 quod
2004 3344 2313 3429 expedire
2354 3345 2602 3412 iudica-

655 3433 859 3512 veris,
920 3452 1119 3513 quum
1176 3430 1242 3495 id
1301 3430 1381 3495 de
1436 3452 1562 3513 quo
1608 3431 1828 3514 agitur
1898 3451 2032 3496 non
2097 3430 2181 3494 sit
2228 3439 2342 3496 tua
2383 3452 2600 3512 causa,

647 3538 775 3583 nec
818 3526 1107 3593 tuorum,
1153 3514 1267 3582 sed
1312 3516 1565 3582 Christi
1608 3528 1675 3581 et
1716 3516 2042 3582 ecclesiae.
2116 3514 2294 3597 Quid
2336 3527 2602 3583 cuncta-

650 3603 747 3669 ris
789 3624 895 3667 me
941 3622 1204 3685 urgere,
1251 3610 1324 3667 ut
1368 3601 1635 3666 Christo
1680 3601 1985 3681 serviam,
2032 3608 2099 3668 et
2141 3603 2451 3669 ecclesiae
2496 3623 2602 3667 me

650 3686 1080 3772 impendam?
1168 3686 1345 3768 Quid
1390 3688 1602 3771 magis
1661 3686 1905 3753 debeo?
1993 3687 2122 3753 Cui
2164 3687 2314 3771 plus
2360 3690 2601 3755 astrin-

741 3772 817 3838 r?
910 3774 1219 3839 Amicitia
1263 3780 1509 3850 nostra,
1572 3772 1757 3839 cuius
1800 3775 2012 3857 gratia
2069 3774 2310 3840 coaluit
2364 3785 2430 3839 et
2472 3795 2601 3859 quo

650 3860 886 3937 tendit,
932 3861 1060 3925 nisi
1095 3858 1177 3923 ad
1202 3880 1409 3924 unum
1433 3857 1773 3924 Christum
1813 3859 2238 3925 exaltandum
2285 3869 2353 3926 et
2395 3862 2602 3927 eccle·

652 3946 825 4011 siam
870 3942 1383 4011 aedificandam?
1473 3943 1688 4028 Opes,
1742 3944 2055 4023 honores,
2115 3967 2322 4030 regna
2377 3959 2445 4012 et
2490 3968 2603 4014 vo-

652 4032 942 4115 luptates
986 4031 1217 4095 mundi
1259 4052 1394 4095 non
1431 4031 1824 4113 quaerimus,
1862 4030 1979 4096 sed
2022 4041 2242 4096 nostro
2277 4032 2604 4098 inservire

654 4116 941 4182 Christo.
1042 4116 1143 4180 'ru
1210 4126 1532 4199 quantum
1604 4137 1786 4181 amas
1841 4116 2185 4182 Christum
2247 4139 2355 4181 me
2420 4139 2603 4202 urge,

648 4201 822 4277 iube,
869 4214 1101 4275 statue,
1147 4212 1223 4266 ut
1257 4201 1441 4267 vides
1477 4221 1642 4285 opus
1676 4223 1820 4268 esse
1856 4203 1926 4266 in
1962 4202 2243 4285 gloriam
2278 4203 2600 4270 altissimi.

647 4287 867 4354 Sicuti
913 4286 1080 4351 nihil
1124 4299 1308 4371 potes
1353 4286 1579 4352 utilius
1621 4287 1783 4353 mihi
1830 4290 2040 4352 facere
2082 4310 2202 4354 nec
2246 4289 2419 4373 quod
2464 4312 2602 4356 ma—

858 4578 915 4643 3)
952 4577 1068 4631 scil.
1106 4578 1159 4630 si
1198 4579 1342 4644 forte
1376 4594 1558 4633 eorum
1588 4578 1960 4647 praesentiam
2002 4578 2248 4633 Geaevae
2279 4580 2389 4636 sibi
2418 4580 2603 4635 utam

642 4648 770 4715 fore
800 4647 1183 4702 arbitraretur.

652 4786 718 4841 N
770 4714 917 4839 1794?
954 4714 1290 4834 depezditas,
1340 4717 1456 4770 nisi
1509 4716 1696 4784 potius
1760 4715 1839 4770 N.
1900 4713 2034 4769 1787
2085 4717 2365 4786 significa
2467 4718 2603 4775 Vide

715 4827 723 4835 .
940 4790 1049 4838 not.
1128 4822 1139 4834 .

857 4854 918 4919 5)
1029 4853 1054 4904 i
1087 4852 1137 4905 d.
1171 4851 1223 4906 9.
1261 4850 1403 4920 Sept.
1440 4852 1780 4907 Lausannae
1808 4852 1936 4918 fuit.

856 4922 918 4986 6)
954 4869 1230 4975 fiber-teto
1266 4927 1317 4974 et
1355 4920 1629 4975 Corde-io.

857 4991 917 5057 7)
930 4988 1231 5112 βιωθεῖσα·
1266 4988 1361 5041 Du
1406 4989 1527 5042 Pan
1557 4990 1657 5058 qui
1689 5006 1733 5043 c.
1774 4988 1854 5042 17.
1877 4990 2022 5059 Sept.
2055 4991 2397 5046 Lausannae
2426 4992 2603 5058 turbae

646 5060 866 5115 videtur
901 5062 924 5126 (
996 5099 1007 5110 .
1034 5057 1190 5122 1803)
1222 5060 1333 5109 iam
1370 5058 1592 5110 ”teliore
1628 5059 1696 5112 de
1712 5064 1859 5112 statu
1884 5075 2064 5113 rerum
2098 5062 2298 5128 afferre
2323 5067 2599 5129 poneret,

648 5145 814 5198 quum
842 5129 1075 5181 Senatus
1095 5126 1174 5179 15.
1203 5125 1343 5193 Sept.
1379 5127 1660 5180 minimos
1691 5127 1948 5196 audisset,
1983 5136 2036 5183 et
2062 5130 2236 5197 paulo
2264 5135 2392 5199 post
2421 5131 2600 5187 edicta

648 5212 763 5249 non
802 5202 1066 5250 mutatum
1100 5196 1181 5249 iri
1205 5196 1536 5263 promiserit.

856 5264 916 5328 8)
960 5262 1175 5318 Fan-eni
1206 5264 1386 5329 frater
1427 5264 1698 5319 castellum
1734 5264 2059 5321 sonoram

644 5334 795 5389 inter
832 5333 1197 5389 Lausannam
1230 5339 1282 5387 et
1323 5333 1526 5388 Orban-
1569 5341 1784 5389 ωηατ.
1855 5334 2049 5399 (Ρίονν
2169 5283 2270 5336 ομ
2320 5268 2600 5338 Goemy

2250 5334 2411 5392 Μόνη.
2447 5335 2595 5405 321.)

2190 412 2719 480 EPIS‘POLAE
2771 415 2887 479 181
2899 417 3057 479 1—1
3067 416 3189 478 819

2350 596 2630 679 Quales-

4543 419 4656 482 632

2732 599 2834 683 gis
2886 621 2993 665 me
3048 600 3303 679 deceat,
3373 601 3468 666 ita
3520 601 3689 666 nihil
3720 603 3926 685 'potes
3979 602 4267 686 gratius,
4334 620 4451 668 nec
4503 602 4660 687 quod

2733 687 2985 751 amanti
3028 706 3104 751 ac
3159 706 3311 752 caro
3367 686 3587 752 animo
3645 689 3856 772 magis
3900 687 4278 771 excipiatur.
4366 686 4498 768 Qui
4535 689 4660 756 Ba-

2731 771 3014 838 siliensis
3057 771 3398 840 dicebatur
3441 774 3781 857 episcopus
3804 778 3859 851 ⁰)
3902 774 4255 858 migravit:
4300 772 4456 856 quid
4495 774 4660 841 futu-

2728 878 2877 922 rum
2922 858 3025 932 sit,
3069 880 3187 923 nos
3230 858 3409 937 latet,
3453 858 3584 924 iam
3630 860 3855 942 aliqua
3900 868 4055 924 sunt
4089 868 4403 941 occupata
4434 861 4661 942 partim

2729 943 2811 1008 ab
2855 944 2966 1020 iis,
3012 945 3124 1026 qui
3169 945 3249 1010 ab
3293 945 3638 1028 evangelio
3681 954 3891 1024 stant,
3936 947 4177 1027 partim
4218 963 4258 1008 a
4300 946 4657 1027 pontificiis.

2725 1027 2983 1095 Unctus
3022 1029 3104 1094 ab
3151 1030 3557 1095 Antichristo
3602 1051 3734 1095 non
3778 1042 3996 1096 vestes
4030 1028 4417 1095 dividendas
4454 1031 4661 1097 militi-

2727 1114 2851 1179 bus
2896 1115 3196 1198 reliquit,
3243 1116 3360 1181 sed
3406 1116 3725 1182 ditionem
3767 1118 3924 1182 satis
3960 1117 4266 1200 amplam,
4309 1137 4555 1201 pauper
4592 1119 4658 1184 in

2728 1201 3101 1283 sepulcrum
3161 1198 3576 1268 descendens.
3676 1201 3874 1282 Vale,
3940 1202 4147 1268 frater
4205 1203 4660 1285 amantissime,

2724 1286 3021 1370 mihique
3067 1285 3223 1370 quid
3268 1286 3604 1371 expediat,
3649 1287 3843 1371 plene
3884 1288 4132 1365 indica,
4180 1296 4248 1353 et
4288 1299 4363 1354 ut
4402 1310 4663 1371 prorsus

2728 1380 2860 1449 tuo,
2930 1382 3004 1437 ut
3070 1374 3305 1439 merito
3371 1372 3599 1453 debes,
3666 1382 3854 1440 utere
3918 1375 3986 1439 in
4055 1374 4330 1459 gloriam
4399 1373 4659 1442 Christi.

2724 1457 3037 1525 Neocomi
3077 1458 3290 1542 pridie
3335 1458 3607 1525 Calend.
3654 1459 3879 1527 Octob.
3939 1463 4115 1526 1553.

2895 1542 3132 1610 Saluta
3197 1566 3438 1629 quaeso
3504 1544 3789 1630 collegas
3867 1554 3936 1611 et
4013 1545 4325 1629 quidquid
4405 1553 4509 1611 est
4570 1546 4661 1630 pi-

2722 1650 2927 1694 orum.

3339 1718 3518 1783 Tuus
3556 1739 3641 1782 cx
3684 1718 3904 1783 animo
3949 1725 4126 1783 totus
4170 1717 4496 1783 Farellus.

3506 1979 3554 1986 ——
3591 1980 3696 1986 ψ.
3721 1981 3856 1989 ..ψ-Ψ-

3593 2179 3777 2249 1812.

2919 2316 3114 2381 DER.
3158 2316 3416 2382 RATH
3463 2316 3654 2384 VON
3704 2306 4056 2384 ZURIOH
4101 2317 4226 2383 AN
4274 2318 4471 2383 DEN

3439 2419 3622 2486 VON
3669 2421 3940 2487 GENF.

2884 2591 3169 2655 Antwort
3239 2592 3305 2656 in
3366 2589 3608 2657 Sachen
3665 2594 3906 2658 Servets
3973 2593 4104 2658 und
4190 2591 4661 2676 Uobersendunq

2708 2677 2816 2741 des
2865 2676 3241 2743 Gutaclztens
3283 2677 3394 2745 der
3443 2677 3877 2744 Geistlichkeit.

2709 2847 2875 2917 (Opp.
2915 2848 3068 2902 VIII.
3113 2865 3163 2917 p.
3201 2846 3318 2903 808.
3391 2848 3873 2987 Datbuezieri'nzettg)
3923 2849 4018 2917 Vff
4043 2854 4190 2903 §incer
4235 2850 4505 2920 schryben
4549 2849 4660 2905 mod

3595 3413 3776 3483 1813.

2928 3551 3358 3618 MINIS'PRI
3401 3551 3979 3620 TURICENSES
4024 3551 4432 3620 SENATUI

3397 3654 3955 3723 GENEVENSI.

2882 3824 3190 3892 Pluribus
3258 3828 3459 3912 royati
3522 3826 3844 3894 declarant
3905 3848 4090 3893 suam
4152 3831 4521 3896 sententiam
4584 3830 4658 3897 de

2710 3910 2945 3978 Ser-veti
2990 3912 3147 3977 libro
3189 3917 3245 3977 et
3287 3933 3499 3978 causa.

2709 4083 2869 4154 (Opp.
2906 4082 3061 4137 VIII.
3097 4100 3149 4151 p.
3187 4081 3293 4137 555
3328 4090 3384 4137 et
3420 4082 3538 4138 808.
3601 4085 3808 4137 Eodem
3845 4085 3933 4138 die
3968 4087 4173 4154 scripta
4205 4102 4269 4138 ac
4302 4088 4658 4156 praecedens.

2963 4152 3184 4221 Incipit:
3234 4154 3558 4221 Accepimus
3589 4169 3687 4221 per
3721 4154 3866 4208 hunc
3901 4152 4236 4209 tabellionem
4271 4155 4408 4222 etc.)

3523 4399 3878 4407 ---—--——-—

3583 4599 3767 4669 1814.

3057 4735 3602 4804 VERGERIUS
3648 4736 4281 4806 BULLINGERO.

2881 4909 3197 4975 Servatum
3238 4911 3575 4976 dete-statur
3629 4912 3732 4975 cui
3780 4910 4127 4976 Gn‘bahlus
4156 4911 4451 4991 promente
4492 4932 4655 4980 acco-

2701 4996 2848 5060 dere
2889 4998 3148 5062 videtur.
3225 4996 3373 5062 Non
3415 5001 3619 5061 tamen
3650 5002 3843 5078 putat
3877 4985 4052 5079 ferro
4095 5002 4150 5061 et
4191 4997 4331 5080 ique
4375 4997 4450 5062 in
4493 4998 4652 5066 tales

2702 5081 3340 5147 animadvertendum.

2701 5338 2828 5394 inde
2861 5268 3421 5394 affloelq‘bgffflpm
3453 5287 3491 5326 a
3517 5271 3902 5328 &wadenheim
3936 5271 4036 5340 qm·
4064 5271 4243 5325 sedem
4286 5276 4652 5341 occupaverat
