<?xml version="1.0" encoding="UTF-8"?>
<!DOCTYPE html PUBLIC "-//W3C//DTD XHTML 1.0 Transitional//EN"
    "http://www.w3.org/TR/xhtml1/DTD/xhtml1-transitional.dtd">
<html xmlns="http://www.w3.org/1999/xhtml" xml:lang="en" lang="en">
 <head>
  <title>
</title>
<meta http-equiv="Content-Type" content="text/html;charset=utf-8" />
  <meta name='ocr-system' content='tesseract 3.04.00' />
  <meta name='ocr-capabilities' content='ocr_page ocr_carea ocr_par ocr_line ocrx_word'/>
</head>
<body>
  <div class='ocr_page' id='page_1' title='image "./ioanniscalvinio03unkngoog_0076.png"; bbox 0 0 4900 6167; ppageno 0'>
   <div class='ocr_carea' id='block_1_1' title="bbox 633 434 754 495">
    <p class='ocr_par' dir='ltr' id='par_1_1' title="bbox 633 434 754 495">
     <span class='ocr_line' id='line_1_1' title="bbox 633 434 754 495; baseline -0.017 0"><span class='ocrx_word' id='word_1_1' title='bbox 633 434 754 495; x_wconf 73' lang='lat'><strong>127</strong></span> 
     </span>
    </p>
   </div>
   <div class='ocr_carea' id='block_1_2' title="bbox 612 612 2582 2140">
    <p class='ocr_par' dir='ltr' id='par_1_2' title="bbox 612 612 2582 2140">
     <span class='ocr_line' id='line_1_2' title="bbox 623 612 2571 703; baseline -0.001 -19"><span class='ocrx_word' id='word_1_2' title='bbox 623 617 873 703; x_wconf 83' lang='lat' dir='ltr'><strong>galium</strong></span> <span class='ocrx_word' id='word_1_3' title='bbox 913 634 1279 701; x_wconf 83' lang='lat' dir='ltr'><strong>propensus</strong></span> <span class='ocrx_word' id='word_1_4' title='bbox 1322 634 1464 682; x_wconf 85' lang='lat' dir='ltr'><strong>esse</strong></span> <span class='ocrx_word' id='word_1_5' title='bbox 1505 612 1795 681; x_wconf 89' lang='lat' dir='ltr'><strong>creditur</strong></span> <span class='ocrx_word' id='word_1_6' title='bbox 1808 666 1825 695; x_wconf 91' lang='lat'><em>‚</em></span> <span class='ocrx_word' id='word_1_7' title='bbox 1881 615 2190 700; x_wconf 83' lang='lat' dir='ltr'><strong>accipiar,</strong></span> <span class='ocrx_word' id='word_1_8' title='bbox 2234 636 2363 699; x_wconf 94' lang='lat' dir='ltr'><strong>quo</strong></span> <span class='ocrx_word' id='word_1_9' title='bbox 2406 616 2571 683; x_wconf 89' lang='lat' dir='ltr'><strong>libe-</strong></span> 
     </span>
     <span class='ocr_line' id='line_1_3' title="bbox 623 700 2574 787; baseline -0.002 -18"><span class='ocrx_word' id='word_1_10' title='bbox 623 703 768 769; x_wconf 90' lang='lat' dir='ltr'><strong>rius</strong></span> <span class='ocrx_word' id='word_1_11' title='bbox 834 700 1165 787; x_wconf 80' lang='lat' dir='ltr'><strong>evangelii</strong></span> <span class='ocrx_word' id='word_1_12' title='bbox 1234 701 1653 784; x_wconf 83' lang='lat' dir='ltr'><strong>praeconium</strong></span> <span class='ocrx_word' id='word_1_13' title='bbox 1720 721 2031 786; x_wconf 77' lang='lat' dir='ltr'><strong>peragere</strong></span> <span class='ocrx_word' id='word_1_14' title='bbox 2094 703 2355 786; x_wconf 88' lang='lat' dir='ltr'><strong>possim.</strong></span> <span class='ocrx_word' id='word_1_15' title='bbox 2455 701 2574 768; x_wconf 88' lang='lat' dir='ltr'><strong>Ait</strong></span> 
     </span>
     <span class='ocr_line' id='line_1_4' title="bbox 630 786 2576 868; baseline -0.001 -14"><span class='ocrx_word' id='word_1_16' title='bbox 630 788 810 854; x_wconf 88' lang='lat' dir='ltr'><strong>enim</strong></span> <span class='ocrx_word' id='word_1_17' title='bbox 825 786 1074 868; x_wconf 56' lang='lat' dir='ltr'><strong>„hostes</strong></span> <span class='ocrx_word' id='word_1_18' title='bbox 1116 796 1373 854; x_wconf 88' lang='lat' dir='ltr'><strong>nostros</strong></span> <span class='ocrx_word' id='word_1_19' title='bbox 1410 797 1592 855; x_wconf 89' lang='lat' dir='ltr'><strong>metu</strong></span> <span class='ocrx_word' id='word_1_20' title='bbox 1646 786 1989 853; x_wconf 86' lang='lat' dir='ltr'><strong>hominum</strong></span> <span class='ocrx_word' id='word_1_21' title='bbox 2198 787 2251 853; x_wconf 85' lang='lat' dir='ltr'><strong>‘s</strong></span> <span class='ocrx_word' id='word_1_22' title='bbox 2292 787 2576 854; x_wconf 89' lang='lat' dir='ltr'><strong>coerceri</strong></span> 
     </span>
     <span class='ocr_line' id='line_1_5' title="bbox 630 871 2577 958; baseline -0.001 -18"><span class='ocrx_word' id='word_1_23' title='bbox 630 873 842 958; x_wconf 80' lang='lat' dir='ltr'><strong>quam&#39;</strong></span> <span class='ocrx_word' id='word_1_24' title='bbox 862 873 992 940; x_wconf 92' lang='lat' dir='ltr'><strong>Dei</strong></span> <span class='ocrx_word' id='word_1_25' title='bbox 1032 893 1240 956; x_wconf 87' lang='lat' dir='ltr'><strong>posse.</strong></span> <span class='ocrx_word' id='word_1_26' title='bbox 1307 871 1385 939; x_wconf 82' lang='lat' dir='ltr'><strong>Si</strong></span> <span class='ocrx_word' id='word_1_27' title='bbox 1428 893 1465 937; x_wconf 91' lang='lat' dir='ltr'><strong>e</strong></span> <span class='ocrx_word' id='word_1_28' title='bbox 1509 893 1582 938; x_wconf 90' lang='lat' dir='ltr'><strong>re</strong></span> <span class='ocrx_word' id='word_1_29' title='bbox 1623 871 1985 939; x_wconf 89' lang='lat' dir='ltr'><strong>christiana</strong></span> <span class='ocrx_word' id='word_1_30' title='bbox 2016 873 2351 958; x_wconf 79' lang='lat' dir='ltr'><strong>negotium</strong></span> <span class='ocrx_word' id='word_1_31' title='bbox 2394 873 2577 939; x_wconf 88' lang='lat' dir='ltr'><strong>futu-</strong></span> 
     </span>
     <span class='ocr_line' id='line_1_6' title="bbox 631 958 2577 1044; baseline -0.001 -18"><span class='ocrx_word' id='word_1_32' title='bbox 631 981 783 1026; x_wconf 86' lang='lat' dir='ltr'><strong>rum</strong></span> <span class='ocrx_word' id='word_1_33' title='bbox 824 965 925 1024; x_wconf 90' lang='lat' dir='ltr'><strong>est</strong></span> <span class='ocrx_word' id='word_1_34' title='bbox 939 1010 957 1037; x_wconf 97' lang='lat'><strong>,</strong></span> <span class='ocrx_word' id='word_1_35' title='bbox 1009 959 1235 1044; x_wconf 85' lang='lat' dir='ltr'><strong>rogavi</strong></span> <span class='ocrx_word' id='word_1_36' title='bbox 1278 958 1643 1026; x_wconf 89' lang='lat' dir='ltr'><strong>Dominum</strong></span> <span class='ocrx_word' id='word_1_37' title='bbox 1686 966 1760 1023; x_wconf 91' lang='lat' dir='ltr'><strong>ut</strong></span> <span class='ocrx_word' id='word_1_38' title='bbox 1802 967 1990 1025; x_wconf 86' lang='lat' dir='ltr'><strong>autor</strong></span> <span class='ocrx_word' id='word_1_39' title='bbox 2031 966 2099 1024; x_wconf 90' lang='lat' dir='ltr'><strong>et</strong></span> <span class='ocrx_word' id='word_1_40' title='bbox 2139 958 2280 1025; x_wconf 80' lang='lat' dir='ltr'><strong>dux</strong></span> <span class='ocrx_word' id='word_1_41' title='bbox 2320 958 2577 1025; x_wconf 88' lang='lat' dir='ltr'><strong>itineris</strong></span> 
     </span>
     <span class='ocr_line' id='line_1_7' title="bbox 632 1043 2579 1120; baseline -0.001 -9"><span class='ocrx_word' id='word_1_42' title='bbox 632 1065 776 1111; x_wconf 85' lang='lat' dir='ltr'><strong>esse</strong></span> <span class='ocrx_word' id='word_1_43' title='bbox 816 1043 1043 1110; x_wconf 81' lang='lat' dir='ltr'><strong>vellet:</strong></span> <span class='ocrx_word' id='word_1_44' title='bbox 1099 1045 1202 1110; x_wconf 88' lang='lat' dir='ltr'><strong>siu</strong></span> <span class='ocrx_word' id='word_1_45' title='bbox 1243 1051 1473 1113; x_wconf 86' lang='lat' dir='ltr'><strong>contra</strong></span> <span class='ocrx_word' id='word_1_46' title='bbox 1486 1095 1502 1120; x_wconf 87' lang='lat'>‚</span> <span class='ocrx_word' id='word_1_47' title='bbox 1545 1053 1622 1109; x_wconf 90' lang='lat' dir='ltr'><strong>ut</strong></span> <span class='ocrx_word' id='word_1_48' title='bbox 1662 1045 2007 1110; x_wconf 90' lang='lat' dir='ltr'><strong>consilium</strong></span> <span class='ocrx_word' id='word_1_49' title='bbox 2048 1052 2349 1112; x_wconf 89' lang='lat' dir='ltr'><strong>nostrum</strong></span> <span class='ocrx_word' id='word_1_50' title='bbox 2392 1065 2579 1111; x_wconf 80' lang='lat' dir='ltr'><strong>ever-</strong></span> 
     </span>
     <span class='ocr_line' id='line_1_8' title="bbox 634 1128 2577 1213; baseline -0.001 -17"><span class='ocrx_word' id='word_1_51' title='bbox 634 1140 822 1196; x_wconf 89' lang='lat' dir='ltr'><strong>teret.</strong></span> <span class='ocrx_word' id='word_1_52' title='bbox 890 1128 1156 1197; x_wconf 83' lang='lat' dir='ltr'><strong>Salutat</strong></span> <span class='ocrx_word' id='word_1_53' title='bbox 1196 1138 1265 1195; x_wconf 87' lang='lat' dir='ltr'><strong>te</strong></span> <span class='ocrx_word' id='word_1_54' title='bbox 1306 1130 1660 1213; x_wconf 90' lang='lat' dir='ltr'><strong>plurimum</strong></span> <span class='ocrx_word' id='word_1_55' title='bbox 1703 1130 1954 1197; x_wconf 85' lang='lat' dir='ltr'><strong>familia</strong></span> <span class='ocrx_word' id='word_1_56' title='bbox 1992 1130 2389 1213; x_wconf 76' lang='lat' dir='ltr'><strong>ecclesiaque</strong></span> <span class='ocrx_word' id='word_1_57' title='bbox 2432 1150 2577 1196; x_wconf 90' lang='lat' dir='ltr'><strong>nos-</strong></span> 
     </span>
     <span class='ocr_line' id='line_1_9' title="bbox 634 1214 2578 1299; baseline -0.001 -16"><span class='ocrx_word' id='word_1_58' title='bbox 634 1223 760 1283; x_wconf 84' lang='lat' dir='ltr'><strong>tra.</strong></span> <span class='ocrx_word' id='word_1_59' title='bbox 846 1214 1083 1283; x_wconf 84' lang='lat' dir='ltr'><strong>Saluta</strong></span> <span class='ocrx_word' id='word_1_60' title='bbox 1124 1236 1364 1299; x_wconf 87' lang='lat' dir='ltr'><strong>quaeso</strong></span> <span class='ocrx_word' id='word_1_61' title='bbox 1406 1216 1602 1281; x_wconf 87' lang='lat' dir='ltr'><strong>etiam</strong></span> <span class='ocrx_word' id='word_1_62' title='bbox 1645 1223 1839 1299; x_wconf 90' lang='lat' dir='ltr'><strong>atque</strong></span> <span class='ocrx_word' id='word_1_63' title='bbox 1884 1215 2083 1282; x_wconf 87' lang='lat' dir='ltr'><strong>etiam</strong></span> <span class='ocrx_word' id='word_1_64' title='bbox 2124 1219 2391 1283; x_wconf 87' lang='lat' dir='ltr'><strong>nomine</strong></span> <span class='ocrx_word' id='word_1_65' title='bbox 2432 1236 2578 1282; x_wconf 91' lang='lat' dir='ltr'><strong>nos-</strong></span> 
     </span>
     <span class='ocr_line' id='line_1_10' title="bbox 634 1300 2577 1384; baseline -0.001 -17"><span class='ocrx_word' id='word_1_66' title='bbox 634 1309 741 1367; x_wconf 87' lang='lat' dir='ltr'><strong>tro</strong></span> <span class='ocrx_word' id='word_1_67' title='bbox 783 1301 869 1368; x_wconf 92' lang='lat' dir='ltr'><strong>D.</strong></span> <span class='ocrx_word' id='word_1_68' title='bbox 920 1300 1253 1370; x_wconf 69' lang='lat' dir='ltr'><strong>Calvinum</strong></span> <span class='ocrx_word' id='word_1_69' title='bbox 1293 1322 1446 1368; x_wconf 86' lang='lat' dir='ltr'><strong>cum</strong></span> <span class='ocrx_word' id='word_1_70' title='bbox 1503 1309 1639 1367; x_wconf 81' lang='lat' dir='ltr'><strong>tota</strong></span> <span class='ocrx_word' id='word_1_71' title='bbox 1701 1300 1961 1384; x_wconf 91' lang='lat' dir='ltr'><strong>piorum</strong></span> <span class='ocrx_word' id='word_1_72' title='bbox 2013 1300 2300 1368; x_wconf 88' lang='lat' dir='ltr'><strong>ecclesia.</strong></span> <span class='ocrx_word' id='word_1_73' title='bbox 2392 1300 2577 1383; x_wconf 78' lang='lat' dir='ltr'><strong>Quos</strong></span> 
     </span>
     <span class='ocr_line' id='line_1_11' title="bbox 612 1387 2576 1470; baseline -0.001 -17"><span class='ocrx_word' id='word_1_74' title='bbox 612 1396 850 1454; x_wconf 75' lang='lat' dir='ltr'><strong>¹oratos</strong></span> <span class='ocrx_word' id='word_1_75' title='bbox 892 1387 1199 1454; x_wconf 77' lang='lat' dir='ltr'><strong>volumus</strong></span> <span class='ocrx_word' id='word_1_76' title='bbox 1254 1396 1333 1451; x_wconf 91' lang='lat' dir='ltr'><strong>ut</strong></span> <span class='ocrx_word' id='word_1_77' title='bbox 1383 1387 1453 1452; x_wconf 94' lang='lat' dir='ltr'><strong>in</strong></span> <span class='ocrx_word' id='word_1_78' title='bbox 1497 1387 1981 1470; x_wconf 75' lang='lat' dir='ltr'><strong>precationibus</strong></span> <span class='ocrx_word' id='word_1_79' title='bbox 2035 1388 2170 1453; x_wconf 89' lang='lat' dir='ltr'><strong>suis</strong></span> <span class='ocrx_word' id='word_1_80' title='bbox 2223 1387 2398 1470; x_wconf 90' lang='lat' dir='ltr'><strong>apud</strong></span> <span class='ocrx_word' id='word_1_81' title='bbox 2439 1388 2576 1453; x_wconf 92' lang='lat' dir='ltr'><strong>Do-</strong></span> 
     </span>
     <span class='ocr_line' id='line_1_12' title="bbox 633 1471 2578 1556; baseline -0.001 -18"><span class='ocrx_word' id='word_1_82' title='bbox 633 1476 892 1539; x_wconf 90' lang='lat' dir='ltr'><strong>minum</strong></span> <span class='ocrx_word' id='word_1_83' title='bbox 967 1474 1177 1539; x_wconf 85' lang='lat' dir='ltr'><strong>nostri</strong></span> <span class='ocrx_word' id='word_1_84' title='bbox 1247 1475 1683 1539; x_wconf 81' lang='lat' dir='ltr'><strong>meminerint.</strong></span> <span class='ocrx_word' id='word_1_85' title='bbox 1794 1471 1872 1539; x_wconf 79' lang='lat' dir='ltr'><strong>Si</strong></span> <span class='ocrx_word' id='word_1_86' title='bbox 1940 1474 2085 1556; x_wconf 90' lang='lat' dir='ltr'><strong>quis</strong></span> <span class='ocrx_word' id='word_1_87' title='bbox 2150 1474 2578 1539; x_wconf 87' lang='lat' dir='ltr'><strong>Lausannam</strong></span> 
     </span>
     <span class='ocr_line' id='line_1_13' title="bbox 634 1557 2577 1642; baseline -0.001 -17"><span class='ocrx_word' id='word_1_88' title='bbox 634 1560 960 1642; x_wconf 84' lang='lat' dir='ltr'><strong>profectus</strong></span> <span class='ocrx_word' id='word_1_89' title='bbox 1001 1560 1225 1636; x_wconf 86' lang='lat' dir='ltr'><strong>fuerit,</strong></span> <span class='ocrx_word' id='word_1_90' title='bbox 1268 1557 1418 1624; x_wconf 88' lang='lat' dir='ltr'><strong>iube</strong></span> <span class='ocrx_word' id='word_1_91' title='bbox 1461 1559 1661 1625; x_wconf 85' lang='lat' dir='ltr'><strong>etiam</strong></span> <span class='ocrx_word' id='word_1_92' title='bbox 1704 1558 2044 1625; x_wconf 89' lang='lat' dir='ltr'><strong>ecclesiam</strong></span> <span class='ocrx_word' id='word_1_93' title='bbox 2084 1558 2269 1625; x_wconf 88' lang='lat' dir='ltr'><strong>illam</strong></span> <span class='ocrx_word' id='word_1_94' title='bbox 2283 1610 2300 1637; x_wconf 90' lang='lat'><strong>,</strong></span> <span class='ocrx_word' id='word_1_95' title='bbox 2343 1580 2418 1626; x_wconf 90' lang='lat' dir='ltr'><strong>ac</strong></span> <span class='ocrx_word' id='word_1_96' title='bbox 2462 1580 2577 1624; x_wconf 91' lang='lat' dir='ltr'><strong>no-</strong></span> 
     </span>
     <span class='ocr_line' id='line_1_14' title="bbox 634 1644 2580 1729; baseline 0.001 -20"><span class='ocrx_word' id='word_1_97' title='bbox 634 1644 938 1709; x_wconf 88' lang='lat' dir='ltr'><strong>minatim</strong></span> <span class='ocrx_word' id='word_1_98' title='bbox 978 1645 1062 1710; x_wconf 90' lang='lat' dir='ltr'><strong>D.</strong></span> <span class='ocrx_word' id='word_1_99' title='bbox 1124 1644 1408 1710; x_wconf 72' lang='lat' dir='ltr'><strong>Virdum</strong></span> <span class='ocrx_word' id='word_1_100' title='bbox 1446 1644 1779 1729; x_wconf 82' lang='lat' dir='ltr'><strong>Philologi</strong></span> <span class='ocrx_word' id='word_1_101' title='bbox 1815 1644 2081 1711; x_wconf 88' lang='lat' dir='ltr'><strong>nomine</strong></span> <span class='ocrx_word' id='word_1_102' title='bbox 2123 1645 2394 1712; x_wconf 85' lang='lat' dir='ltr'><strong>salvere.</strong></span> <span class='ocrx_word' id='word_1_103' title='bbox 2469 1644 2580 1710; x_wconf 77' lang='lat' dir='ltr'><strong>Ia-</strong></span> 
     </span>
     <span class='ocr_line' id='line_1_15' title="bbox 635 1729 2581 1814; baseline 0.001 -20"><span class='ocrx_word' id='word_1_104' title='bbox 635 1731 912 1797; x_wconf 71' lang='lat' dir='ltr'><strong>nuarius</strong></span> <span class='ocrx_word' id='word_1_105' title='bbox 959 1729 1143 1808; x_wconf 85' lang='lat' dir='ltr'><strong>illuc,</strong></span> <span class='ocrx_word' id='word_1_106' title='bbox 1216 1729 1435 1810; x_wconf 90' lang='lat' dir='ltr'><strong>credo,</strong></span> <span class='ocrx_word' id='word_1_107' title='bbox 1504 1731 1841 1797; x_wconf 89' lang='lat' dir='ltr'><strong>concessit.</strong></span> <span class='ocrx_word' id='word_1_108' title='bbox 1944 1731 2162 1796; x_wconf 91' lang='lat' dir='ltr'><strong>Deum</strong></span> <span class='ocrx_word' id='word_1_109' title='bbox 2218 1752 2447 1814; x_wconf 89' lang='lat' dir='ltr'><strong>precor</strong></span> <span class='ocrx_word' id='word_1_110' title='bbox 2505 1737 2581 1796; x_wconf 91' lang='lat' dir='ltr'><strong>ut</strong></span> 
     </span>
     <span class='ocr_line' id='line_1_16' title="bbox 637 1814 2582 1898; baseline -0.001 -18"><span class='ocrx_word' id='word_1_111' title='bbox 637 1815 911 1880; x_wconf 89' lang='lat' dir='ltr'><strong>multam</strong></span> <span class='ocrx_word' id='word_1_112' title='bbox 968 1815 1066 1880; x_wconf 91' lang='lat' dir='ltr'><strong>illi</strong></span> <span class='ocrx_word' id='word_1_113' title='bbox 1121 1816 1399 1881; x_wconf 87' lang='lat' dir='ltr'><strong>salutem</strong></span> <span class='ocrx_word' id='word_1_114' title='bbox 1453 1816 1803 1898; x_wconf 83' lang='lat' dir='ltr'><strong>impertiat.</strong></span> <span class='ocrx_word' id='word_1_115' title='bbox 1906 1814 2095 1883; x_wconf 88' lang='lat' dir='ltr'><strong>Haud</strong></span> <span class='ocrx_word' id='word_1_116' title='bbox 2154 1815 2425 1882; x_wconf 91' lang='lat' dir='ltr'><strong>dubium</strong></span> <span class='ocrx_word' id='word_1_117' title='bbox 2482 1822 2582 1883; x_wconf 89' lang='lat' dir='ltr'><strong>est</strong></span> 
     </span>
     <span class='ocr_line' id='line_1_17' title="bbox 636 1900 2579 2072; baseline 0.001 -20"><span class='ocrx_word' id='word_1_118' title='bbox 636 1901 892 2052; x_wconf 54' lang='lat' dir='ltr'><strong>‘¹2²3AE</strong></span> <span class='ocrx_word' id='word_1_119' title='bbox 932 1901 1273 2054; x_wconf 50' lang='lat' dir='ltr'><strong>&amp;52⁵⁸ss</strong></span> <span class='ocrx_word' id='word_1_120' title='bbox 1314 1900 2171 2072; x_wconf 50' lang='lat' dir='ltr'><strong>mffiffiss‘ssss&#39;ssssuimmffl</strong></span> <span class='ocrx_word' id='word_1_121' title='bbox 2239 1902 2579 2056; x_wconf 54' lang='lat' dir='ltr'><strong>‘&#39;ffs‘sst·</strong></span> 
     </span>
     <span class='ocr_line' id='line_1_18' title="bbox 635 2009 2580 2068; baseline 0.002 -16"><span class='ocrx_word' id='word_1_122' title='bbox 635 2009 691 2052; x_wconf 87' lang='lat' dir='ltr'><strong>r1</strong></span> <span class='ocrx_word' id='word_1_123' title='bbox 1133 2038 1151 2068; x_wconf 95' lang='lat'><strong>,</strong></span> <span class='ocrx_word' id='word_1_124' title='bbox 1306 2009 1426 2054; x_wconf 88' lang='lat' dir='ltr'><strong>nos</strong></span> <span class='ocrx_word' id='word_1_125' title='bbox 1915 2009 2166 2054; x_wconf 91' lang='lat' dir='ltr'><strong>memor</strong></span> <span class='ocrx_word' id='word_1_126' title='bbox 2206 2009 2278 2054; x_wconf 91' lang='lat' dir='ltr'><strong>es</strong></span> <span class='ocrx_word' id='word_1_127' title='bbox 2347 2039 2363 2055; x_wconf 97' lang='lat'><strong>.</strong></span> <span class='ocrx_word' id='word_1_128' title='bbox 2550 2023 2580 2037; x_wconf 91' lang='lat'>-</span> 
     </span>
     <span class='ocr_line' id='line_1_19' title="bbox 637 2071 1462 2140; baseline 0.002 -4"><span class='ocrx_word' id='word_1_129' title='bbox 637 2073 721 2137; x_wconf 89' lang='lat' dir='ltr'><strong>lis</strong></span> <span class='ocrx_word' id='word_1_130' title='bbox 767 2077 826 2138; x_wconf 87' lang='lat'><strong>8.</strong></span> <span class='ocrx_word' id='word_1_131' title='bbox 870 2071 1012 2139; x_wconf 75' lang='lat' dir='ltr'><strong>Oal.</strong></span> <span class='ocrx_word' id='word_1_132' title='bbox 1055 2073 1233 2139; x_wconf 84' lang='lat' dir='ltr'><strong>Iunii</strong></span> <span class='ocrx_word' id='word_1_133' title='bbox 1282 2078 1462 2140; x_wconf 87' lang='grc'><strong>1551.</strong></span> 
     </span>
    </p>
   </div>
   <div class='ocr_carea' id='block_1_3' title="bbox 1085 2583 2122 2789">
    <p class='ocr_par' dir='ltr' id='par_1_3' title="bbox 1085 2583 2122 2789">
     <span class='ocr_line' id='line_1_20' title="bbox 1513 2583 1699 2654; baseline -0.011 -1"><span class='ocrx_word' id='word_1_134' title='bbox 1513 2583 1699 2654; x_wconf 75' lang='lat'><strong>14⁹7.</strong></span> 
     </span>
     <span class='ocr_line' id='line_1_21' title="bbox 1085 2718 2122 2789; baseline 0 -2"><span class='ocrx_word' id='word_1_135' title='bbox 1085 2718 1445 2788; x_wconf 79' lang='lat' dir='ltr'>LASGUS</span> <span class='ocrx_word' id='word_1_136' title='bbox 1490 2720 2122 2789; x_wconf 80' lang='lat' dir='ltr'><strong>BULLINGERO.</strong></span> 
     </span>
    </p>
   </div>
   <div class='ocr_carea' id='block_1_4' title="bbox 639 2889 2584 3387">
    <p class='ocr_par' dir='ltr' id='par_1_4' title="bbox 816 2889 2578 2977">
     <span class='ocr_line' id='line_1_22' title="bbox 816 2889 2578 2977; baseline -0.002 -19"><span class='ocrx_word' id='word_1_137' title='bbox 816 2889 1133 2975; x_wconf 73' lang='lat' dir='ltr'><strong>Scriptum</strong></span> <span class='ocrx_word' id='word_1_138' title='bbox 1153 2891 1407 2974; x_wconf 76' lang='lat' dir='ltr'><strong>aliquod</strong></span> <span class='ocrx_word' id='word_1_139' title='bbox 1447 2894 1584 2958; x_wconf 78' lang='lat' dir='ltr'><strong>eius</strong></span> <span class='ocrx_word' id='word_1_140' title='bbox 1615 2893 1689 2957; x_wconf 82' lang='lat' dir='ltr'><strong>in</strong></span> <span class='ocrx_word' id='word_1_141' title='bbox 1709 2892 1951 2977; x_wconf 64' lang='lat' dir='ltr'><strong>Anglia</strong></span> <span class='ocrx_word' id='word_1_142' title='bbox 1983 2893 2285 2961; x_wconf 75' lang='lat' dir='ltr'><strong>edendum</strong></span> <span class='ocrx_word' id='word_1_143' title='bbox 2317 2893 2578 2960; x_wconf 81' lang='lat' dir='ltr'><strong>curavit.</strong></span> 
     </span>
    </p>

    <p class='ocr_par' dir='ltr' id='par_1_5' title="bbox 646 2978 2584 3062">
     <span class='ocr_line' id='line_1_23' title="bbox 646 2978 2584 3062; baseline 0.002 -20"><span class='ocrx_word' id='word_1_144' title='bbox 646 2978 730 3043; x_wconf 77' lang='lat' dir='ltr'><strong>In</strong></span> <span class='ocrx_word' id='word_1_145' title='bbox 771 2998 841 3044; x_wconf 81' lang='lat' dir='ltr'><strong>re</strong></span> <span class='ocrx_word' id='word_1_146' title='bbox 872 2978 1389 3057; x_wconf 72' lang='lat' dir='ltr'><strong>sacramentaria,</strong></span> <span class='ocrx_word' id='word_1_147' title='bbox 1423 2978 1745 3062; x_wconf 70' lang='lat' dir='ltr'><strong>speciatim</strong></span> <span class='ocrx_word' id='word_1_148' title='bbox 1776 2979 1983 3062; x_wconf 77' lang='lat' dir='ltr'><strong>quoad</strong></span> <span class='ocrx_word' id='word_1_149' title='bbox 2012 2979 2334 3060; x_wconf 73' lang='lat' dir='ltr'><strong>privatum</strong></span> <span class='ocrx_word' id='word_1_150' title='bbox 2367 2998 2584 3045; x_wconf 78' lang='lat' dir='ltr'><strong>coenae</strong></span> 
     </span>
    </p>

    <p class='ocr_par' dir='ltr' id='par_1_6' title="bbox 639 3061 2584 3131">
     <span class='ocr_line' id='line_1_24' title="bbox 639 3061 2584 3131; baseline 0 -1"><span class='ocrx_word' id='word_1_151' title='bbox 639 3083 829 3130; x_wconf 76' lang='lat' dir='ltr'><strong>usum</strong></span> <span class='ocrx_word' id='word_1_152' title='bbox 868 3083 1009 3129; x_wconf 81' lang='lat' dir='ltr'><strong>cum</strong></span> <span class='ocrx_word' id='word_1_153' title='bbox 1049 3061 1161 3129; x_wconf 75' lang='lat' dir='ltr'><strong>illo</strong></span> <span class='ocrx_word' id='word_1_154' title='bbox 1214 3066 1523 3130; x_wconf 63' lang='lat' dir='ltr'><strong>conscidit.</strong></span> <span class='ocrx_word' id='word_1_155' title='bbox 1606 3063 1789 3131; x_wconf 76' lang='lat' dir='ltr'><strong>Dolet</strong></span> <span class='ocrx_word' id='word_1_156' title='bbox 1830 3064 2216 3130; x_wconf 72' lang='lat' dir='ltr'><strong>Florianum</strong></span> <span class='ocrx_word' id='word_1_157' title='bbox 2274 3064 2584 3130; x_wconf 77' lang='lat' dir='ltr'><strong>Polonum</strong></span> 
     </span>
    </p>

    <p class='ocr_par' dir='ltr' id='par_1_7' title="bbox 640 3148 2582 3234">
     <span class='ocr_line' id='line_1_25' title="bbox 640 3148 2582 3234; baseline -0.001 -19"><span class='ocrx_word' id='word_1_158' title='bbox 640 3151 849 3232; x_wconf 76' lang='lat' dir='ltr'><strong>ipsius</strong></span> <span class='ocrx_word' id='word_1_159' title='bbox 902 3149 1151 3214; x_wconf 67' lang='lat' dir='ltr'><strong>nornine</strong></span> <span class='ocrx_word' id='word_1_160' title='bbox 1219 3148 1487 3216; x_wconf 76' lang='lat' dir='ltr'><strong>abusum</strong></span> <span class='ocrx_word' id='word_1_161' title='bbox 1540 3151 1760 3217; x_wconf 74' lang='lat' dir='ltr'><strong>multis</strong></span> <span class='ocrx_word' id='word_1_162' title='bbox 1828 3150 2167 3234; x_wconf 78' lang='lat' dir='ltr'><strong>pecuniam</strong></span> <span class='ocrx_word' id='word_1_163' title='bbox 2229 3151 2582 3228; x_wconf 76' lang='lat' dir='ltr'><strong>extorsisse,</strong></span> 
     </span>
    </p>

    <p class='ocr_par' dir='ltr' id='par_1_8' title="bbox 639 3235 2583 3387">
     <span class='ocr_line' id='line_1_26' title="bbox 639 3235 2583 3319; baseline 0 -18"><span class='ocrx_word' id='word_1_164' title='bbox 639 3235 1017 3319; x_wconf 71' lang='lat' dir='ltr'><strong>Buainqero</strong></span> <span class='ocrx_word' id='word_1_165' title='bbox 1071 3239 1275 3300; x_wconf 79' lang='lat' dir='ltr'><strong>tamen</strong></span> <span class='ocrx_word' id='word_1_166' title='bbox 1330 3237 1467 3318; x_wconf 79' lang='lat' dir='ltr'><strong>ipsc</strong></span> <span class='ocrx_word' id='word_1_167' title='bbox 1524 3237 1889 3319; x_wconf 69' lang='lat' dir='ltr'><strong>satisfaciet.</strong></span> <span class='ocrx_word' id='word_1_168' title='bbox 2000 3236 2237 3304; x_wconf 66' lang='lat' dir='ltr'><strong>Bucari</strong></span> <span class='ocrx_word' id='word_1_169' title='bbox 2279 3237 2583 3318; x_wconf 64' lang='lat' dir='ltr'><strong>scriptum</strong></span> 
     </span>
     <span class='ocr_line' id='line_1_27' title="bbox 860 3341 1049 3387; baseline 0.005 -2"><span class='ocrx_word' id='word_1_170' title='bbox 860 3341 1049 3387; x_wconf 67' lang='lat' dir='ltr'><strong>munt.</strong></span> 
     </span>
    </p>
   </div>
   <div class='ocr_carea' id='block_1_5' title="bbox 639 3491 2583 3630">
    <p class='ocr_par' dir='ltr' id='par_1_9' title="bbox 639 3491 2583 3630">
     <span class='ocr_line' id='line_1_28' title="bbox 639 3491 2583 3574; baseline 0 -28"><span class='ocrx_word' id='word_1_171' title='bbox 639 3492 753 3558; x_wconf 83' lang='lat' dir='ltr'><strong>(Ex</strong></span> <span class='ocrx_word' id='word_1_172' title='bbox 790 3491 1033 3546; x_wconf 84' lang='lat' dir='ltr'><strong>Gerdesii</strong></span> <span class='ocrx_word' id='word_1_173' title='bbox 1078 3491 1306 3574; x_wconf 63' lang='lat' dir='ltr'><strong>Miscell.</strong></span> <span class='ocrx_word' id='word_1_174' title='bbox 1340 3491 1423 3546; x_wconf 83' lang='lat' dir='ltr'><strong>1v</strong></span> <span class='ocrx_word' id='word_1_175' title='bbox 1424 3534 1439 3558; x_wconf 90' lang='lat'><strong>,</strong></span> <span class='ocrx_word' id='word_1_176' title='bbox 1476 3493 1539 3546; x_wconf 86' lang='lat' dir='ltr'><strong>P.</strong></span> <span class='ocrx_word' id='word_1_177' title='bbox 1574 3493 1615 3546; x_wconf 91' lang='lat'><strong>1.</strong></span> <span class='ocrx_word' id='word_1_178' title='bbox 1648 3511 1704 3574; x_wconf 76' lang='lat' dir='ltr'><strong>p.</strong></span> <span class='ocrx_word' id='word_1_179' title='bbox 1739 3491 1842 3546; x_wconf 81' lang='lat'><strong>471</strong></span> <span class='ocrx_word' id='word_1_180' title='bbox 1888 3494 2086 3546; x_wconf 87' lang='lat' dir='ltr'><strong>iterum</strong></span> <span class='ocrx_word' id='word_1_181' title='bbox 2138 3492 2310 3547; x_wconf 86' lang='lat' dir='ltr'><strong>edidit</strong></span> <span class='ocrx_word' id='word_1_182' title='bbox 2351 3492 2583 3564; x_wconf 76' lang='lat' dir='ltr'><strong>Kuyper</strong></span> 
     </span>
     <span class='ocr_line' id='line_1_29' title="bbox 1236 3559 1969 3630; baseline 0.001 -16"><span class='ocrx_word' id='word_1_183' title='bbox 1236 3579 1295 3614; x_wconf 85' lang='grc' dir='ltr'><strong>ιιι</strong></span> <span class='ocrx_word' id='word_1_184' title='bbox 1328 3559 1469 3630; x_wconf 85' lang='lat' dir='ltr'><strong>Opp.</strong></span> <span class='ocrx_word' id='word_1_185' title='bbox 1504 3560 1680 3616; x_wconf 83' lang='lat' dir='ltr'><strong>Lasci.</strong></span> <span class='ocrx_word' id='word_1_186' title='bbox 1714 3561 1785 3617; x_wconf 86' lang='lat'><strong>11.</strong></span> <span class='ocrx_word' id='word_1_187' title='bbox 1818 3560 1969 3630; x_wconf 78' lang='lat'><strong>653.)</strong></span> 
     </span>
    </p>
   </div>
   <div class='ocr_carea' id='block_1_6' title="bbox 636 3729 2589 5189">
    <p class='ocr_par' dir='ltr' id='par_1_10' title="bbox 636 3729 2589 5189">
     <span class='ocr_line' id='line_1_30' title="bbox 808 3729 2582 3817; baseline -0.001 -19"><span class='ocrx_word' id='word_1_188' title='bbox 808 3730 880 3798; x_wconf 80' lang='lat' dir='ltr'><strong>S.</strong></span> <span class='ocrx_word' id='word_1_189' title='bbox 925 3730 1178 3815; x_wconf 81' lang='lat' dir='ltr'><strong>Scripsi</strong></span> <span class='ocrx_word' id='word_1_190' title='bbox 1222 3729 1305 3797; x_wconf 89' lang='lat' dir='ltr'><strong>ad</strong></span> <span class='ocrx_word' id='word_1_191' title='bbox 1362 3739 1428 3799; x_wconf 81' lang='lat' dir='ltr'><strong>te</strong></span> <span class='ocrx_word' id='word_1_192' title='bbox 1485 3754 1619 3797; x_wconf 89' lang='lat' dir='ltr'><strong>non</strong></span> <span class='ocrx_word' id='word_1_193' title='bbox 1678 3732 1773 3798; x_wconf 86' lang='lat' dir='ltr'><strong>ita</strong></span> <span class='ocrx_word' id='word_1_194' title='bbox 1813 3731 2066 3817; x_wconf 87' lang='lat' dir='ltr'><strong>pridem</strong></span> <span class='ocrx_word' id='word_1_195' title='bbox 2117 3754 2235 3815; x_wconf 85' lang='lat' dir='ltr'><strong>per</strong></span> <span class='ocrx_word' id='word_1_196' title='bbox 2277 3732 2362 3797; x_wconf 91' lang='lat' dir='ltr'><strong>D.</strong></span> <span class='ocrx_word' id='word_1_197' title='bbox 2406 3731 2582 3797; x_wconf 80' lang='lat' dir='ltr'><strong>Bru-</strong></span> 
     </span>
     <span class='ocr_line' id='line_1_31' title="bbox 638 3817 2580 3900; baseline 0.002 -19"><span class='ocrx_word' id='word_1_198' title='bbox 638 3837 870 3897; x_wconf 75' lang='lat' dir='ltr'><strong>noncm,</strong></span> <span class='ocrx_word' id='word_1_199' title='bbox 913 3817 1027 3900; x_wconf 93' lang='lat' dir='ltr'><strong>qui</strong></span> <span class='ocrx_word' id='word_1_200' title='bbox 1061 3837 1134 3883; x_wconf 91' lang='lat' dir='ltr'><strong>se</strong></span> <span class='ocrx_word' id='word_1_201' title='bbox 1165 3817 1388 3884; x_wconf 84' lang='lat' dir='ltr'><strong>literas</strong></span> <span class='ocrx_word' id='word_1_202' title='bbox 1409 3818 1509 3884; x_wconf 86' lang='lat' dir='ltr'><strong>Ar</strong></span> <span class='ocrx_word' id='word_1_203' title='bbox 1592 3819 1782 3884; x_wconf 89' lang='lat' dir='ltr'><strong>ntina</strong></span> <span class='ocrx_word' id='word_1_204' title='bbox 1815 3819 1895 3885; x_wconf 87' lang='lat' dir='ltr'><strong>ad</strong></span> <span class='ocrx_word' id='word_1_205' title='bbox 1941 3828 2008 3885; x_wconf 88' lang='lat' dir='ltr'><strong>te</strong></span> <span class='ocrx_word' id='word_1_206' title='bbox 2041 3819 2580 3884; x_wconf 89' lang='lat' dir='ltr'><strong>transmissurum</strong></span> 
     </span>
     <span class='ocr_line' id='line_1_32' title="bbox 639 3900 2581 3986; baseline 0.001 -18"><span class='ocrx_word' id='word_1_207' title='bbox 639 3923 782 3968; x_wconf 88' lang='lat' dir='ltr'><strong>esse</strong></span> <span class='ocrx_word' id='word_1_208' title='bbox 802 3900 1242 3986; x_wconf 75' lang='lat' dir='ltr'><strong>pollicebatur.</strong></span> <span class='ocrx_word' id='word_1_209' title='bbox 1309 3904 1485 3969; x_wconf 89' lang='lat' dir='ltr'><strong>Dein</strong></span> <span class='ocrx_word' id='word_1_210' title='bbox 1531 3925 1568 3968; x_wconf 93' lang='lat' dir='ltr'><strong>e</strong></span> <span class='ocrx_word' id='word_1_211' title='bbox 1602 3911 1668 3970; x_wconf 91' lang='lat' dir='ltr'><strong>et</strong></span> <span class='ocrx_word' id='word_1_212' title='bbox 1699 3903 1996 3970; x_wconf 87' lang='lat' dir='ltr'><strong>libellum</strong></span> <span class='ocrx_word' id='word_1_213' title='bbox 2038 3904 2121 3969; x_wconf 90' lang='lat' dir='ltr'><strong>ad</strong></span> <span class='ocrx_word' id='word_1_214' title='bbox 2165 3913 2230 3969; x_wconf 89' lang='lat' dir='ltr'><strong>te</strong></span> <span class='ocrx_word' id='word_1_215' title='bbox 2274 3915 2465 3969; x_wconf 86' lang='lat' dir='ltr'><strong>tuum</strong></span> <span class='ocrx_word' id='word_1_216' title='bbox 2500 3902 2581 3970; x_wconf 95' lang='lat' dir='ltr'><strong>de</strong></span> 
     </span>
     <span class='ocr_line' id='line_1_33' title="bbox 639 3989 2579 4073; baseline 0.001 -18"><span class='ocrx_word' id='word_1_217' title='bbox 639 3989 1066 4055; x_wconf 77' lang='lat' dir='ltr'><strong>sacramentis</strong></span> <span class='ocrx_word' id='word_1_218' title='bbox 1081 4039 1098 4066; x_wconf 97' lang='lat'><strong>,</strong></span> <span class='ocrx_word' id='word_1_219' title='bbox 1159 4009 1356 4073; x_wconf 92' lang='lat' dir='ltr'><strong>quem</strong></span> <span class='ocrx_word' id='word_1_220' title='bbox 1408 3996 1560 4055; x_wconf 87' lang='lat' dir='ltr'><strong>ante</strong></span> <span class='ocrx_word' id='word_1_221' title='bbox 1612 3990 1973 4056; x_wconf 81' lang='lat' dir='ltr'><strong>triennium</strong></span> <span class='ocrx_word' id='word_1_222' title='bbox 2016 3990 2100 4056; x_wconf 89' lang='lat' dir='ltr'><strong>ad</strong></span> <span class='ocrx_word' id='word_1_223' title='bbox 2137 4010 2243 4055; x_wconf 92' lang='lat' dir='ltr'><strong>me</strong></span> <span class='ocrx_word' id='word_1_224' title='bbox 2285 3989 2579 4069; x_wconf 88' lang='lat' dir='ltr'><strong>miseras,</strong></span> 
     </span>
     <span class='ocr_line' id='line_1_34' title="bbox 639 4072 2582 4159; baseline -0.001 -19"><span class='ocrx_word' id='word_1_225' title='bbox 639 4085 709 4140; x_wconf 89' lang='lat' dir='ltr'><strong>et</strong></span> <span class='ocrx_word' id='word_1_226' title='bbox 749 4095 925 4140; x_wconf 91' lang='lat' dir='ltr'><strong>nunc</strong></span> <span class='ocrx_word' id='word_1_227' title='bbox 960 4072 1224 4139; x_wconf 90' lang='lat' dir='ltr'><strong>demum</strong></span> <span class='ocrx_word' id='word_1_228' title='bbox 1269 4073 1534 4157; x_wconf 77' lang='lat' dir='ltr'><strong>quintae</strong></span> <span class='ocrx_word' id='word_1_229' title='bbox 1577 4073 1833 4143; x_wconf 87' lang='lat' dir='ltr'><strong>Decadi</strong></span> <span class='ocrx_word' id='word_1_230' title='bbox 1875 4083 2026 4142; x_wconf 90' lang='lat' dir='ltr'><strong>tuae</strong></span> <span class='ocrx_word' id='word_1_231' title='bbox 2067 4076 2418 4153; x_wconf 81' lang='lat' dir='ltr'><strong>inseruisti,</strong></span> <span class='ocrx_word' id='word_1_232' title='bbox 2463 4096 2582 4159; x_wconf 91' lang='lat' dir='ltr'><strong>per</strong></span> 
     </span>
     <span class='ocr_line' id='line_1_35' title="bbox 638 4157 2582 4241; baseline 0.001 -16"><span class='ocrx_word' id='word_1_233' title='bbox 638 4180 875 4225; x_wconf 85' lang='lat' dir='ltr'><strong>manus</strong></span> <span class='ocrx_word' id='word_1_234' title='bbox 916 4157 1004 4224; x_wconf 90' lang='lat' dir='ltr'><strong>D.</strong></span> <span class='ocrx_word' id='word_1_235' title='bbox 1050 4179 1095 4224; x_wconf 86' lang='lat' dir='ltr'><strong>a</strong></span> <span class='ocrx_word' id='word_1_236' title='bbox 1139 4158 1437 4238; x_wconf 79' lang='lat' dir='ltr'><strong>Breda¹)</strong></span> <span class='ocrx_word' id='word_1_237' title='bbox 1491 4161 1712 4227; x_wconf 85' lang='lat' dir='ltr'><strong>fratris</strong></span> <span class='ocrx_word' id='word_1_238' title='bbox 1754 4162 1840 4227; x_wconf 90' lang='lat' dir='ltr'><strong>D.</strong></span> <span class='ocrx_word' id='word_1_239' title='bbox 1887 4160 2150 4241; x_wconf 77' lang='lat' dir='ltr'><strong>Falesii,</strong></span> <span class='ocrx_word' id='word_1_240' title='bbox 2194 4161 2277 4226; x_wconf 91' lang='lat' dir='ltr'><strong>ad</strong></span> <span class='ocrx_word' id='word_1_241' title='bbox 2320 4169 2388 4226; x_wconf 88' lang='lat' dir='ltr'><strong>te</strong></span> <span class='ocrx_word' id='word_1_242' title='bbox 2430 4162 2582 4226; x_wconf 91' lang='lat' dir='ltr'><strong>misi</strong></span> 
     </span>
     <span class='ocr_line' id='line_1_36' title="bbox 640 4244 2580 4313; baseline 0.001 -3"><span class='ocrx_word' id='word_1_243' title='bbox 640 4245 749 4312; x_wconf 87' lang='lat' dir='ltr'><strong>hic</strong></span> <span class='ocrx_word' id='word_1_244' title='bbox 790 4265 897 4310; x_wconf 90' lang='lat' dir='ltr'><strong>me</strong></span> <span class='ocrx_word' id='word_1_245' title='bbox 940 4252 1169 4311; x_wconf 80' lang='lat' dir='ltr'><strong>autore</strong></span> <span class='ocrx_word' id='word_1_246' title='bbox 1213 4244 1329 4311; x_wconf 87' lang='lat' dir='ltr'><strong>sed</strong></span> <span class='ocrx_word' id='word_1_247' title='bbox 1369 4245 1566 4312; x_wconf 78' lang='lat' dir='ltr'><strong>valde</strong></span> <span class='ocrx_word' id='word_1_248' title='bbox 1606 4248 1968 4313; x_wconf 82' lang='lat' dir='ltr'><strong>incorrecte</strong></span> <span class='ocrx_word' id='word_1_249' title='bbox 2009 4267 2343 4313; x_wconf 84' lang='lat' dir='ltr'><strong>excusum.</strong></span> <span class='ocrx_word' id='word_1_250' title='bbox 2428 4246 2494 4311; x_wconf 86' lang='lat' dir='ltr'>N</span> <span class='ocrx_word' id='word_1_251' title='bbox 2494 4266 2580 4312; x_wconf 91' lang='lat' dir='ltr'><strong>on</strong></span> 
     </span>
     <span class='ocr_line' id='line_1_37' title="bbox 636 4331 2582 4415; baseline 0 -19"><span class='ocrx_word' id='word_1_252' title='bbox 636 4340 938 4414; x_wconf 81' lang='lat' dir='ltr'><strong>putaram</strong></span> <span class='ocrx_word' id='word_1_253' title='bbox 996 4332 1172 4396; x_wconf 91' lang='lat' dir='ltr'><strong>enim</strong></span> <span class='ocrx_word' id='word_1_254' title='bbox 1228 4337 1293 4396; x_wconf 91' lang='lat' dir='ltr'><strong>te</strong></span> <span class='ocrx_word' id='word_1_255' title='bbox 1345 4332 1495 4398; x_wconf 91' lang='lat' dir='ltr'><strong>istic</strong></span> <span class='ocrx_word' id='word_1_256' title='bbox 1549 4331 1737 4398; x_wconf 90' lang='lat' dir='ltr'><strong>illum</strong></span> <span class='ocrx_word' id='word_1_257' title='bbox 1791 4331 2120 4399; x_wconf 88' lang='lat' dir='ltr'><strong>editurum</strong></span> <span class='ocrx_word' id='word_1_258' title='bbox 2161 4353 2322 4412; x_wconf 86' lang='lat' dir='ltr'><strong>esse,</strong></span> <span class='ocrx_word' id='word_1_259' title='bbox 2379 4353 2582 4415; x_wconf 91' lang='lat' dir='ltr'><strong>quum</strong></span> 
     </span>
     <span class='ocr_line' id='line_1_38' title="bbox 640 4415 2581 4502; baseline 0.001 -21"><span class='ocrx_word' id='word_1_260' title='bbox 640 4424 829 4481; x_wconf 81' lang='lat' dir='ltr'><strong>tanto</strong></span> <span class='ocrx_word' id='word_1_261' title='bbox 868 4424 1164 4500; x_wconf 89' lang='lat' dir='ltr'><strong>tempore</strong></span> <span class='ocrx_word' id='word_1_262' title='bbox 1220 4415 1396 4501; x_wconf 90' lang='lat' dir='ltr'><strong>apud</strong></span> <span class='ocrx_word' id='word_1_263' title='bbox 1449 4438 1557 4483; x_wconf 91' lang='lat' dir='ltr'><strong>me</strong></span> <span class='ocrx_word' id='word_1_264' title='bbox 1600 4425 1860 4502; x_wconf 89' lang='lat' dir='ltr'><strong>praeter</strong></span> <span class='ocrx_word' id='word_1_265' title='bbox 1900 4438 2115 4484; x_wconf 90' lang='lat' dir='ltr'><strong>meam</strong></span> <span class='ocrx_word' id='word_1_266' title='bbox 2156 4418 2422 4484; x_wconf 88' lang='lat' dir='ltr'><strong>interim</strong></span> <span class='ocrx_word' id='word_1_267' title='bbox 2464 4438 2581 4482; x_wconf 85' lang='lat' dir='ltr'><strong>vo-</strong></span> 
     </span>
     <span class='ocr_line' id='line_1_39' title="bbox 636 4501 2582 4571; baseline 0.002 -4"><span class='ocrx_word' id='word_1_268' title='bbox 636 4502 958 4568; x_wconf 89' lang='lat' dir='ltr'><strong>luntatem</strong></span> <span class='ocrx_word' id='word_1_269' title='bbox 1002 4501 1379 4569; x_wconf 89' lang='lat' dir='ltr'><strong>delituisset.</strong></span> <span class='ocrx_word' id='word_1_270' title='bbox 1466 4501 1697 4570; x_wconf 81' lang='lat' dir='ltr'><strong>Adieci</strong></span> <span class='ocrx_word' id='word_1_271' title='bbox 1739 4504 1839 4570; x_wconf 87' lang='lat' dir='ltr'><strong>illi</strong></span> <span class='ocrx_word' id='word_1_272' title='bbox 1881 4525 2084 4571; x_wconf 92' lang='lat' dir='ltr'><strong>unam</strong></span> <span class='ocrx_word' id='word_1_273' title='bbox 2126 4525 2163 4569; x_wconf 90' lang='lat' dir='ltr'><strong>e</strong></span> <span class='ocrx_word' id='word_1_274' title='bbox 2205 4503 2369 4570; x_wconf 89' lang='lat' dir='ltr'><strong>meis</strong></span> <span class='ocrx_word' id='word_1_275' title='bbox 2407 4524 2446 4569; x_wconf 91' lang='lat' dir='ltr'><strong>e</strong></span> <span class='ocrx_word' id='word_1_276' title='bbox 2493 4504 2582 4570; x_wconf 92' lang='lat' dir='ltr'><strong>is-</strong></span> 
     </span>
     <span class='ocr_line' id='line_1_40' title="bbox 638 4586 2582 4670; baseline 0.001 -17"><span class='ocrx_word' id='word_1_277' title='bbox 638 4586 2397 4670; x_wconf 57' lang='lat' dir='ltr'><strong>toliseademdereantesexaunosscritamut</strong></span> <span class='ocrx_word' id='word_1_278' title='bbox 2475 4611 2582 4655; x_wconf 91' lang='lat' dir='ltr'><strong>oc-</strong></span> 
     </span>
     <span class='ocr_line' id='line_1_41' title="bbox 639 4674 2586 4762; baseline 0.001 -23"><span class='ocrx_word' id='word_1_279' title='bbox 639 4674 858 4740; x_wconf 83' lang='lat' dir='ltr'><strong>trinae</strong></span> <span class='ocrx_word' id='word_1_280' title='bbox 898 4693 1289 4741; x_wconf 90' lang='lat' dir='ltr'><strong>consensum</strong></span> <span class='ocrx_word' id='word_1_281' title='bbox 1332 4681 1700 4758; x_wconf 75' lang='lat' dir='ltr'><strong>attestator,</strong></span> <span class='ocrx_word' id='word_1_282' title='bbox 1742 4697 1956 4762; x_wconf 89' lang='lat' dir='ltr'><strong>neque</strong></span> <span class='ocrx_word' id='word_1_283' title='bbox 1994 4675 2085 4743; x_wconf 87' lang='lat' dir='ltr'><strong>du</strong></span> <span class='ocrx_word' id='word_1_284' title='bbox 2127 4676 2219 4742; x_wconf 85' lang='lat' dir='ltr'><strong>ito</strong></span> <span class='ocrx_word' id='word_1_285' title='bbox 2260 4675 2379 4742; x_wconf 89' lang='lat' dir='ltr'><strong>tibi</strong></span> <span class='ocrx_word' id='word_1_286' title='bbox 2421 4674 2586 4741; x_wconf 84' lang='lat' dir='ltr'><strong>haec</strong></span> 
     </span>
     <span class='ocr_line' id='line_1_42' title="bbox 640 4758 2585 4843; baseline 0.002 -18"><span class='ocrx_word' id='word_1_287' title='bbox 640 4760 863 4826; x_wconf 87' lang='lat' dir='ltr'><strong>omnia</strong></span> <span class='ocrx_word' id='word_1_288' title='bbox 910 4758 1168 4826; x_wconf 85' lang='lat' dir='ltr'><strong>reddita</strong></span> <span class='ocrx_word' id='word_1_289' title='bbox 1223 4781 1382 4827; x_wconf 87' lang='lat' dir='ltr'><strong>esse.</strong></span> <span class='ocrx_word' id='word_1_290' title='bbox 1481 4759 1675 4843; x_wconf 80' lang='lat' dir='ltr'><strong>Quod</strong></span> <span class='ocrx_word' id='word_1_291' title='bbox 1730 4762 1814 4828; x_wconf 88' lang='lat' dir='ltr'><strong>ad</strong></span> <span class='ocrx_word' id='word_1_292' title='bbox 1867 4761 2292 4830; x_wconf 69' lang='lat' dir='ltr'><strong>domesticum</strong></span> <span class='ocrx_word' id='word_1_293' title='bbox 2346 4780 2585 4828; x_wconf 85' lang='lat' dir='ltr'><strong>coenae</strong></span> 
     </span>
     <span class='ocr_line' id='line_1_43' title="bbox 642 4844 2583 4932; baseline 0.001 -20"><span class='ocrx_word' id='word_1_294' title='bbox 642 4844 1007 4913; x_wconf 89' lang='lat' dir='ltr'><strong>dominicae</strong></span> <span class='ocrx_word' id='word_1_295' title='bbox 1048 4867 1240 4912; x_wconf 89' lang='lat' dir='ltr'><strong>usum</strong></span> <span class='ocrx_word' id='word_1_296' title='bbox 1285 4847 1553 4926; x_wconf 82' lang='lat' dir='ltr'><strong>attinet,</strong></span> <span class='ocrx_word' id='word_1_297' title='bbox 1610 4867 1730 4914; x_wconf 91' lang='lat' dir='ltr'><strong>nos</strong></span> <span class='ocrx_word' id='word_1_298' title='bbox 1786 4849 1896 4914; x_wconf 92' lang='lat' dir='ltr'><strong>hic</strong></span> <span class='ocrx_word' id='word_1_299' title='bbox 1950 4869 1993 4914; x_wconf 91' lang='lat' dir='ltr'><strong>a</strong></span> <span class='ocrx_word' id='word_1_300' title='bbox 2027 4847 2236 4929; x_wconf 80' lang='lat' dir='ltr'><strong>vobis,</strong></span> <span class='ocrx_word' id='word_1_301' title='bbox 2279 4853 2357 4913; x_wconf 89' lang='lat' dir='ltr'><strong>ut</strong></span> <span class='ocrx_word' id='word_1_302' title='bbox 2402 4853 2583 4932; x_wconf 88' lang='lat' dir='ltr'><strong>puto,</strong></span> 
     </span>
     <span class='ocr_line' id='line_1_44' title="bbox 640 4929 2588 5012; baseline 0.001 -15"><span class='ocrx_word' id='word_1_303' title='bbox 640 4953 778 4998; x_wconf 90' lang='lat' dir='ltr'><strong>non</strong></span> <span class='ocrx_word' id='word_1_304' title='bbox 817 4929 1269 5012; x_wconf 87' lang='lat' dir='ltr'><strong>dissentimus,</strong></span> <span class='ocrx_word' id='word_1_305' title='bbox 1324 4931 1441 4999; x_wconf 88' lang='lat' dir='ltr'><strong>sed</strong></span> <span class='ocrx_word' id='word_1_306' title='bbox 1496 4931 1804 5001; x_wconf 88' lang='lat' dir='ltr'><strong>docemus</strong></span> <span class='ocrx_word' id='word_1_307' title='bbox 1847 4932 2182 5002; x_wconf 79' lang='lat' dir='ltr'><strong>vobiscum</strong></span> <span class='ocrx_word' id='word_1_308' title='bbox 2232 4932 2305 5000; x_wconf 91' lang='grc' dir='ltr'><strong>ιιι</strong></span> <span class='ocrx_word' id='word_1_309' title='bbox 2346 4952 2588 5001; x_wconf 88' lang='lat' dir='ltr'><strong>coenae</strong></span> 
     </span>
     <span class='ocr_line' id='line_1_45' title="bbox 641 5015 2588 5103; baseline 0.001 -20"><span class='ocrx_word' id='word_1_310' title='bbox 641 5038 769 5083; x_wconf 92' lang='lat' dir='ltr'><strong>usu</strong></span> <span class='ocrx_word' id='word_1_311' title='bbox 808 5015 1142 5101; x_wconf 84' lang='lat' dir='ltr'><strong>publicum</strong></span> <span class='ocrx_word' id='word_1_312' title='bbox 1193 5024 1453 5085; x_wconf 85' lang='lat' dir='ltr'><strong>coetum</strong></span> <span class='ocrx_word' id='word_1_313' title='bbox 1508 5026 1577 5084; x_wconf 89' lang='lat' dir='ltr'><strong>et</strong></span> <span class='ocrx_word' id='word_1_314' title='bbox 1624 5018 1954 5103; x_wconf 79' lang='lat' dir='ltr'><strong>publicam</strong></span> <span class='ocrx_word' id='word_1_315' title='bbox 1995 5019 2307 5087; x_wconf 89' lang='lat' dir='ltr'><strong>ecclesiae</strong></span> <span class='ocrx_word' id='word_1_316' title='bbox 2348 5037 2588 5087; x_wconf 85' lang='lat' dir='ltr'><strong>convo-</strong></span> 
     </span>
     <span class='ocr_line' id='line_1_46' title="bbox 642 5102 2589 5189; baseline 0.002 -22"><span class='ocrx_word' id='word_1_317' title='bbox 642 5102 964 5169; x_wconf 84' lang='lat' dir='ltr'><strong>cationem</strong></span> <span class='ocrx_word' id='word_1_318' title='bbox 1040 5104 1315 5187; x_wconf 86' lang='lat' dir='ltr'><strong>requiri,</strong></span> <span class='ocrx_word' id='word_1_319' title='bbox 1392 5104 1716 5189; x_wconf 84' lang='lat' dir='ltr'><strong>siquidem</strong></span> <span class='ocrx_word' id='word_1_320' title='bbox 1777 5105 1845 5171; x_wconf 92' lang='lat' dir='ltr'><strong>id</strong></span> <span class='ocrx_word' id='word_1_321' title='bbox 1907 5106 2051 5172; x_wconf 87' lang='lat' dir='ltr'><strong>fieri</strong></span> <span class='ocrx_word' id='word_1_322' title='bbox 2110 5105 2335 5189; x_wconf 89' lang='lat' dir='ltr'><strong>possit.</strong></span> <span class='ocrx_word' id='word_1_323' title='bbox 2451 5103 2589 5172; x_wconf 83' lang='lat' dir='ltr'><strong>Sed</strong></span> 
     </span>
    </p>
   </div>
   <div class='ocr_carea' id='block_1_7' title="bbox 650 5259 1051 5270">
    <p class='ocr_par' dir='ltr' id='par_1_11' title="bbox 650 5259 1051 5270">
     <span class='ocr_line' id='line_1_47' title="bbox 650 5259 1051 5270; baseline 0 897"><span class='ocrx_word' id='word_1_324' title='bbox 650 5259 1051 5270; x_wconf 95' lang='lat' dir='ltr'><strong> </strong></span> 
     </span>
    </p>
   </div>
   <div class='ocr_carea' id='block_1_8' title="bbox 642 5340 2059 5413">
    <p class='ocr_par' dir='ltr' id='par_1_12' title="bbox 642 5340 2059 5413">
     <span class='ocr_line' id='line_1_48' title="bbox 642 5340 2059 5413; baseline 0.005 -20"><span class='ocrx_word' id='word_1_325' title='bbox 642 5340 2059 5413; x_wconf 63' lang='lat' dir='ltr'><strong>1407.1)AEiasstaucisc.aBm·9undiadicti.</strong></span> 
     </span>
    </p>
   </div>
   <div class='ocr_carea' id='block_1_9' title="bbox 2136 403 3128 496">
    <p class='ocr_par' dir='ltr' id='par_1_13' title="bbox 2136 403 3128 496">
     <span class='ocr_line' id='line_1_49' title="bbox 2136 403 3128 496; baseline 0.003 -3"><span class='ocrx_word' id='word_1_326' title='bbox 2136 403 2659 496; x_wconf 67' lang='lat' dir='ltr'>EPIS&#39;POLAE</span> <span class='ocrx_word' id='word_1_327' title='bbox 2708 431 3128 496; x_wconf 78' lang='lat'>1496—1499</span> 
     </span>
    </p>
   </div>
   <div class='ocr_carea' id='block_1_10' title="bbox 2618 617 2652 5380">
    <p class='ocr_par' dir='ltr' id='par_1_14' title="bbox 2618 617 2652 5380">
     <span class='ocr_line' id='line_1_50' title="bbox 2618 617 2652 5380; baseline 0 0"><span class='ocrx_word' id='word_1_328' title='bbox 2618 617 2652 5380; x_wconf 95' lang='lat' dir='ltr'><strong> </strong></span> 
     </span>
    </p>
   </div>
   <div class='ocr_carea' id='block_1_11' title="bbox 4490 429 4612 496">
    <p class='ocr_par' dir='ltr' id='par_1_15' title="bbox 4490 429 4612 496">
     <span class='ocr_line' id='line_1_51' title="bbox 4490 429 4612 496; baseline 0.016 -2"><span class='ocrx_word' id='word_1_329' title='bbox 4490 429 4612 496; x_wconf 84' lang='lat'><strong>128</strong></span> 
     </span>
    </p>
   </div>
   <div class='ocr_carea' id='block_1_12' title="bbox 2672 615 4648 3613">
    <p class='ocr_par' dir='ltr' id='par_1_16' title="bbox 2672 615 4629 1643">
     <span class='ocr_line' id='line_1_52' title="bbox 2672 615 4617 701; baseline 0 -17"><span class='ocrx_word' id='word_1_330' title='bbox 2672 638 2878 701; x_wconf 94' lang='lat' dir='ltr'><strong>quum</strong></span> <span class='ocrx_word' id='word_1_331' title='bbox 2930 623 3048 683; x_wconf 90' lang='lat' dir='ltr'><strong>aut</strong></span> <span class='ocrx_word' id='word_1_332' title='bbox 3100 637 3234 683; x_wconf 91' lang='lat' dir='ltr'><strong>nou</strong></span> <span class='ocrx_word' id='word_1_333' title='bbox 3275 616 3429 683; x_wconf 87' lang='lat' dir='ltr'><strong>licet</strong></span> <span class='ocrx_word' id='word_1_334' title='bbox 3443 668 3461 698; x_wconf 95' lang='lat'><strong>,</strong></span> <span class='ocrx_word' id='word_1_335' title='bbox 3516 625 3633 683; x_wconf 90' lang='lat' dir='ltr'><strong>aut</strong></span> <span class='ocrx_word' id='word_1_336' title='bbox 3687 639 3820 685; x_wconf 89' lang='lat' dir='ltr'><strong>non</strong></span> <span class='ocrx_word' id='word_1_337' title='bbox 3875 625 3978 684; x_wconf 90' lang='lat' dir='ltr'><strong>est</strong></span> <span class='ocrx_word' id='word_1_338' title='bbox 4039 639 4125 684; x_wconf 85' lang='lat' dir='ltr'><strong>ex</strong></span> <span class='ocrx_word' id='word_1_339' title='bbox 4175 637 4299 684; x_wconf 89' lang='lat' dir='ltr'><strong>usu</strong></span> <span class='ocrx_word' id='word_1_340' title='bbox 4355 615 4617 700; x_wconf 90' lang='lat' dir='ltr'><strong>publico</strong></span> 
     </span>
     <span class='ocr_line' id='line_1_53' title="bbox 2675 701 4616 786; baseline 0 -16"><span class='ocrx_word' id='word_1_341' title='bbox 2675 703 2984 770; x_wconf 81' lang='lat' dir='ltr'><strong>ecclesiae</strong></span> <span class='ocrx_word' id='word_1_342' title='bbox 3038 701 3296 786; x_wconf 86' lang='lat' dir='ltr'><strong>publice</strong></span> <span class='ocrx_word' id='word_1_343' title='bbox 3343 703 3416 767; x_wconf 91' lang='lat' dir='ltr'><strong>in</strong></span> <span class='ocrx_word' id='word_1_344' title='bbox 3473 723 3680 768; x_wconf 89' lang='lat' dir='ltr'><strong>unum</strong></span> <span class='ocrx_word' id='word_1_345' title='bbox 3734 703 4087 771; x_wconf 79' lang='lat' dir='ltr'><strong>convenire</strong></span> <span class='ocrx_word' id='word_1_346' title='bbox 4142 703 4264 769; x_wconf 81' lang='lat' dir='ltr'><strong>toti</strong></span> <span class='ocrx_word' id='word_1_347' title='bbox 4305 701 4616 771; x_wconf 88' lang='lat' dir='ltr'><strong>ecclesiae</strong></span> 
     </span>
     <span class='ocr_line' id='line_1_54' title="bbox 2676 788 4618 873; baseline 0 -19"><span class='ocrx_word' id='word_1_348' title='bbox 2676 788 2760 854; x_wconf 89' lang='lat' dir='ltr'><strong>ad</strong></span> <span class='ocrx_word' id='word_1_349' title='bbox 2801 808 3041 855; x_wconf 91' lang='lat' dir='ltr'><strong>coenae</strong></span> <span class='ocrx_word' id='word_1_350' title='bbox 3083 809 3295 867; x_wconf 88' lang='lat' dir='ltr'><strong>usum,</strong></span> <span class='ocrx_word' id='word_1_351' title='bbox 3338 810 3471 856; x_wconf 93' lang='lat' dir='ltr'><strong>non</strong></span> <span class='ocrx_word' id='word_1_352' title='bbox 3513 810 3831 873; x_wconf 88' lang='lat' dir='ltr'><strong>negamus</strong></span> <span class='ocrx_word' id='word_1_353' title='bbox 3867 809 4106 856; x_wconf 88' lang='lat' dir='ltr'><strong>coenae</strong></span> <span class='ocrx_word' id='word_1_354' title='bbox 4132 808 4328 856; x_wconf 87' lang='lat' dir='ltr'><strong>usum</strong></span> <span class='ocrx_word' id='word_1_355' title='bbox 4370 788 4618 872; x_wconf 84' lang='lat' dir='ltr'><strong>aliquot</strong></span> 
     </span>
     <span class='ocr_line' id='line_1_55' title="bbox 2675 873 4619 958; baseline 0 -19"><span class='ocrx_word' id='word_1_356' title='bbox 2675 873 2987 941; x_wconf 79' lang='lat' dir='ltr'><strong>fratribus</strong></span> <span class='ocrx_word' id='word_1_357' title='bbox 3027 873 3217 940; x_wconf 91' lang='lat' dir='ltr'><strong>illum</strong></span> <span class='ocrx_word' id='word_1_358' title='bbox 3253 873 3730 957; x_wconf 75' lang='lat' dir='ltr'><strong>postulantibus</strong></span> <span class='ocrx_word' id='word_1_359' title='bbox 3763 883 3830 940; x_wconf 92' lang='lat' dir='ltr'><strong>et</strong></span> <span class='ocrx_word' id='word_1_360' title='bbox 3870 875 4180 958; x_wconf 82' lang='lat' dir='ltr'><strong>privatim</strong></span> <span class='ocrx_word' id='word_1_361' title='bbox 4220 874 4619 941; x_wconf 77' lang='lat' dir='ltr'><strong>convenien-</strong></span> 
     </span>
     <span class='ocr_line' id='line_1_56' title="bbox 2675 959 4620 1044; baseline 0 -20"><span class='ocrx_word' id='word_1_362' title='bbox 2675 959 2868 1038; x_wconf 89' lang='lat' dir='ltr'><strong>tibus,</strong></span> <span class='ocrx_word' id='word_1_363' title='bbox 2913 959 3213 1043; x_wconf 88' lang='lat' dir='ltr'><strong>exemplo</strong></span> <span class='ocrx_word' id='word_1_364' title='bbox 3254 959 3689 1043; x_wconf 81' lang='lat' dir='ltr'><strong>apostolorum</strong></span> <span class='ocrx_word' id='word_1_365' title='bbox 3731 981 3969 1044; x_wconf 89' lang='lat' dir='ltr'><strong>panem</strong></span> <span class='ocrx_word' id='word_1_366' title='bbox 4010 981 4128 1043; x_wconf 90' lang='lat' dir='ltr'><strong>per</strong></span> <span class='ocrx_word' id='word_1_367' title='bbox 4170 959 4393 1027; x_wconf 90' lang='lat' dir='ltr'><strong>domos</strong></span> <span class='ocrx_word' id='word_1_368' title='bbox 4433 959 4620 1026; x_wconf 80' lang='lat' dir='ltr'><strong>frau-</strong></span> 
     </span>
     <span class='ocr_line' id='line_1_57' title="bbox 2677 1044 4622 1130; baseline -0.001 -19"><span class='ocrx_word' id='word_1_369' title='bbox 2677 1046 2971 1130; x_wconf 90' lang='lat' dir='ltr'><strong>gentium</strong></span> <span class='ocrx_word' id='word_1_370' title='bbox 2990 1096 3007 1123; x_wconf 91' lang='lat'><strong>,</strong></span> <span class='ocrx_word' id='word_1_371' title='bbox 3071 1045 3264 1112; x_wconf 90' lang='lat' dir='ltr'><strong>modo</strong></span> <span class='ocrx_word' id='word_1_372' title='bbox 3315 1066 3402 1111; x_wconf 91' lang='lat' dir='ltr'><strong>ne</strong></span> <span class='ocrx_word' id='word_1_373' title='bbox 3458 1044 3596 1111; x_wconf 89' lang='lat' dir='ltr'><strong>ulla</strong></span> <span class='ocrx_word' id='word_1_374' title='bbox 3650 1045 4040 1113; x_wconf 87' lang='lat' dir='ltr'><strong>adhibeatur</strong></span> <span class='ocrx_word' id='word_1_375' title='bbox 4094 1045 4487 1128; x_wconf 88' lang='lat' dir='ltr'><strong>superstitio,</strong></span> <span class='ocrx_word' id='word_1_376' title='bbox 4551 1055 4622 1110; x_wconf 86' lang='lat' dir='ltr'><strong>et</strong></span> 
     </span>
     <span class='ocr_line' id='line_1_58' title="bbox 2677 1130 4622 1215; baseline -0.001 -19"><span class='ocrx_word' id='word_1_377' title='bbox 2677 1131 2973 1215; x_wconf 85' lang='lat' dir='ltr'><strong>privatus</strong></span> <span class='ocrx_word' id='word_1_378' title='bbox 3025 1130 3138 1196; x_wconf 91' lang='lat' dir='ltr'><strong>ille</strong></span> <span class='ocrx_word' id='word_1_379' title='bbox 3195 1130 3511 1197; x_wconf 89' lang='lat' dir='ltr'><strong>eiusmodi</strong></span> <span class='ocrx_word' id='word_1_380' title='bbox 3573 1153 3730 1197; x_wconf 90' lang='lat' dir='ltr'><strong>usus</strong></span> <span class='ocrx_word' id='word_1_381' title='bbox 3794 1152 3930 1198; x_wconf 91' lang='lat' dir='ltr'><strong>non</strong></span> <span class='ocrx_word' id='word_1_382' title='bbox 3985 1138 4352 1197; x_wconf 90' lang='lat' dir='ltr'><strong>remoretur</strong></span> <span class='ocrx_word' id='word_1_383' title='bbox 4407 1152 4622 1213; x_wconf 88' lang='lat' dir='ltr'><strong>neque</strong></span> 
     </span>
     <span class='ocr_line' id='line_1_59' title="bbox 2677 1215 4624 1301; baseline -0.001 -19"><span class='ocrx_word' id='word_1_384' title='bbox 2677 1216 2978 1283; x_wconf 90' lang='lat' dir='ltr'><strong>obscuret</strong></span> <span class='ocrx_word' id='word_1_385' title='bbox 3016 1215 3348 1299; x_wconf 89' lang='lat' dir='ltr'><strong>publicum</strong></span> <span class='ocrx_word' id='word_1_386' title='bbox 3399 1216 3578 1283; x_wconf 89' lang='lat' dir='ltr'><strong>illius</strong></span> <span class='ocrx_word' id='word_1_387' title='bbox 3619 1223 3810 1283; x_wconf 86' lang='lat' dir='ltr'><strong>usum</strong></span> <span class='ocrx_word' id='word_1_388' title='bbox 3853 1217 4042 1283; x_wconf 93' lang='lat' dir='ltr'><strong>illum</strong></span> <span class='ocrx_word' id='word_1_389' title='bbox 4093 1217 4164 1282; x_wconf 92' lang='lat' dir='ltr'><strong>in</strong></span> <span class='ocrx_word' id='word_1_390' title='bbox 4217 1215 4475 1301; x_wconf 90' lang='lat' dir='ltr'><strong>publico</strong></span> <span class='ocrx_word' id='word_1_391' title='bbox 4518 1227 4624 1282; x_wconf 89' lang='lat' dir='ltr'><strong>to-</strong></span> 
     </span>
     <span class='ocr_line' id='line_1_60' title="bbox 2678 1301 4625 1386; baseline 0 -19"><span class='ocrx_word' id='word_1_392' title='bbox 2678 1303 2812 1368; x_wconf 89' lang='lat' dir='ltr'><strong>tius</strong></span> <span class='ocrx_word' id='word_1_393' title='bbox 2855 1301 3161 1368; x_wconf 89' lang='lat' dir='ltr'><strong>ecclesiae</strong></span> <span class='ocrx_word' id='word_1_394' title='bbox 3217 1310 3421 1368; x_wconf 92' lang='lat' dir='ltr'><strong>coetu.</strong></span> <span class='ocrx_word' id='word_1_395' title='bbox 3510 1302 3776 1386; x_wconf 89' lang='lat' dir='ltr'><strong>Alioqui</strong></span> <span class='ocrx_word' id='word_1_396' title='bbox 3829 1302 4116 1369; x_wconf 90' lang='lat' dir='ltr'><strong>Paulum</strong></span> <span class='ocrx_word' id='word_1_397' title='bbox 4171 1302 4280 1368; x_wconf 90' lang='lat' dir='ltr'><strong>hic</strong></span> <span class='ocrx_word' id='word_1_398' title='bbox 4319 1302 4625 1385; x_wconf 87' lang='lat' dir='ltr'><strong>protinus</strong></span> 
     </span>
     <span class='ocr_line' id='line_1_61' title="bbox 2679 1385 4623 1462; baseline -0.002 -10"><span class='ocrx_word' id='word_1_399' title='bbox 2679 1396 2744 1452; x_wconf 89' lang='lat' dir='ltr'><strong>et</strong></span> <span class='ocrx_word' id='word_1_400' title='bbox 2787 1408 2908 1455; x_wconf 92' lang='lat' dir='ltr'><strong>nos</strong></span> <span class='ocrx_word' id='word_1_401' title='bbox 2942 1385 3275 1462; x_wconf 83' lang='lat' dir='ltr'><strong>audimus:</strong></span> <span class='ocrx_word' id='word_1_402' title='bbox 3312 1389 3557 1454; x_wconf 86' lang='lat' dir='ltr'><strong>Annon</strong></span> <span class='ocrx_word' id='word_1_403' title='bbox 3590 1387 3846 1454; x_wconf 87' lang='lat' dir='ltr'><strong>habetis</strong></span> <span class='ocrx_word' id='word_1_404' title='bbox 3881 1389 4106 1454; x_wconf 88' lang='lat' dir='ltr'><strong>domos</strong></span> <span class='ocrx_word' id='word_1_405' title='bbox 4129 1385 4213 1452; x_wconf 88' lang='lat' dir='ltr'><strong>ad</strong></span> <span class='ocrx_word' id='word_1_406' title='bbox 4247 1385 4623 1453; x_wconf 84' lang='lat' dir='ltr'><strong>edendum?</strong></span> 
     </span>
     <span class='ocr_line' id='line_1_62' title="bbox 2680 1473 4629 1556; baseline -0.001 -17"><span class='ocrx_word' id='word_1_407' title='bbox 2680 1474 2974 1556; x_wconf 88' lang='lat' dir='ltr'><strong>absitque</strong></span> <span class='ocrx_word' id='word_1_408' title='bbox 3037 1481 3114 1538; x_wconf 91' lang='grc' dir='ltr'><strong>ιιι</strong></span> <span class='ocrx_word' id='word_1_409' title='bbox 3173 1494 3294 1539; x_wconf 90' lang='lat' dir='ltr'><strong>nos</strong></span> <span class='ocrx_word' id='word_1_410' title='bbox 3363 1474 3535 1556; x_wconf 89' lang='lat' dir='ltr'><strong>quod</strong></span> <span class='ocrx_word' id='word_1_411' title='bbox 3604 1473 4000 1541; x_wconf 90' lang='lat' dir='ltr'><strong>dominicum</strong></span> <span class='ocrx_word' id='word_1_412' title='bbox 4072 1480 4202 1550; x_wconf 88' lang='lat' dir='ltr'><strong>est,</strong></span> <span class='ocrx_word' id='word_1_413' title='bbox 4277 1483 4349 1538; x_wconf 93' lang='lat' dir='ltr'><strong>ut</strong></span> <span class='ocrx_word' id='word_1_414' title='bbox 4410 1474 4629 1556; x_wconf 90' lang='lat' dir='ltr'><strong>inquit</strong></span> 
     </span>
     <span class='ocr_line' id='line_1_63' title="bbox 2682 1559 4180 1643; baseline -0.002 -18"><span class='ocrx_word' id='word_1_415' title='bbox 2682 1559 3210 1643; x_wconf 82' lang='lat' dir='ltr'><strong>Chrysostomus,</strong></span> <span class='ocrx_word' id='word_1_416' title='bbox 3299 1560 3586 1625; x_wconf 82' lang='lat' dir='ltr'><strong>rivatum</strong></span> <span class='ocrx_word' id='word_1_417' title='bbox 3627 1560 3840 1626; x_wconf 85' lang='lat' dir='ltr'><strong>facere</strong></span> <span class='ocrx_word' id='word_1_418' title='bbox 3881 1559 4180 1624; x_wconf 85' lang='lat' dir='ltr'><strong>velimus.</strong></span> 
     </span>
    </p>

    <p class='ocr_par' dir='ltr' id='par_1_17' title="bbox 2681 1642 4648 3613">
     <span class='ocr_line' id='line_1_64' title="bbox 2851 1642 4631 1725; baseline -0.001 -16"><span class='ocrx_word' id='word_1_419' title='bbox 2851 1642 3045 1725; x_wconf 77' lang='lat' dir='ltr'><strong>Quod</strong></span> <span class='ocrx_word' id='word_1_420' title='bbox 3087 1644 3170 1709; x_wconf 90' lang='lat' dir='ltr'><strong>ad</strong></span> <span class='ocrx_word' id='word_1_421' title='bbox 3388 1647 3596 1710; x_wconf 77' lang='lat' dir='ltr'><strong>&#39;anum</strong></span> <span class='ocrx_word' id='word_1_422' title='bbox 3636 1645 3825 1711; x_wconf 87' lang='lat' dir='ltr'><strong>illum</strong></span> <span class='ocrx_word' id='word_1_423' title='bbox 3880 1645 4148 1722; x_wconf 86' lang='lat' dir='ltr'><strong>attinet,</strong></span> <span class='ocrx_word' id='word_1_424' title='bbox 4200 1644 4631 1710; x_wconf 81' lang='lat' dir='ltr'><strong>vehementer</strong></span> 
     </span>
     <span class='ocr_line' id='line_1_65' title="bbox 2683 1727 4631 1814; baseline -0.002 -19"><span class='ocrx_word' id='word_1_425' title='bbox 2683 1730 2866 1796; x_wconf 89' lang='lat' dir='ltr'><strong>doleo</strong></span> <span class='ocrx_word' id='word_1_426' title='bbox 2921 1739 2988 1796; x_wconf 88' lang='lat' dir='ltr'><strong>te</strong></span> <span class='ocrx_word' id='word_1_427' title='bbox 3051 1751 3304 1814; x_wconf 92' lang='lat' dir='ltr'><strong>quoque</strong></span> <span class='ocrx_word' id='word_1_428' title='bbox 3363 1731 3437 1795; x_wconf 92' lang='lat' dir='ltr'><strong>in</strong></span> <span class='ocrx_word' id='word_1_429' title='bbox 3493 1750 3725 1796; x_wconf 88' lang='lat' dir='ltr'><strong>eorum</strong></span> <span class='ocrx_word' id='word_1_430' title='bbox 3776 1750 4052 1796; x_wconf 90' lang='lat' dir='ltr'><strong>numero</strong></span> <span class='ocrx_word' id='word_1_431' title='bbox 4101 1750 4245 1795; x_wconf 89' lang='lat' dir='ltr'><strong>esse</strong></span> <span class='ocrx_word' id='word_1_432' title='bbox 4298 1748 4459 1813; x_wconf 93' lang='lat' dir='ltr'><strong>quos</strong></span> <span class='ocrx_word' id='word_1_433' title='bbox 4513 1727 4631 1792; x_wconf 87' lang='lat' dir='ltr'><strong>ille</strong></span> 
     </span>
     <span class='ocr_line' id='line_1_66' title="bbox 2682 1812 4636 1901; baseline 0 -21"><span class='ocrx_word' id='word_1_434' title='bbox 2682 1816 2824 1899; x_wconf 91' lang='lat' dir='ltr'><strong>pios</strong></span> <span class='ocrx_word' id='word_1_435' title='bbox 2866 1825 2935 1881; x_wconf 91' lang='lat' dir='ltr'><strong>et</strong></span> <span class='ocrx_word' id='word_1_436' title='bbox 2977 1823 3235 1883; x_wconf 86' lang='lat' dir='ltr'><strong>sanctos</strong></span> <span class='ocrx_word' id='word_1_437' title='bbox 3279 1816 3454 1882; x_wconf 80' lang='lat' dir='ltr'><strong>viros</strong></span> <span class='ocrx_word' id='word_1_438' title='bbox 3489 1816 3817 1901; x_wconf 86' lang='lat' dir='ltr'><strong>hypocrisi</strong></span> <span class='ocrx_word' id='word_1_439' title='bbox 3860 1835 3981 1882; x_wconf 87' lang='lat' dir='ltr'><strong>sua</strong></span> <span class='ocrx_word' id='word_1_440' title='bbox 4020 1814 4267 1880; x_wconf 86' lang='lat' dir='ltr'><strong>fefellit.</strong></span> <span class='ocrx_word' id='word_1_441' title='bbox 4334 1812 4636 1880; x_wconf 84' lang='lat' dir='ltr'><strong>Facilius</strong></span> 
     </span>
     <span class='ocr_line' id='line_1_67' title="bbox 2682 1899 4636 1985; baseline -0.001 -19"><span class='ocrx_word' id='word_1_442' title='bbox 2682 1903 2819 1967; x_wconf 88' lang='lat' dir='ltr'><strong>fero</strong></span> <span class='ocrx_word' id='word_1_443' title='bbox 2861 1901 3034 1985; x_wconf 92' lang='lat' dir='ltr'><strong>quod</strong></span> <span class='ocrx_word' id='word_1_444' title='bbox 3088 1922 3193 1966; x_wconf 91' lang='lat' dir='ltr'><strong>me</strong></span> <span class='ocrx_word' id='word_1_445' title='bbox 3237 1901 3465 1968; x_wconf 85' lang='lat' dir='ltr'><strong>fefellit</strong></span> <span class='ocrx_word' id='word_1_446' title='bbox 3479 1951 3496 1978; x_wconf 99' lang='lat'><strong>,</strong></span> <span class='ocrx_word' id='word_1_447' title='bbox 3554 1900 3670 1968; x_wconf 85' lang='lat' dir='ltr'><strong>sed</strong></span> <span class='ocrx_word' id='word_1_448' title='bbox 3727 1900 3902 1985; x_wconf 93' lang='lat' dir='ltr'><strong>quod</strong></span> <span class='ocrx_word' id='word_1_449' title='bbox 3955 1900 4039 1966; x_wconf 92' lang='lat' dir='ltr'><strong>ad</strong></span> <span class='ocrx_word' id='word_1_450' title='bbox 4094 1899 4412 1966; x_wconf 86' lang='lat' dir='ltr'><strong>fallendos</strong></span> <span class='ocrx_word' id='word_1_451' title='bbox 4465 1899 4636 1965; x_wconf 87' lang='lat' dir='ltr'><strong>alios</strong></span> 
     </span>
     <span class='ocr_line' id='line_1_68' title="bbox 2681 1982 4640 2070; baseline -0.002 -18"><span class='ocrx_word' id='word_1_452' title='bbox 2681 2008 2830 2053; x_wconf 91' lang='lat' dir='ltr'><strong>meo</strong></span> <span class='ocrx_word' id='word_1_453' title='bbox 2874 1988 2960 2052; x_wconf 91' lang='lat' dir='ltr'><strong>sit</strong></span> <span class='ocrx_word' id='word_1_454' title='bbox 3013 1986 3254 2053; x_wconf 90' lang='lat' dir='ltr'><strong>abusus</strong></span> <span class='ocrx_word' id='word_1_455' title='bbox 3312 1988 3574 2054; x_wconf 91' lang='lat' dir='ltr'><strong>nomine</strong></span> <span class='ocrx_word' id='word_1_456' title='bbox 3590 2037 3607 2064; x_wconf 91' lang='lat'><strong>,</strong></span> <span class='ocrx_word' id='word_1_457' title='bbox 3665 1986 3944 2070; x_wconf 89' lang='lat' dir='ltr'><strong>denique</strong></span> <span class='ocrx_word' id='word_1_458' title='bbox 3998 1992 4065 2050; x_wconf 92' lang='lat' dir='ltr'><strong>et</strong></span> <span class='ocrx_word' id='word_1_459' title='bbox 4106 2006 4253 2051; x_wconf 86' lang='lat' dir='ltr'><strong>mea</strong></span> <span class='ocrx_word' id='word_1_460' title='bbox 4294 2006 4516 2063; x_wconf 88' lang='lat' dir='ltr'><strong>manu,</strong></span> <span class='ocrx_word' id='word_1_461' title='bbox 4564 1982 4640 2049; x_wconf 85' lang='lat' dir='ltr'><strong>id</strong></span> 
     </span>
     <span class='ocr_line' id='line_1_69' title="bbox 2683 2067 4641 2157; baseline -0.002 -19"><span class='ocrx_word' id='word_1_462' title='bbox 2683 2072 2848 2138; x_wconf 87' lang='lat' dir='ltr'><strong>mihi</strong></span> <span class='ocrx_word' id='word_1_463' title='bbox 2901 2073 3113 2157; x_wconf 88' lang='lat' dir='ltr'><strong>magis</strong></span> <span class='ocrx_word' id='word_1_464' title='bbox 3167 2070 3368 2150; x_wconf 90' lang='lat' dir='ltr'><strong>dolet,</strong></span> <span class='ocrx_word' id='word_1_465' title='bbox 3419 2091 3615 2155; x_wconf 90' lang='lat' dir='ltr'><strong>quam</strong></span> <span class='ocrx_word' id='word_1_466' title='bbox 3671 2081 3746 2138; x_wconf 91' lang='lat' dir='ltr'><strong>ut</strong></span> <span class='ocrx_word' id='word_1_467' title='bbox 3794 2071 4008 2139; x_wconf 88' lang='lat' dir='ltr'><strong>dicere</strong></span> <span class='ocrx_word' id='word_1_468' title='bbox 4064 2072 4330 2154; x_wconf 91' lang='lat' dir='ltr'><strong>possim.</strong></span> <span class='ocrx_word' id='word_1_469' title='bbox 4437 2067 4641 2151; x_wconf 78' lang='lat' dir='ltr'><strong>Quod</strong></span> 
     </span>
     <span class='ocr_line' id='line_1_70' title="bbox 2683 2157 4641 2241; baseline -0.003 -17"><span class='ocrx_word' id='word_1_470' title='bbox 2683 2179 2842 2224; x_wconf 81' lang='lat' dir='ltr'><strong>vero</strong></span> <span class='ocrx_word' id='word_1_471' title='bbox 2886 2164 2951 2223; x_wconf 88' lang='lat' dir='ltr'><strong>te</strong></span> <span class='ocrx_word' id='word_1_472' title='bbox 2993 2178 3251 2241; x_wconf 92' lang='lat' dir='ltr'><strong>quoque</strong></span> <span class='ocrx_word' id='word_1_473' title='bbox 3292 2157 3823 2237; x_wconf 83' lang='lat' dir='ltr'><strong>circumvenerit,</strong></span> <span class='ocrx_word' id='word_1_474' title='bbox 3865 2158 4160 2222; x_wconf 89' lang='lat' dir='ltr'><strong>omnium</strong></span> <span class='ocrx_word' id='word_1_475' title='bbox 4204 2157 4511 2234; x_wconf 84' lang='lat' dir='ltr'><strong>maxime,</strong></span> <span class='ocrx_word' id='word_1_476' title='bbox 4559 2166 4641 2219; x_wconf 90' lang='lat' dir='ltr'><strong>ut</strong></span> 
     </span>
     <span class='ocr_line' id='line_1_71' title="bbox 2685 2241 4643 2328; baseline -0.002 -19"><span class='ocrx_word' id='word_1_477' title='bbox 2685 2264 2917 2309; x_wconf 81' lang='lat' dir='ltr'><strong>verum</strong></span> <span class='ocrx_word' id='word_1_478' title='bbox 2970 2242 3208 2322; x_wconf 85' lang='lat' dir='ltr'><strong>fatear,</strong></span> <span class='ocrx_word' id='word_1_479' title='bbox 3268 2243 3470 2310; x_wconf 92' lang='lat' dir='ltr'><strong>doleo.</strong></span> <span class='ocrx_word' id='word_1_480' title='bbox 3569 2243 3710 2328; x_wconf 90' lang='lat' dir='ltr'><strong>Ego</strong></span> <span class='ocrx_word' id='word_1_481' title='bbox 3761 2264 3917 2310; x_wconf 82' lang='lat' dir='ltr'><strong>vero</strong></span> <span class='ocrx_word' id='word_1_482' title='bbox 3975 2244 4108 2309; x_wconf 90' lang='lat' dir='ltr'><strong>iam</strong></span> <span class='ocrx_word' id='word_1_483' title='bbox 4164 2262 4205 2307; x_wconf 88' lang='lat' dir='ltr'><strong>a</strong></span> <span class='ocrx_word' id='word_1_484' title='bbox 4248 2241 4511 2307; x_wconf 92' lang='lat' dir='ltr'><strong>biennio</strong></span> <span class='ocrx_word' id='word_1_485' title='bbox 4570 2247 4643 2306; x_wconf 88' lang='lat' dir='ltr'><strong>et</strong></span> 
     </span>
     <span class='ocr_line' id='line_1_72' title="bbox 2684 2327 4642 2414; baseline -0.001 -20"><span class='ocrx_word' id='word_1_486' title='bbox 2684 2328 2966 2412; x_wconf 90' lang='lat' dir='ltr'><strong>amplius</strong></span> <span class='ocrx_word' id='word_1_487' title='bbox 3007 2328 3177 2394; x_wconf 90' lang='lat' dir='ltr'><strong>nihil</strong></span> <span class='ocrx_word' id='word_1_488' title='bbox 3211 2327 3295 2395; x_wconf 88' lang='lat' dir='ltr'><strong>ab</strong></span> <span class='ocrx_word' id='word_1_489' title='bbox 3327 2329 3442 2397; x_wconf 91' lang='lat' dir='ltr'><strong>illo</strong></span> <span class='ocrx_word' id='word_1_490' title='bbox 3484 2331 3718 2414; x_wconf 87' lang='lat' dir='ltr'><strong>accepi,</strong></span> <span class='ocrx_word' id='word_1_491' title='bbox 3761 2349 3972 2412; x_wconf 90' lang='lat' dir='ltr'><strong>neque</strong></span> <span class='ocrx_word' id='word_1_492' title='bbox 4004 2328 4117 2395; x_wconf 90' lang='lat' dir='ltr'><strong>ubi</strong></span> <span class='ocrx_word' id='word_1_493' title='bbox 4152 2329 4241 2393; x_wconf 91' lang='lat' dir='ltr'><strong>sit</strong></span> <span class='ocrx_word' id='word_1_494' title='bbox 4280 2327 4447 2394; x_wconf 86' lang='lat' dir='ltr'><strong>scire</strong></span> <span class='ocrx_word' id='word_1_495' title='bbox 4481 2346 4642 2408; x_wconf 87' lang='lat' dir='ltr'><strong>pos·</strong></span> 
     </span>
     <span class='ocr_line' id='line_1_73' title="bbox 2684 2411 4644 2498; baseline -0.003 -17"><span class='ocrx_word' id='word_1_496' title='bbox 2684 2436 2849 2493; x_wconf 90' lang='lat' dir='ltr'><strong>sum,</strong></span> <span class='ocrx_word' id='word_1_497' title='bbox 2894 2414 3196 2498; x_wconf 85' lang='lat' dir='ltr'><strong>aliudque</strong></span> <span class='ocrx_word' id='word_1_498' title='bbox 3249 2436 3381 2481; x_wconf 91' lang='lat' dir='ltr'><strong>non</strong></span> <span class='ocrx_word' id='word_1_499' title='bbox 3437 2415 3726 2498; x_wconf 90' lang='lat' dir='ltr'><strong>suspicor</strong></span> <span class='ocrx_word' id='word_1_500' title='bbox 3775 2434 3972 2498; x_wconf 92' lang='lat' dir='ltr'><strong>quam</strong></span> <span class='ocrx_word' id='word_1_501' title='bbox 4026 2412 4198 2498; x_wconf 90' lang='lat' dir='ltr'><strong>quod</strong></span> <span class='ocrx_word' id='word_1_502' title='bbox 4257 2433 4329 2478; x_wconf 91' lang='lat' dir='ltr'><strong>se</strong></span> <span class='ocrx_word' id='word_1_503' title='bbox 4391 2411 4644 2478; x_wconf 87' lang='lat' dir='ltr'><strong>alicubi</strong></span> 
     </span>
     <span class='ocr_line' id='line_1_74' title="bbox 2682 2499 4644 2581; baseline -0.001 -16"><span class='ocrx_word' id='word_1_504' title='bbox 2682 2502 2754 2565; x_wconf 89' lang='lat' dir='ltr'><strong>in</strong></span> <span class='ocrx_word' id='word_1_505' title='bbox 2797 2508 3061 2566; x_wconf 88' lang='lat' dir='ltr'><strong>antrum</strong></span> <span class='ocrx_word' id='word_1_506' title='bbox 3102 2501 3270 2567; x_wconf 86' lang='lat' dir='ltr'><strong>forte</strong></span> <span class='ocrx_word' id='word_1_507' title='bbox 3302 2502 3732 2567; x_wconf 88' lang='lat' dir='ltr'><strong>monasticum</strong></span> <span class='ocrx_word' id='word_1_508' title='bbox 3767 2499 4064 2578; x_wconf 86' lang='lat' dir='ltr'><strong>detrusit,</strong></span> <span class='ocrx_word' id='word_1_509' title='bbox 4109 2499 4378 2564; x_wconf 87' lang='lat' dir='ltr'><strong>tametsi</strong></span> <span class='ocrx_word' id='word_1_510' title='bbox 4419 2518 4644 2581; x_wconf 89' lang='lat' dir='ltr'><strong>neque</strong></span> 
     </span>
     <span class='ocr_line' id='line_1_75' title="bbox 2683 2581 4644 2736; baseline -0.002 -85"><span class='ocrx_word' id='word_1_511' title='bbox 2683 2586 2883 2651; x_wconf 90' lang='lat' dir='ltr'><strong>huius</strong></span> <span class='ocrx_word' id='word_1_512' title='bbox 2968 2585 3278 2736; x_wconf 62' lang='lat' dir='ltr'><strong>uidfluam</strong></span> <span class='ocrx_word' id='word_1_513' title='bbox 3315 2587 3485 2656; x_wconf 85' lang='lat' dir='ltr'><strong>scio.</strong></span> <span class='ocrx_word' id='word_1_514' title='bbox 3584 2586 3695 2651; x_wconf 82' lang='lat' dir='ltr'><strong>Ex</strong></span> <span class='ocrx_word' id='word_1_515' title='bbox 3750 2607 3899 2652; x_wconf 91' lang='lat' dir='ltr'><strong>mea</strong></span> <span class='ocrx_word' id='word_1_516' title='bbox 3952 2585 4168 2684; x_wconf 82' lang='lat' dir='ltr'><strong>patria</strong></span> <span class='ocrx_word' id='word_1_517' title='bbox 4207 2603 4400 2650; x_wconf 92' lang='lat' dir='ltr'><strong>nemo</strong></span> <span class='ocrx_word' id='word_1_518' title='bbox 4443 2581 4644 2667; x_wconf 88' lang='lat' dir='ltr'><strong>quid-</strong></span> 
     </span>
     <span class='ocr_line' id='line_1_76' title="bbox 2683 2669 4643 2754; baseline -0.001 -17"><span class='ocrx_word' id='word_1_519' title='bbox 2683 2693 2882 2754; x_wconf 89' lang='lat' dir='ltr'><strong>quam</strong></span> <span class='ocrx_word' id='word_1_520' title='bbox 2969 2692 3008 2737; x_wconf 91' lang='lat' dir='ltr'><strong>e</strong></span> <span class='ocrx_word' id='word_1_521' title='bbox 3049 2672 3072 2735; x_wconf 94' lang='lat' dir='ltr'><strong>i</strong></span> <span class='ocrx_word' id='word_1_522' title='bbox 3123 2691 3163 2736; x_wconf 93' lang='lat' dir='ltr'><strong>o</strong></span> <span class='ocrx_word' id='word_1_523' title='bbox 3205 2672 3288 2737; x_wconf 89' lang='lat' dir='ltr'><strong>ad</strong></span> <span class='ocrx_word' id='word_1_524' title='bbox 3331 2693 3437 2737; x_wconf 91' lang='lat' dir='ltr'><strong>me</strong></span> <span class='ocrx_word' id='word_1_525' title='bbox 3479 2672 3721 2752; x_wconf 90' lang='lat' dir='ltr'><strong>scribit,</strong></span> <span class='ocrx_word' id='word_1_526' title='bbox 3768 2679 3845 2737; x_wconf 91' lang='lat' dir='ltr'><strong>ut</strong></span> <span class='ocrx_word' id='word_1_527' title='bbox 3885 2670 4022 2737; x_wconf 82' lang='grc' dir='ltr'>ι11ιο</span> <span class='ocrx_word' id='word_1_528' title='bbox 4060 2690 4212 2736; x_wconf 91' lang='lat' dir='ltr'><strong>eum</strong></span> <span class='ocrx_word' id='word_1_529' title='bbox 4253 2690 4399 2737; x_wconf 91' lang='lat' dir='ltr'><strong>esse</strong></span> <span class='ocrx_word' id='word_1_530' title='bbox 4433 2669 4643 2753; x_wconf 87' lang='lat' dir='ltr'><strong>plane</strong></span> 
     </span>
     <span class='ocr_line' id='line_1_77' title="bbox 2682 2755 4642 2840; baseline -0.001 -18"><span class='ocrx_word' id='word_1_531' title='bbox 2682 2778 2815 2822; x_wconf 92' lang='lat' dir='ltr'><strong>non</strong></span> <span class='ocrx_word' id='word_1_532' title='bbox 2857 2764 3104 2840; x_wconf 76' lang='lat' dir='ltr'><strong>putem.</strong></span> <span class='ocrx_word' id='word_1_533' title='bbox 3184 2755 3321 2823; x_wconf 81' lang='lat' dir='ltr'><strong>Sed</strong></span> <span class='ocrx_word' id='word_1_534' title='bbox 3364 2759 3489 2823; x_wconf 90' lang='lat' dir='ltr'><strong>etsi</strong></span> <span class='ocrx_word' id='word_1_535' title='bbox 3544 2758 3657 2823; x_wconf 92' lang='lat' dir='ltr'><strong>ubi</strong></span> <span class='ocrx_word' id='word_1_536' title='bbox 3712 2756 3825 2822; x_wconf 92' lang='lat' dir='ltr'><strong>ille</strong></span> <span class='ocrx_word' id='word_1_537' title='bbox 3881 2757 3969 2822; x_wconf 90' lang='lat' dir='ltr'><strong>sit</strong></span> <span class='ocrx_word' id='word_1_538' title='bbox 4009 2777 4278 2840; x_wconf 90' lang='lat' dir='ltr'><strong>prorsus</strong></span> <span class='ocrx_word' id='word_1_539' title='bbox 4319 2755 4642 2833; x_wconf 82' lang='lat' dir='ltr'><strong>nesciam,</strong></span> 
     </span>
     <span class='ocr_line' id='line_1_78' title="bbox 2684 2839 4644 2926; baseline -0.001 -18"><span class='ocrx_word' id='word_1_540' title='bbox 2684 2863 2897 2925; x_wconf 88' lang='lat' dir='ltr'><strong>neque</strong></span> <span class='ocrx_word' id='word_1_541' title='bbox 2937 2842 3291 2926; x_wconf 88' lang='lat' dir='ltr'><strong>quidquam</strong></span> <span class='ocrx_word' id='word_1_542' title='bbox 3343 2841 3426 2907; x_wconf 90' lang='lat' dir='ltr'><strong>ab</strong></span> <span class='ocrx_word' id='word_1_543' title='bbox 3478 2843 3592 2908; x_wconf 90' lang='lat' dir='ltr'><strong>illo</strong></span> <span class='ocrx_word' id='word_1_544' title='bbox 3645 2851 3760 2908; x_wconf 91' lang='lat' dir='ltr'><strong>aut</strong></span> <span class='ocrx_word' id='word_1_545' title='bbox 3800 2841 3966 2907; x_wconf 88' lang='lat' dir='ltr'><strong>mihi</strong></span> <span class='ocrx_word' id='word_1_546' title='bbox 4008 2850 4126 2907; x_wconf 91' lang='lat' dir='ltr'><strong>aut</strong></span> <span class='ocrx_word' id='word_1_547' title='bbox 4166 2841 4288 2908; x_wconf 92' lang='lat' dir='ltr'><strong>tibi</strong></span> <span class='ocrx_word' id='word_1_548' title='bbox 4330 2847 4445 2906; x_wconf 91' lang='lat' dir='ltr'><strong>aut</strong></span> <span class='ocrx_word' id='word_1_549' title='bbox 4487 2839 4644 2907; x_wconf 87' lang='lat' dir='ltr'><strong>aliis</strong></span> 
     </span>
     <span class='ocr_line' id='line_1_79' title="bbox 2685 2927 4646 3012; baseline -0.002 -18"><span class='ocrx_word' id='word_1_550' title='bbox 2685 2929 2883 2994; x_wconf 88' lang='lat' dir='ltr'><strong>etiam</strong></span> <span class='ocrx_word' id='word_1_551' title='bbox 2919 2927 3430 3011; x_wconf 79' lang='lat' dir='ltr'><strong>exspectandum</strong></span> <span class='ocrx_word' id='word_1_552' title='bbox 3465 2948 3608 2995; x_wconf 89' lang='lat' dir='ltr'><strong>esse</strong></span> <span class='ocrx_word' id='word_1_553' title='bbox 3628 2928 3909 3007; x_wconf 90' lang='lat' dir='ltr'><strong>credam,</strong></span> <span class='ocrx_word' id='word_1_554' title='bbox 3945 2948 4065 3012; x_wconf 88' lang='lat' dir='ltr'><strong>ego</strong></span> <span class='ocrx_word' id='word_1_555' title='bbox 4101 2936 4343 3004; x_wconf 90' lang='lat' dir='ltr'><strong>tamen,</strong></span> <span class='ocrx_word' id='word_1_556' title='bbox 4377 2935 4646 3009; x_wconf 84' lang='lat' dir='ltr'><strong>postea-</strong></span> 
     </span>
     <span class='ocr_line' id='line_1_80' title="bbox 2684 3011 4646 3098; baseline -0.002 -20"><span class='ocrx_word' id='word_1_557' title='bbox 2684 3035 2881 3097; x_wconf 87' lang='lat' dir='ltr'><strong>quam</strong></span> <span class='ocrx_word' id='word_1_558' title='bbox 2923 3014 2996 3078; x_wconf 90' lang='lat' dir='ltr'><strong>in</strong></span> <span class='ocrx_word' id='word_1_559' title='bbox 3038 3013 3327 3080; x_wconf 88' lang='lat' dir='ltr'><strong>nominis</strong></span> <span class='ocrx_word' id='word_1_560' title='bbox 3369 3015 3498 3079; x_wconf 90' lang='lat' dir='ltr'><strong>mei</strong></span> <span class='ocrx_word' id='word_1_561' title='bbox 3547 3015 3830 3098; x_wconf 84' lang='lat' dir='ltr'><strong>gratiam</strong></span> <span class='ocrx_word' id='word_1_562' title='bbox 3871 3022 4131 3078; x_wconf 88' lang='lat' dir='ltr'><strong>tantum</strong></span> <span class='ocrx_word' id='word_1_563' title='bbox 4171 3014 4245 3077; x_wconf 92' lang='lat' dir='ltr'><strong>in</strong></span> <span class='ocrx_word' id='word_1_564' title='bbox 4285 3011 4476 3077; x_wconf 85' lang='lat' dir='ltr'><strong>illum</strong></span> <span class='ocrx_word' id='word_1_565' title='bbox 4520 3011 4646 3076; x_wconf 86' lang='lat' dir='ltr'><strong>be·</strong></span> 
     </span>
     <span class='ocr_line' id='line_1_81' title="bbox 2685 3097 4648 3185; baseline -0.002 -20"><span class='ocrx_word' id='word_1_566' title='bbox 2685 3100 2994 3166; x_wconf 89' lang='lat' dir='ltr'><strong>neficium</strong></span> <span class='ocrx_word' id='word_1_567' title='bbox 3036 3098 3369 3166; x_wconf 89' lang='lat' dir='ltr'><strong>contulisti</strong></span> <span class='ocrx_word' id='word_1_568' title='bbox 3387 3151 3403 3178; x_wconf 93' lang='lat'><strong>,</strong></span> <span class='ocrx_word' id='word_1_569' title='bbox 3458 3119 3767 3185; x_wconf 86' lang='lat' dir='ltr'><strong>magnam</strong></span> <span class='ocrx_word' id='word_1_570' title='bbox 3808 3099 3933 3165; x_wconf 88' lang='lat' dir='ltr'><strong>tibi</strong></span> <span class='ocrx_word' id='word_1_571' title='bbox 3973 3098 4180 3164; x_wconf 87' lang='lat' dir='ltr'><strong>habeo</strong></span> <span class='ocrx_word' id='word_1_572' title='bbox 4341 3097 4522 3177; x_wconf 88' lang='lat' dir='ltr'><strong>tiam,</strong></span> <span class='ocrx_word' id='word_1_573' title='bbox 4571 3105 4648 3162; x_wconf 92' lang='lat' dir='ltr'><strong>et</strong></span> 
     </span>
     <span class='ocr_line' id='line_1_82' title="bbox 2685 3183 4646 3269; baseline -0.002 -18"><span class='ocrx_word' id='word_1_574' title='bbox 2685 3186 2907 3251; x_wconf 89' lang='lat' dir='ltr'><strong>inme</strong></span> <span class='ocrx_word' id='word_1_575' title='bbox 2947 3183 3017 3250; x_wconf 92' lang='lat' dir='ltr'><strong>id</strong></span> <span class='ocrx_word' id='word_1_576' title='bbox 3060 3184 4219 3269; x_wconf 81' lang='lat' dir='ltr'><strong>totumabstcprotuavirtuteco</strong></span> <span class='ocrx_word' id='word_1_577' title='bbox 4271 3191 4646 3249; x_wconf 90' lang='lat' dir='ltr'><strong>atumesse</strong></span> 
     </span>
     <span class='ocr_line' id='line_1_83' title="bbox 2687 3268 4646 3356; baseline -0.001 -19"><span class='ocrx_word' id='word_1_578' title='bbox 2687 3272 2960 3354; x_wconf 87' lang='lat' dir='ltr'><strong>putab0‚</strong></span> <span class='ocrx_word' id='word_1_579' title='bbox 3015 3268 3306 3355; x_wconf 85' lang='lat' dir='ltr'><strong>daboque</strong></span> <span class='ocrx_word' id='word_1_580' title='bbox 3360 3292 3626 3356; x_wconf 85' lang='lat' dir='ltr'><strong>operam</strong></span> <span class='ocrx_word' id='word_1_581' title='bbox 3681 3279 3761 3337; x_wconf 89' lang='lat' dir='ltr'><strong>ut</strong></span> <span class='ocrx_word' id='word_1_582' title='bbox 3802 3270 3926 3338; x_wconf 88' lang='lat' dir='ltr'><strong>sub</strong></span> <span class='ocrx_word' id='word_1_583' title='bbox 3968 3269 4298 3336; x_wconf 87' lang='lat' dir='ltr'><strong>nundinas</strong></span> <span class='ocrx_word' id='word_1_584' title='bbox 4338 3268 4646 3335; x_wconf 79' lang='lat' dir='ltr'><strong>Franco·</strong></span> 
     </span>
     <span class='ocr_line' id='line_1_84' title="bbox 2685 3354 4648 3438; baseline -0.002 -16"><span class='ocrx_word' id='word_1_585' title='bbox 2685 3356 3043 3424; x_wconf 87' lang='lat' dir='ltr'><strong>fordienses</strong></span> <span class='ocrx_word' id='word_1_586' title='bbox 3076 3356 3213 3438; x_wconf 89' lang='lat' dir='ltr'><strong>tibi,</strong></span> <span class='ocrx_word' id='word_1_587' title='bbox 3259 3357 3365 3423; x_wconf 82' lang='lat' dir='ltr'><strong>vir</strong></span> <span class='ocrx_word' id='word_1_588' title='bbox 3400 3357 3826 3438; x_wconf 80' lang='lat' dir='ltr'><strong>sanctissime,</strong></span> <span class='ocrx_word' id='word_1_589' title='bbox 3871 3355 4164 3423; x_wconf 88' lang='lat' dir='ltr'><strong>satisfiat.</strong></span> <span class='ocrx_word' id='word_1_590' title='bbox 4251 3354 4316 3419; x_wconf 86' lang='lat' dir='ltr'>N</span> <span class='ocrx_word' id='word_1_591' title='bbox 4316 3354 4421 3420; x_wconf 95' lang='lat' dir='ltr'><strong>olo</strong></span> <span class='ocrx_word' id='word_1_592' title='bbox 4455 3354 4648 3420; x_wconf 89' lang='lat' dir='ltr'><strong>enim</strong></span> 
     </span>
     <span class='ocr_line' id='line_1_85' title="bbox 2687 3439 4648 3526; baseline -0.003 -18"><span class='ocrx_word' id='word_1_593' title='bbox 2687 3451 2763 3508; x_wconf 91' lang='lat' dir='ltr'><strong>ut</strong></span> <span class='ocrx_word' id='word_1_594' title='bbox 2806 3443 2928 3509; x_wconf 90' lang='lat' dir='ltr'><strong>tibi</strong></span> <span class='ocrx_word' id='word_1_595' title='bbox 2968 3442 3184 3507; x_wconf 85' lang='lat' dir='ltr'><strong>fraudi</strong></span> <span class='ocrx_word' id='word_1_596' title='bbox 3228 3443 3317 3509; x_wconf 90' lang='lat' dir='ltr'><strong>sit</strong></span> <span class='ocrx_word' id='word_1_597' title='bbox 3357 3445 3556 3509; x_wconf 89' lang='lat' dir='ltr'><strong>etiam</strong></span> <span class='ocrx_word' id='word_1_598' title='bbox 3596 3443 3784 3509; x_wconf 85' lang='lat' dir='ltr'><strong>fucus</strong></span> <span class='ocrx_word' id='word_1_599' title='bbox 3818 3444 3956 3526; x_wconf 85' lang='lat' dir='ltr'><strong>ipse</strong></span> <span class='ocrx_word' id='word_1_600' title='bbox 3990 3441 4121 3507; x_wconf 91' lang='lat' dir='ltr'><strong>mei</strong></span> <span class='ocrx_word' id='word_1_601' title='bbox 4163 3439 4466 3520; x_wconf 88' lang='lat' dir='ltr'><strong>nominis,</strong></span> <span class='ocrx_word' id='word_1_602' title='bbox 4513 3439 4648 3504; x_wconf 91' lang='lat' dir='ltr'><strong>tibi</strong></span> 
     </span>
     <span class='ocr_line' id='line_1_86' title="bbox 2685 3525 4646 3613; baseline -0.002 -19"><span class='ocrx_word' id='word_1_603' title='bbox 2685 3528 2956 3611; x_wconf 89' lang='lat' dir='ltr'><strong>inquam</strong></span> <span class='ocrx_word' id='word_1_604' title='bbox 2999 3549 3194 3612; x_wconf 90' lang='lat' dir='ltr'><strong>quem</strong></span> <span class='ocrx_word' id='word_1_605' title='bbox 3237 3549 3358 3613; x_wconf 87' lang='lat' dir='ltr'><strong>ego</strong></span> <span class='ocrx_word' id='word_1_606' title='bbox 3410 3550 3545 3595; x_wconf 91' lang='lat' dir='ltr'><strong>non</strong></span> <span class='ocrx_word' id='word_1_607' title='bbox 3608 3528 3736 3595; x_wconf 86' lang='lat' dir='ltr'><strong>alio</strong></span> <span class='ocrx_word' id='word_1_608' title='bbox 3790 3547 3985 3612; x_wconf 90' lang='lat' dir='ltr'><strong>quam</strong></span> <span class='ocrx_word' id='word_1_609' title='bbox 4040 3528 4246 3610; x_wconf 84' lang='lat' dir='ltr'><strong>patris</strong></span> <span class='ocrx_word' id='word_1_610' title='bbox 4301 3525 4441 3593; x_wconf 91' lang='lat' dir='ltr'><strong>loco</strong></span> <span class='ocrx_word' id='word_1_611' title='bbox 4485 3545 4646 3590; x_wconf 88' lang='lat' dir='ltr'><strong>amo</strong></span> 
     </span>
    </p>
   </div>
   <div class='ocr_carea' id='block_1_13' title="bbox 2594 3614 3277 3681">
    <p class='ocr_par' dir='ltr' id='par_1_18' title="bbox 2594 3614 3277 3681">
     <span class='ocr_line' id='line_1_87' title="bbox 2594 3614 3277 3681; baseline 0 -1"><span class='ocrx_word' id='word_1_612' title='bbox 2594 3637 2600 3643; x_wconf 89' lang='lat'><strong>·</strong></span> <span class='ocrx_word' id='word_1_613' title='bbox 2687 3633 2966 3680; x_wconf 84' lang='lat' dir='ltr'><strong>veneror</strong></span> <span class='ocrx_word' id='word_1_614' title='bbox 3009 3620 3077 3679; x_wconf 88' lang='lat' dir='ltr'><strong>et</strong></span> <span class='ocrx_word' id='word_1_615' title='bbox 3119 3614 3277 3681; x_wconf 87' lang='lat' dir='ltr'><strong>cole.</strong></span> 
     </span>
    </p>
   </div>
   <div class='ocr_carea' id='block_1_14' title="bbox 2683 3697 4647 5067">
    <p class='ocr_par' dir='ltr' id='par_1_19' title="bbox 2683 3697 4647 4022">
     <span class='ocr_line' id='line_1_88' title="bbox 2858 3697 4647 3780; baseline -0.002 -15"><span class='ocrx_word' id='word_1_616' title='bbox 2858 3697 3177 3780; x_wconf 78' lang='lat' dir='ltr'><strong>Quintam</strong></span> <span class='ocrx_word' id='word_1_617' title='bbox 3231 3707 3413 3767; x_wconf 91' lang='lat' dir='ltr'><strong>tuam</strong></span> <span class='ocrx_word' id='word_1_618' title='bbox 3472 3699 3806 3766; x_wconf 89' lang='lat' dir='ltr'><strong>Decadem</strong></span> <span class='ocrx_word' id='word_1_619' title='bbox 3871 3719 4004 3765; x_wconf 89' lang='lat' dir='ltr'><strong>non</strong></span> <span class='ocrx_word' id='word_1_620' title='bbox 4065 3697 4250 3763; x_wconf 90' lang='lat' dir='ltr'><strong>licuit</strong></span> <span class='ocrx_word' id='word_1_621' title='bbox 4311 3697 4647 3764; x_wconf 86' lang='lat' dir='ltr'><strong>hactenus</strong></span> 
     </span>
     <span class='ocr_line' id='line_1_89' title="bbox 2683 3781 4644 3871; baseline -0.001 -21"><span class='ocrx_word' id='word_1_622' title='bbox 2683 3805 2920 3851; x_wconf 83' lang='lat' dir='ltr'><strong>revera</strong></span> <span class='ocrx_word' id='word_1_623' title='bbox 2960 3793 3168 3851; x_wconf 88' lang='lat' dir='ltr'><strong>totam</strong></span> <span class='ocrx_word' id='word_1_624' title='bbox 3209 3785 3544 3871; x_wconf 86' lang='lat' dir='ltr'><strong>perlegere</strong></span> <span class='ocrx_word' id='word_1_625' title='bbox 3558 3837 3576 3864; x_wconf 97' lang='lat'><strong>,</strong></span> <span class='ocrx_word' id='word_1_626' title='bbox 3636 3784 3751 3851; x_wconf 90' lang='lat' dir='ltr'><strong>sed</strong></span> <span class='ocrx_word' id='word_1_627' title='bbox 3808 3806 3973 3868; x_wconf 88' lang='lat' dir='ltr'><strong>quae</strong></span> <span class='ocrx_word' id='word_1_628' title='bbox 4027 3783 4159 3867; x_wconf 84' lang='lat' dir='ltr'><strong>legi</strong></span> <span class='ocrx_word' id='word_1_629' title='bbox 4212 3784 4432 3849; x_wconf 90' lang='lat' dir='ltr'><strong>omnia</strong></span> <span class='ocrx_word' id='word_1_630' title='bbox 4489 3781 4644 3866; x_wconf 79' lang='lat' dir='ltr'><strong>pla-</strong></span> 
     </span>
     <span class='ocr_line' id='line_1_90' title="bbox 2683 3869 4642 4022; baseline 0.001 -87"><span class='ocrx_word' id='word_1_631' title='bbox 2683 3877 2856 4022; x_wconf 54' lang='lat'><strong>‘3⁰¹⁵’</strong></span> <span class='ocrx_word' id='word_1_632' title='bbox 2901 3877 2968 3935; x_wconf 91' lang='lat' dir='ltr'><strong>et</strong></span> <span class='ocrx_word' id='word_1_633' title='bbox 3009 3892 3129 3954; x_wconf 87' lang='lat' dir='ltr'><strong>pro</strong></span> <span class='ocrx_word' id='word_1_634' title='bbox 3172 3870 3360 3937; x_wconf 89' lang='lat' dir='ltr'><strong>donis</strong></span> <span class='ocrx_word' id='word_1_635' title='bbox 3401 3871 3474 3936; x_wconf 90' lang='lat' dir='ltr'><strong>in</strong></span> <span class='ocrx_word' id='word_1_636' title='bbox 3515 3878 3583 3936; x_wconf 90' lang='lat' dir='ltr'><strong>te</strong></span> <span class='ocrx_word' id='word_1_637' title='bbox 3618 3871 3870 3939; x_wconf 87' lang='lat' dir='ltr'><strong>collatis</strong></span> <span class='ocrx_word' id='word_1_638' title='bbox 3914 3870 4160 3956; x_wconf 84' lang='lat' dir='ltr'><strong>gratias</strong></span> <span class='ocrx_word' id='word_1_639' title='bbox 4194 3890 4317 3953; x_wconf 84' lang='lat' dir='ltr'><strong>ago</strong></span> <span class='ocrx_word' id='word_1_640' title='bbox 4340 3869 4642 3936; x_wconf 87' lang='lat' dir='ltr'><strong>Domino</strong></span> 
     </span>
    </p>

    <p class='ocr_par' dir='ltr' id='par_1_20' title="bbox 2751 3964 3306 4023">
     <span class='ocr_line' id='line_1_91' title="bbox 2751 3964 3306 4023; baseline -0.005 -1"><span class='ocrx_word' id='word_1_641' title='bbox 2751 3977 2828 4022; x_wconf 94' lang='lat' dir='ltr'><strong>eo</strong></span> <span class='ocrx_word' id='word_1_642' title='bbox 2869 3964 3110 4023; x_wconf 89' lang='lat' dir='ltr'><strong>nostro.</strong></span> <span class='ocrx_word' id='word_1_643' title='bbox 3296 3992 3306 3998; x_wconf 89' lang='lat'><strong>·</strong></span> 
     </span>
    </p>

    <p class='ocr_par' dir='ltr' id='par_1_21' title="bbox 2684 4040 4642 4280">
     <span class='ocr_line' id='line_1_92' title="bbox 2857 4040 4642 4123; baseline 0 -16"><span class='ocrx_word' id='word_1_644' title='bbox 2857 4040 3045 4123; x_wconf 76' lang='lat' dir='ltr'><strong>Quae</strong></span> <span class='ocrx_word' id='word_1_645' title='bbox 3086 4040 3377 4108; x_wconf 66' lang='lat' dir='ltr'><strong>Bucen-us</strong></span> <span class='ocrx_word' id='word_1_646' title='bbox 3418 4050 3569 4107; x_wconf 90' lang='lat' dir='ltr'><strong>ante</strong></span> <span class='ocrx_word' id='word_1_647' title='bbox 3624 4049 3903 4109; x_wconf 88' lang='lat' dir='ltr'><strong>mortem</strong></span> <span class='ocrx_word' id='word_1_648' title='bbox 3947 4042 4028 4107; x_wconf 89' lang='lat' dir='ltr'><strong>de</strong></span> <span class='ocrx_word' id='word_1_649' title='bbox 4067 4063 4142 4106; x_wconf 90' lang='lat' dir='ltr'><strong>re</strong></span> <span class='ocrx_word' id='word_1_650' title='bbox 4186 4047 4642 4108; x_wconf 71' lang='lat' dir='ltr'><strong>sacramenta-</strong></span> 
     </span>
     <span class='ocr_line' id='line_1_93' title="bbox 2684 4127 4642 4280; baseline 0 -87"><span class='ocrx_word' id='word_1_651' title='bbox 2684 4129 3083 4280; x_wconf 52' lang='grc' dir='ltr'>ἱιὲδὲοοιιιῑι</span> <span class='ocrx_word' id='word_1_652' title='bbox 3093 4128 3327 4277; x_wconf 53' lang='grc' dir='ltr'><strong>15οςθιζιι</strong></span> <span class='ocrx_word' id='word_1_653' title='bbox 3367 4127 4234 4280; x_wconf 51' lang='lat' dir='ltr'><strong>egqueDillbg-mrim</strong></span> <span class='ocrx_word' id='word_1_654' title='bbox 4278 4145 4452 4226; x_wconf 83' lang='lat' dir='ltr'><strong>nuno</strong></span> <span class='ocrx_word' id='word_1_655' title='bbox 4496 4146 4642 4193; x_wconf 92' lang='lat' dir='ltr'><strong>non</strong></span> 
     </span>
    </p>

    <p class='ocr_par' dir='ltr' id='par_1_22' title="bbox 2683 4232 4643 5051">
     <span class='ocr_line' id='line_1_94' title="bbox 2908 4232 4641 4286; baseline 0.001 -7"><span class='ocrx_word' id='word_1_656' title='bbox 2908 4235 3093 4279; x_wconf 90' lang='lat' dir='ltr'><strong>:sun</strong></span> <span class='ocrx_word' id='word_1_657' title='bbox 3164 4233 3516 4279; x_wconf 87' lang='lat' dir='ltr'><strong>emmau</strong></span> <span class='ocrx_word' id='word_1_658' title='bbox 3673 4264 3686 4278; x_wconf 93' lang='lat'><strong>.</strong></span> <span class='ocrx_word' id='word_1_659' title='bbox 4133 4232 4245 4286; x_wconf 78' lang='lat' dir='ltr'><strong>em,</strong></span> <span class='ocrx_word' id='word_1_660' title='bbox 4333 4234 4404 4277; x_wconf 91' lang='grc' dir='ltr'><strong>ιιι</strong></span> <span class='ocrx_word' id='word_1_661' title='bbox 4445 4232 4641 4280; x_wconf 87' lang='lat' dir='ltr'><strong>nune</strong></span> 
     </span>
     <span class='ocr_line' id='line_1_95' title="bbox 2684 4234 4641 4382; baseline -0.002 -17"><span class='ocrx_word' id='word_1_662' title='bbox 2684 4299 2839 4366; x_wconf 88' lang='lat' dir='ltr'><strong>hinc</strong></span> <span class='ocrx_word' id='word_1_663' title='bbox 2881 4299 3079 4366; x_wconf 89' lang='lat' dir='ltr'><strong>abest.</strong></span> <span class='ocrx_word' id='word_1_664' title='bbox 3100 4301 3159 4374; x_wconf 76' lang='grc'><strong>2)</strong></span> <span class='ocrx_word' id='word_1_665' title='bbox 3244 4298 3378 4364; x_wconf 91' lang='lat' dir='ltr'><strong>Ubi</strong></span> <span class='ocrx_word' id='word_1_666' title='bbox 3419 4234 3679 4365; x_wconf 47' lang='lat' dir='ltr'><strong>{ursum</strong></span> <span class='ocrx_word' id='word_1_667' title='bbox 3736 4299 4027 4366; x_wconf 90' lang='lat' dir='ltr'><strong>habuero</strong></span> <span class='ocrx_word' id='word_1_668' title='bbox 4070 4234 4393 4382; x_wconf 60' lang='lat' dir='ltr'><strong>descriplta</strong></span> <span class='ocrx_word' id='word_1_669' title='bbox 4434 4296 4522 4362; x_wconf 91' lang='lat' dir='ltr'><strong>ad</strong></span> <span class='ocrx_word' id='word_1_670' title='bbox 4565 4307 4641 4362; x_wconf 84' lang='lat' dir='ltr'><strong>te</strong></span> 
     </span>
     <span class='ocr_line' id='line_1_96' title="bbox 2683 4382 4638 4468; baseline -0.001 -17"><span class='ocrx_word' id='word_1_671' title='bbox 2683 4386 3144 4451; x_wconf 85' lang='lat' dir='ltr'><strong>transmittam.</strong></span> <span class='ocrx_word' id='word_1_672' title='bbox 3248 4382 3596 4451; x_wconf 79' lang='lat' dir='ltr'><strong>Miraberis</strong></span> <span class='ocrx_word' id='word_1_673' title='bbox 3611 4436 3628 4464; x_wconf 94' lang='lat'><strong>,</strong></span> <span class='ocrx_word' id='word_1_674' title='bbox 3691 4393 3795 4452; x_wconf 85' lang='lat' dir='ltr'><strong>sat</strong></span> <span class='ocrx_word' id='word_1_675' title='bbox 3857 4386 4008 4463; x_wconf 91' lang='lat' dir='ltr'><strong>scio,</strong></span> <span class='ocrx_word' id='word_1_676' title='bbox 4074 4384 4185 4450; x_wconf 92' lang='lat' dir='ltr'><strong>ubi</strong></span> <span class='ocrx_word' id='word_1_677' title='bbox 4249 4382 4638 4468; x_wconf 87' lang='lat' dir='ltr'><strong>perlegeris.</strong></span> 
     </span>
     <span class='ocr_line' id='line_1_97' title="bbox 2685 4466 4643 4557; baseline -0.003 -19"><span class='ocrx_word' id='word_1_678' title='bbox 2685 4469 2939 4557; x_wconf 78' lang='lat' dir='ltr'><strong>Scripsi</strong></span> <span class='ocrx_word' id='word_1_679' title='bbox 2981 4468 3067 4536; x_wconf 88' lang='lat' dir='ltr'><strong>ad</strong></span> <span class='ocrx_word' id='word_1_680' title='bbox 3109 4477 3175 4535; x_wconf 88' lang='lat' dir='ltr'><strong>te</strong></span> <span class='ocrx_word' id='word_1_681' title='bbox 3207 4489 3420 4553; x_wconf 88' lang='lat' dir='ltr'><strong>nuper</strong></span> <span class='ocrx_word' id='word_1_682' title='bbox 3461 4468 3542 4535; x_wconf 90' lang='lat' dir='ltr'><strong>de</strong></span> <span class='ocrx_word' id='word_1_683' title='bbox 3587 4470 3893 4552; x_wconf 74' lang='lat' dir='ltr'><strong>Mus-culo,</strong></span> <span class='ocrx_word' id='word_1_684' title='bbox 3943 4470 4324 4537; x_wconf 78' lang='lat' dir='ltr'><strong>Bibliandro</strong></span> <span class='ocrx_word' id='word_1_685' title='bbox 4366 4476 4435 4534; x_wconf 91' lang='lat' dir='ltr'><strong>et</strong></span> <span class='ocrx_word' id='word_1_686' title='bbox 4481 4466 4643 4534; x_wconf 78' lang='lat' dir='ltr'><strong>Cas-</strong></span> 
     </span>
     <span class='ocr_line' id='line_1_98' title="bbox 2683 4553 4640 4641; baseline -0.002 -19"><span class='ocrx_word' id='word_1_687' title='bbox 2683 4557 2949 4635; x_wconf 76' lang='lat' dir='ltr'><strong>tellione,</strong></span> <span class='ocrx_word' id='word_1_688' title='bbox 2992 4556 3050 4622; x_wconf 90' lang='lat' dir='ltr'><strong>si</strong></span> <span class='ocrx_word' id='word_1_689' title='bbox 3090 4577 3217 4639; x_wconf 94' lang='lat' dir='ltr'><strong>quo</strong></span> <span class='ocrx_word' id='word_1_690' title='bbox 3258 4553 3452 4620; x_wconf 91' lang='lat' dir='ltr'><strong>modo</strong></span> <span class='ocrx_word' id='word_1_691' title='bbox 3494 4553 3715 4623; x_wconf 91' lang='lat' dir='ltr'><strong>induci</strong></span> <span class='ocrx_word' id='word_1_692' title='bbox 3757 4557 4009 4641; x_wconf 87' lang='lat' dir='ltr'><strong>possint</strong></span> <span class='ocrx_word' id='word_1_693' title='bbox 4050 4564 4126 4622; x_wconf 89' lang='lat' dir='ltr'><strong>ut</strong></span> <span class='ocrx_word' id='word_1_694' title='bbox 4166 4556 4296 4622; x_wconf 88' lang='lat' dir='ltr'><strong>huc</strong></span> <span class='ocrx_word' id='word_1_695' title='bbox 4338 4553 4640 4622; x_wconf 80' lang='lat' dir='ltr'><strong>veniant.</strong></span> 
     </span>
     <span class='ocr_line' id='line_1_99' title="bbox 2685 4638 4640 4725; baseline -0.001 -17"><span class='ocrx_word' id='word_1_696' title='bbox 2685 4641 2875 4708; x_wconf 91' lang='lat' dir='ltr'><strong>Idem</strong></span> <span class='ocrx_word' id='word_1_697' title='bbox 2915 4662 3075 4708; x_wconf 78' lang='lat' dir='ltr'><strong>vero</strong></span> <span class='ocrx_word' id='word_1_698' title='bbox 3117 4650 3187 4707; x_wconf 89' lang='lat' dir='ltr'><strong>et</strong></span> <span class='ocrx_word' id='word_1_699' title='bbox 3226 4661 3408 4707; x_wconf 90' lang='lat' dir='ltr'><strong>nunc</strong></span> <span class='ocrx_word' id='word_1_700' title='bbox 3450 4643 3750 4725; x_wconf 88' lang='lat' dir='ltr'><strong>optarim,</strong></span> <span class='ocrx_word' id='word_1_701' title='bbox 3794 4641 3910 4709; x_wconf 87' lang='lat' dir='ltr'><strong>sed</strong></span> <span class='ocrx_word' id='word_1_702' title='bbox 3952 4641 4143 4709; x_wconf 87' lang='lat' dir='ltr'><strong>audio</strong></span> <span class='ocrx_word' id='word_1_703' title='bbox 4185 4660 4397 4724; x_wconf 87' lang='lat' dir='ltr'><strong>neque</strong></span> <span class='ocrx_word' id='word_1_704' title='bbox 4439 4638 4640 4706; x_wconf 70' lang='lat' dir='ltr'><strong>Mus·</strong></span> 
     </span>
     <span class='ocr_line' id='line_1_100' title="bbox 2684 4726 4640 4812; baseline -0.002 -16"><span class='ocrx_word' id='word_1_705' title='bbox 2684 4727 2823 4796; x_wconf 76' lang='lat' dir='ltr'><strong>culo</strong></span> <span class='ocrx_word' id='word_1_706' title='bbox 2862 4747 3077 4812; x_wconf 89' lang='lat' dir='ltr'><strong>neque</strong></span> <span class='ocrx_word' id='word_1_707' title='bbox 3117 4726 3498 4793; x_wconf 78' lang='lat' dir='ltr'><strong>Bibliandro</strong></span> <span class='ocrx_word' id='word_1_708' title='bbox 3551 4735 3777 4794; x_wconf 85' lang='lat' dir='ltr'><strong>nostro</strong></span> <span class='ocrx_word' id='word_1_709' title='bbox 3833 4727 4030 4795; x_wconf 89' lang='lat' dir='ltr'><strong>licere</strong></span> <span class='ocrx_word' id='word_1_710' title='bbox 4081 4734 4159 4794; x_wconf 91' lang='lat' dir='ltr'><strong>ut</strong></span> <span class='ocrx_word' id='word_1_711' title='bbox 4198 4726 4325 4792; x_wconf 91' lang='lat' dir='ltr'><strong>hoc</strong></span> <span class='ocrx_word' id='word_1_712' title='bbox 4365 4726 4640 4793; x_wconf 65' lang='lat' dir='ltr'><strong>iaciant.</strong></span> 
     </span>
     <span class='ocr_line' id='line_1_101' title="bbox 2685 4810 4642 4898; baseline 0.001 -18"><span class='ocrx_word' id='word_1_713' title='bbox 2685 4813 2832 4898; x_wconf 82' lang='lat' dir='ltr'><strong>Ego</strong></span> <span class='ocrx_word' id='word_1_714' title='bbox 2875 4833 3035 4880; x_wconf 87' lang='lat' dir='ltr'><strong>sane</strong></span> <span class='ocrx_word' id='word_1_715' title='bbox 3077 4812 3357 4897; x_wconf 76' lang='lat' dir='ltr'><strong>optarim</strong></span> <span class='ocrx_word' id='word_1_716' title='bbox 3411 4811 3559 4880; x_wconf 90' lang='lat' dir='ltr'><strong>illos</strong></span> <span class='ocrx_word' id='word_1_717' title='bbox 3614 4811 3871 4892; x_wconf 88' lang='lat' dir='ltr'><strong>adesse,</strong></span> <span class='ocrx_word' id='word_1_718' title='bbox 3927 4812 4044 4878; x_wconf 87' lang='lat' dir='ltr'><strong>sed</strong></span> <span class='ocrx_word' id='word_1_719' title='bbox 4098 4813 4157 4877; x_wconf 89' lang='lat' dir='ltr'><strong>si</strong></span> <span class='ocrx_word' id='word_1_720' title='bbox 4198 4810 4269 4877; x_wconf 88' lang='lat' dir='ltr'><strong>id</strong></span> <span class='ocrx_word' id='word_1_721' title='bbox 4308 4811 4455 4879; x_wconf 89' lang='lat' dir='ltr'><strong>fieri</strong></span> <span class='ocrx_word' id='word_1_722' title='bbox 4496 4833 4642 4882; x_wconf 81' lang='lat' dir='ltr'><strong>non</strong></span> 
     </span>
     <span class='ocr_line' id='line_1_102' title="bbox 2685 4895 4640 5051; baseline -0.003 -84"><span class='ocrx_word' id='word_1_723' title='bbox 2685 4895 3963 5051; x_wconf 55' lang='lat' dir='ltr'><strong>msaltemdaoperam,quodin</strong></span> <span class='ocrx_word' id='word_1_724' title='bbox 4007 4905 4235 4976; x_wconf 67' lang='lat' dir='ltr'><strong>west,</strong></span> <span class='ocrx_word' id='word_1_725' title='bbox 4280 4904 4357 4962; x_wconf 89' lang='lat' dir='ltr'><strong>ut</strong></span> <span class='ocrx_word' id='word_1_726' title='bbox 4400 4895 4640 4962; x_wconf 74' lang='lat' dir='ltr'><strong>Castal-</strong></span> 
     </span>
    </p>

    <p class='ocr_par' dir='ltr' id='par_1_23' title="bbox 2724 4982 4638 5067">
     <span class='ocr_line' id='line_1_103' title="bbox 2724 4982 4638 5067; baseline -0.001 -18"><span class='ocrx_word' id='word_1_727' title='bbox 2724 4985 2739 4999; x_wconf 84' lang='lat'>‘</span> <span class='ocrx_word' id='word_1_728' title='bbox 2966 4991 3033 5049; x_wconf 90' lang='lat' dir='ltr'><strong>et</strong></span> <span class='ocrx_word' id='word_1_729' title='bbox 3091 4982 3388 5058; x_wconf 77' lang='lat' dir='ltr'><strong>Coelium</strong></span> <span class='ocrx_word' id='word_1_730' title='bbox 3449 4982 3780 5052; x_wconf 57' lang='lat' dir='ltr'><strong>Cauiorum</strong></span> <span class='ocrx_word' id='word_1_731' title='bbox 3835 4984 3941 5049; x_wconf 88' lang='lat' dir='ltr'><strong>hic</strong></span> <span class='ocrx_word' id='word_1_732' title='bbox 3997 4983 4236 5048; x_wconf 89' lang='lat' dir='ltr'><strong>habere</strong></span> <span class='ocrx_word' id='word_1_733' title='bbox 4283 4984 4638 5067; x_wconf 90' lang='lat' dir='ltr'><strong>possimus.</strong></span> 
     </span>
    </p>
   </div>
   <div class='ocr_carea' id='block_1_15' title="bbox 2693 5159 3098 5170">
    <p class='ocr_par' dir='ltr' id='par_1_24' title="bbox 2693 5159 3098 5170">
     <span class='ocr_line' id='line_1_104' title="bbox 2693 5159 3098 5170; baseline 0 997"><span class='ocrx_word' id='word_1_734' title='bbox 2693 5159 3098 5170; x_wconf 95' lang='lat' dir='ltr'><strong> </strong></span> 
     </span>
    </p>
   </div>
   <div class='ocr_carea' id='block_1_16' title="bbox 2690 5273 4638 5430">
    <p class='ocr_par' dir='ltr' id='par_1_25' title="bbox 2690 5273 4638 5430">
     <span class='ocr_line' id='line_1_105' title="bbox 2894 5273 4638 5344; baseline 0.001 -16"><span class='ocrx_word' id='word_1_735' title='bbox 2894 5273 2953 5342; x_wconf 73' lang='lat'><strong>2)</strong></span> <span class='ocrx_word' id='word_1_736' title='bbox 2988 5277 3296 5330; x_wconf 82' lang='lat' dir='ltr'><strong>Etiamnum</strong></span> <span class='ocrx_word' id='word_1_737' title='bbox 3332 5275 3466 5328; x_wconf 83' lang='lat' dir='ltr'><strong>haec</strong></span> <span class='ocrx_word' id='word_1_738' title='bbox 3497 5281 3788 5344; x_wconf 78' lang='lat' dir='ltr'><strong>supersunt</strong></span> <span class='ocrx_word' id='word_1_739' title='bbox 3819 5279 3880 5327; x_wconf 85' lang='lat' dir='ltr'><strong>et</strong></span> <span class='ocrx_word' id='word_1_740' title='bbox 3915 5291 4073 5327; x_wconf 88' lang='lat' dir='ltr'><strong>manu</strong></span> <span class='ocrx_word' id='word_1_741' title='bbox 4108 5274 4212 5328; x_wconf 85' lang='lat' dir='ltr'><strong>scri</strong></span> <span class='ocrx_word' id='word_1_742' title='bbox 4253 5279 4314 5327; x_wconf 82' lang='lat' dir='ltr'><strong>ta</strong></span> <span class='ocrx_word' id='word_1_743' title='bbox 4347 5288 4638 5329; x_wconf 77' lang='lat' dir='ltr'><strong>asservan-</strong></span> 
     </span>
     <span class='ocr_line' id='line_1_106' title="bbox 2690 5343 4474 5430; baseline -0.001 -33"><span class='ocrx_word' id='word_1_744' title='bbox 2690 5351 2781 5398; x_wconf 86' lang='lat' dir='ltr'><strong>tur</strong></span> <span class='ocrx_word' id='word_1_745' title='bbox 2813 5345 2870 5398; x_wconf 89' lang='lat' dir='ltr'><strong>in</strong></span> <span class='ocrx_word' id='word_1_746' title='bbox 2905 5345 3143 5415; x_wconf 86' lang='lat' dir='ltr'><strong>Oollegio</strong></span> <span class='ocrx_word' id='word_1_747' title='bbox 3178 5344 3437 5413; x_wconf 79' lang='lat' dir='ltr'><strong>Corporis</strong></span> <span class='ocrx_word' id='word_1_748' title='bbox 3471 5343 3672 5399; x_wconf 86' lang='lat' dir='ltr'><strong>Christi</strong></span> <span class='ocrx_word' id='word_1_749' title='bbox 3704 5343 4134 5430; x_wconf 77' lang='lat' dir='ltr'><strong>cantabrigiensi</strong></span> <span class='ocrx_word' id='word_1_750' title='bbox 4254 5345 4474 5412; x_wconf 63' lang='lat' dir='ltr'><strong>imper).</strong></span> 
     </span>
    </p>
   </div>
  </div>
 </body>
</html>
