4900 6167
269 413 338 474 29
1960 419 2121 480 1561
2171 414 2556 484 IANUAR.
4181 430 4267 496 80

263 616 384 663 non
422 617 564 663 sum
608 596 999 664 crediturus.
1086 597 1265 666 Sane
1307 601 1363 667 si
1416 602 1513 667 ita
1563 622 1671 668 res
1726 601 1927 668 habet
1962 603 2199 669 merito

370 682 493 748 tiae
536 682 830 749 Domino
894 691 1054 749 sunt
1095 685 1405 769 agendae.
1425 689 1484 768 ⁴)
1573 686 1832 753 Retulit
1873 687 2197 788 quaedam

310 768 359 834 ‘c
394 767 473 832 de
511 776 802 848 mortuo,
861 768 977 852 qui
1019 770 1274 837 utinam
1320 793 1473 839 vere
1529 770 1800 838 tandem
1843 781 2052 848 vivat,
2120 780 2199 838 ut

264 873 327 919 se
381 861 448 918 at
502 855 713 920 vitam
771 873 1161 938 componere
1218 856 1481 924 videtur
1522 866 1638 924 aut
1677 857 1961 923 simulat.
2050 857 2197 924 Me-

260 937 408 1004 mini
458 937 620 1022 quid
664 938 1016 1023 aliquando
1077 940 1328 1009 diceres
1384 942 1541 1009 dum
1600 941 1683 1008 de
1724 942 1870 1008 istis
1913 943 2071 1010 feris
2113 944 2200 1009 ci·

261 1022 549 1091 curandis
593 1025 799 1092 verba
837 1026 1141 1106 facerem,
1184 1048 1392 1110 quum
1435 1048 1507 1094 se
1539 1028 1951 1094 insinuarent
1992 1028 2199 1095 veluti

258 1110 444 1176 futuri
487 1109 681 1176 amici
697 1161 713 1188 ,
760 1110 883 1178 hoc
926 1110 1059 1176 alia
1100 1133 1233 1178 non
1278 1113 1423 1177 fieri
1464 1113 1720 1179 ratione
1762 1114 1894 1178 nisi
1938 1123 2016 1179 ut
2056 1133 2197 1179 ma-

258 1195 346 1279 gis
376 1207 645 1278 possent
686 1215 935 1263 nocere.
1004 1195 1197 1279 Quod
1243 1199 1498 1263 utinam
1541 1219 1675 1264 non
1718 1207 1854 1263 tam
1899 1219 2054 1265 vere
2098 1198 2197 1263 di·

262 1281 455 1346 xisses
538 1302 696 1346 uam
738 1283 1229 1366 circumspecte,
1274 1293 1344 1348 et
1386 1284 1494 1349 hic
1534 1304 1803 1367 prorsus
1847 1284 2051 1351 falsus
2092 1285 2195 1350 fu-

258 1367 418 1431 isses.
572 1386 762 1432 erum
802 1366 959 1449 quid
1004 1365 1120 1433 uid
1155 1369 1260 1448 sit,
1305 1370 1531 1435 omnia
1567 1368 1854 1435 Domino
1898 1370 2195 1435 commit-

256 1461 489 1532 tamus3
531 1451 709 1534 quod
750 1453 934 1518 iubet
1026 1455 1299 1534 hristus,
1345 1455 1426 1520 de
1459 1455 1623 1537 ipsis
1665 1455 1865 1520 etiam
1901 1454 2197 1520 hostibus

257 1537 404 1602 bene
446 1557 842 1617 mereamur,
888 1547 975 1617 et,
1021 1540 1194 1623 quod
1208 1541 1305 1621 ,in
1348 1549 1686 1624 postrema
1725 1541 2022 1606 oratione
2065 1541 2195 1606 Pe-

257 1623 335 1686 tri
374 1621 580 1688 voluit
621 1624 960 1705 contineri,
1003 1627 1148 1708 paci
1201 1624 1584 1692 studeamus
1627 1632 1694 1691 et
1736 1625 2194 1692 aedificationi.

258 1707 348 1772 Tu
387 1728 516 1773 non
549 1707 800 1775 frustra
842 1729 950 1774 me
994 1709 1390 1777 admonebas
1434 1709 1591 1776 dum
1622 1712 1695 1775 in
1737 1711 1853 1778 via
1885 1730 2195 1791 essemus,

257 1803 316 1858 ct
365 1813 481 1878 ego
536 1793 696 1878 qnid
760 1793 843 1859 de
911 1796 1056 1861 istis
1121 1815 1455 1880 sperarem
1513 1796 1807 1880 apertius
1871 1793 2194 1879 loquerer,

253 1877 571 1943 fidendum
613 1900 756 1946 esse
780 1878 1067 1947 Domino
1110 1891 1178 1946 et
1214 1880 1635 1947 credendum.
1700 1882 1796 1946 Et
1836 1902 1995 1948 sane
2038 1882 2195 1946 stim-

292 1962 494 2030 licitas
532 1964 697 2030 haec
739 1965 906 2031 mire
950 1965 1137 2032 decet
1169 1966 1647 2047 Christianum,
1694 1966 1997 2051 quamvis
2037 1988 2196 2051 pru-

372 2049 526 2114 tiam
576 2063 960 2134 serpentum
1005 2050 1154 2117 addi
1204 2052 1366 2119 velit
1410 2052 1736 2119 Dominus
1780 2051 2195 2119 innocentiae

253 2132 662 2201 columbinae.

407 2219 625 2286 Audio
682 2221 1016 2287 hominem
1044 2220 1097 2306 ὅ)
1153 2244 1300 2289 sum
1348 2233 1490 2289 tum
1554 2224 1625 2288 in
1685 2213 1918 2289 men'sa
1959 2222 2193 2301 facere,

251 2313 489 2370 struere
532 2305 745 2384 aedes,
790 2325 1086 2373 coemere
1127 2245 1418 2392 praedia,
1463 2316 1532 2373 et
1574 2308 1639 2374 ei
1671 2327 1932 2391 semper
1965 2306 2193 2373 adesse

248 2392 609 2473 pecuniam,
668 2412 876 2475 quum
939 2393 1338 2493 stipendium
1396 2394 1511 2459 uni
1556 2399 1814 2459 tantum
1869 2395 2031 2459 satis
2075 2394 2191 2460 vix

251 2497 380 2542 esse
421 2477 640 2559 possit.
730 2475 950 2557 Quam
994 2486 1081 2544 sit
1135 2479 1430 2546 infensus
1471 2480 1586 2546 isti
1630 2479 1777 2545 urbi
1820 2499 2013 2545 nemo
2056 2499 2190 2543 non

248 2563 424 2626 novit
453 2563 565 2645 qui
600 2563 781 2628 naris
814 2562 1062 2646 aliquid
1097 2564 1362 2630 habeat:
1408 2563 1567 2630 inde
1601 2566 1847 2631 factum
1882 2574 1985 2630 est
2018 2563 2190 2647 quod

250 2647 480 2731 gratior
542 2647 699 2713 inde
761 2650 961 2714 fuerit
1024 2649 1326 2716 hostibus
1385 2650 1569 2716 urbis
1613 2659 1682 2714 et
1724 2651 2031 2717 omnibus
2075 2650 2189 2733 qui

246 2731 491 2798 inhiant
542 2734 678 2799 isti.
779 2732 1382 2818 Quantumcunque
1437 2735 1715 2802 callidus
1769 2738 1856 2802 sit
1911 2756 2044 2801 non
2088 2743 2189 2800 ta-

246 2838 390 2883 men
429 2838 505 2884 eo
545 2820 960 2902 pervenisset
1015 2841 1145 2904 quo
1202 2820 1581 2904 adspirabat
1623 2822 1767 2888 sine
1811 2821 2081 2888 consilio
2123 2833 2190 2887 et

245 2923 359 2986 ope
409 2924 637 2970 eorum
696 2907 809 2988 qui
862 2926 1101 2989 parum
1152 2906 1381 2972 favent
1436 2908 1582 2973 urbi
1636 2908 1872 2990 quique
1931 2927 2190 2991 semper

246 2990 596 3072 opprimere
650 2998 1007 3057 tentarunt.
1094 2991 1355 3058 Poteris
1418 2992 1642 3077 aliqua
1698 2991 1927 3058 audire
1970 2990 2051 3058 de
2093 2991 2187 3056 le-

351 3076 362 3089 '
441 3077 552 3159 qui
589 3074 841 3141 diutius
884 3076 1241 3161 colloquuti
1282 3078 1557 3144 fuerunt
1595 3099 1747 3146 cum
1779 3078 2064 3157 homine,
2110 3085 2190 3142 ut

380 3181 651 3227 narrare
694 3163 954 3245 poterit.
1043 3164 1277 3229 Pestes
1312 3183 1478 3247 quae
1520 3165 1744 3230 virum
1790 3165 2039 3229 habent
2081 3182 2185 3229 ca-

248 3266 381 3311 rum
422 3267 554 3312 non
685 3254 877 3314 ssunt
909 3247 1080 3331 quod
1116 3247 1380 3315 volunt:
1427 3248 1557 3315 alia
1599 3258 1703 3316 est
1744 3249 2035 3332 paranda
2076 3250 2186 3316 via

248 3329 347 3396 ubi
396 3345 597 3399 secun
648 3333 744 3398 'or
792 3342 891 3399 est
945 3354 1139 3400 aura:
1207 3334 1344 3400 illic
1400 3337 1604 3401 simus
1638 3341 1689 3400 ¹¹.
1717 3339 1770 3410 ⁶)
1860 3333 2187 3401 Dominus

248 3414 411 3483 Iesus
453 3418 782 3484 sanabiles
825 3429 1160 3486 convertat
1206 3420 1400 3504 plene
1416 3472 1433 3500 ,
1501 3432 1569 3486 et
1624 3418 1993 3505 deploratos
2034 3421 2185 3486 fun-

249 3500 410 3569 ditus
451 3512 738 3582 evertat,
799 3525 883 3570 ne
926 3506 1115 3572 nobis
1156 3506 1494 3590 negotium
1539 3527 1798 3589 semper
1838 3505 2185 3572 facessant.

398 3589 637 3656 Nescio
697 3590 959 3674 quando
1014 3590 1279 3656 tandem
1323 3592 1717 3657 excitabitur
1763 3590 2067 3657 Halkrus
2110 3599 2189 3657 ut

248 3682 415 3739 curet
469 3695 545 3742 oo
594 3676 608 3690 ’
680 3676 752 3740 in
808 3675 1106 3742 ordinem
1172 3686 1309 3742 tam
1374 3677 1754 3760 pestilentes
1824 3677 2012 3761 lupos
2078 3678 2190 3759 qui

247 3777 553 3911 m
614 3761 821 3826 omini
878 3769 1161 3828 vastant.
1264 3760 1568 3845 Optarim
1627 3771 1763 3827 tam
1816 3762 2191 3847 improbum

459 3847 474 3859 '
554 3867 617 3910 m
687 3849 997 3913 sentirem
1032 3850 1068 3886 ⁴*
1139 3847 1403 3914 tandem
1472 3869 1641 3932 quae
1712 3847 1989 3914 meritus
2068 3857 2187 3914 est.

244 3928 668 4014 Posteaquam
732 3943 1023 3999 mortuos
1080 3933 1294 4017 magis
1351 3942 1537 3999 curat
1587 3955 1785 4017 quam
1828 3936 2186 4011 viventem,

246 4021 311 4079 tu
349 4025 689 4100 exspectas
733 4027 810 4082 ut
852 4018 1085 4085 melior
1126 4017 1396 4098 evadat,
1444 4027 1562 4085 aut
1602 4020 2004 4086 occasionem
2052 4021 2189 4085 ius·

245 4106 384 4179 tam,
441 4122 638 4186 quam
682 4103 803 4168 tibi
846 4104 1079 4169 offerat
1121 4105 1248 4169 cito
1282 4105 1610 4171 Dominus
1651 4106 1720 4169 in
1770 4108 1897 4171 isto
1942 4113 2009 4170 et
2043 4104 2188 4170 aliis

246 4188 343 4267 qui
382 4187 676 4270 improbe
720 4196 943 4272 agunt,
990 4197 1068 4254 ut
1110 4189 1257 4257 aliis
1292 4188 1462 4274 quod
1498 4191 1632 4255 iam
1675 4191 1883 4255 fecisti
1929 4190 2187 4273 aperias

245 4271 383 4353 quid
437 4273 621 4356 sequi
677 4271 975 4340 debeant
1065 4274 1292 4341 Unum
1362 4276 1487 4342 hoc
1546 4295 1779 4342 vereor
1843 4298 1928 4340 ne
1983 4275 2189 4359 aliqui

244 4354 377 4453 plus
422 4356 717 4424 Subando
771 4358 1071 4458 deferant
1103 4380 1299 4445 quam
1347 4359 1614 4428 Christo
1627 4412 1658 4461 ,ς
1704 4370 1773 4427 et
1829 4360 1922 4426 ita
1985 4360 2188 4428 velint

244 4442 2052 4625 ιἰᾚὲωξὲῗ,ωῗὲῗὲῗῑοῗῗὲῗδὲῗηηὲξηέωὲὲρξ’ἕἜΣῖῗ’
2081 4454 2189 4598 ἐὲἷ

246 4613 547 4680 eiusmodi
598 4616 891 4699 pestibus
943 4617 1041 4682 ita
1094 4618 1493 4684 infestentur
1534 4619 1627 4702 pii
1672 4639 1756 4683 ne
1802 4627 1939 4682 tam
1983 4617 2187 4682 libere

478 4791 641 4798 ———-—

293 4971 303 4984 .
432 4903 495 4972 4)
537 4904 603 4960 sa·
633 4905 771 4989 φυᾷ
802 4905 1204 5031 &domum
1230 4919 1291 4960 eo
1325 4910 1404 4960 est
1435 4910 1498 4959 ut
1534 4903 1655 4960 Deo
1687 4906 1909 4976 qratia
1942 4903 2188 5028 suendae

248 4968 480 5165 ξς
504 4974 782 5098 “w
791 4972 1458 5108 &Mamm
1487 4972 1712 5096 cas-2
1754 4973 1971 5098 aa
1986 4974 2189 5098 w

435 5178 498 5250 5)
542 5177 682 5248 Quis
713 5180 803 5235 Mc
829 5181 1025 5250 finer-⁶2,
1062 5181 1178 5236 nisi
1209 5178 1433 5235 uuanda
1465 5178 1689 5241 resciae,
1723 5181 1998 5239 nobiseum
2032 5181 2188 5252 cyno·

248 5258 364 5301 rare
387 5247 646 5386 figens-huf,
658 5255 882 5374 ἔρυται.

2301 601 2374 700 in
2417 602 2765 691 sacrilegia
2805 606 3132 687 ferantur,
3177 608 3293 675 sed
3337 611 3788 695 occupatiores
3828 614 3899 679 in
3939 614 4263 697 repellen-

2301 685 2402 752 dis
2462 690 2630 758 fucis
2686 691 2894 757 otium
2961 690 3122 758 dent
3172 695 3518 777 rapacibus
3584 698 3807 764 omnia
3859 698 4261 766 immolandi.

2298 770 2631 842 Dominus
2674 778 3029 862 prospiciat
3067 798 3153 843 ex
3197 778 3329 845 alto
3383 779 3560 848 coelo
3615 804 3735 849 suo
3777 791 3847 851 et
3888 785 4095 851 nostri
4138 785 4263 851 mi-

2297 867 2610 927 sereatur.

2472 945 2645 1011 Vale
2701 956 2768 1011 et
2826 948 2983 1012 vive
3026 948 3399 1017 felicissime
3458 953 3528 1018 in
3573 952 3861 1019 Domino
3903 954 4087 1035 Iesu,
4148 956 4263 1039 qui

2299 1036 2368 1094 te
2411 1030 2603 1113 plene
2648 1042 2868 1099 servet
2910 1054 2985 1099 ac
3028 1034 3315 1102 fructum
3374 1056 3634 1121 semper
3674 1038 4045 1105 uberiorem
4089 1040 4262 1106 ferre

2297 1114 2512 1193 faciat,
2559 1125 2626 1181 et
2669 1126 2883 1182 tecum
2929 1125 3146 1184 servet
3188 1127 3334 1186 tuos
3368 1121 3650 1208 collegas
3683 1144 3912 1190 omnes
3955 1125 4065 1208 qui
4101 1124 4262 1191 dex-

2299 1207 2401 1264 tre
2443 1210 2674 1276 {tecum
2728 1214 3060 1287 pergunt‚-
3110 1212 3175 1269 et
3241 1211 3452 1271 totum
3510 1216 3770 1275 coetum
3826 1209 4115 1292 piorum:
4173 1231 4261 1276 ne

2298 1294 2710 1369 praeteream
2775 1288 3242 1355 Nomandium
3312 1290 3614 1361 Budaeus
3686 1292 4121 1361 &audonem
4191 1301 4259 1360 et

2299 1369 2585 1456 reliquos
2630 1373 2828 1438 huius
2872 1383 3082 1439 notae.
3172 1374 3447 1462 Collega
3490 1387 3557 1445 te
3600 1378 3847 1446 salutat
3863 1430 3878 1461 ,
3938 1386 4006 1445 et
4049 1377 4258 1445 Mira-

2299 1456 2467 1523 bilis.
2556 1458 2865 1523 Neocomi
2914 1463 3013 1524 24.
3061 1458 3358 1527 Ianuarii
3410 1467 3592 1530 1551.

3321 1597 3505 1666 Tuus
3538 1608 3715 1666 totus
3757 1599 4081 1667 Far-ellus.

3071 1887 3482 1901 Ἥ

2597 2179 2612 2193 .
3177 2121 3368 2192 1448.

2646 2274 3107 2343 CALVINUS
3153 2274 3386 2344 REGI
3429 2275 3905 2343 EDUARDO.

2465 2442 2795 2513 Dedicatio
2865 2444 3313 2513 Commevttario
3394 2447 3467 2511 in
3553 2447 3850 2528 epistolas
3922 2449 4253 2515 canonicas

2291 2549 2457 2612 quas
2487 2535 2702 2596 vocant
2733 2532 3115 2613 praemissa,
3162 2533 3230 2597 in
3272 2552 3405 2614 qua
3438 2531 3679 2617 effiyics
3711 2532 3959 2600 concilii
3987 2533 4251 2601 Triden-

2291 2616 2437 2716 ὑίηίο
2468 2616 2896 2765 ειςίιοζρρεηενε
2950 2617 3351 2685 conciliorum
3399 2619 3863 2701 papiwicmm
3909 2620 3997 2686 ad
4037 2622 4252 2687 vivum

2292 2873 2399 2942 (Ex
2436 2872 2678 2927 editione
2723 2872 2969 2941 principe
3016 2890 3154 2954 quae
3191 2872 3446 2927 Generae
3489 2890 3561 2954 ex
3611 2874 3827 2928 officina
3861 2874 4078 2929 Ioannis
4113 2874 4256 2930 Cris-

3001 2957 3116 3010 pim
3153 2940 3284 2995 1551
3327 2941 3570 3010 prodiit.)

2294 3109 2732 3179 serenissimo
2754 3109 3040 3196 Angliae
3062 3111 3233 3196 Regi
3278 3110 3595 3177 Eduardo
3640 3120 3825 3178 sexto
3867 3111 4256 3197 Hyberniae

2293 3196 2557 3263 domino
2601 3205 2722 3263 etc.
2768 3197 3063 3281 Principi
3108 3218 3268 3263 vere
3310 3196 3674 3264 christiano
3707 3196 3992 3263 Ioannes
4036 3196 4253 3263 Calvi·

3190 3305 3333 3349 nus.

2463 3420 2574 3485 En
2630 3420 2876 3486 iterum
2931 3419 3016 3486 ad
3071 3427 3139 3484 te
3183 3417 3409 3497 redeo,
3475 3418 4037 3502 praestantissime
4075 3419 4246 3486 Rex.

2291 3505 2526 3589 Neque
2572 3506 2769 3584 enim,
2813 3505 2871 3570 si
2933 3525 3097 3589 quos
3140 3524 3358 3588 nuper
3399 3505 3471 3570 in
3515 3503 3799 3570 Iesaiam
3841 3513 4246 3571 commenta-

2292 3591 2425 3657 rios
2469 3591 2675 3658 obtuli
2719 3600 2981 3675 gratum
3024 3591 3360 3656 Maiestati
3418 3600 3573 3655 tuae
3616 3590 3877 3672 speravi
3919 3589 4058 3655 fore
4101 3610 4249 3656 mu-

2293 3698 2418 3742 nus
2436 3727 2450 3754 ‚
2514 3676 2662 3743 ideo
2716 3685 2942 3742 tamen
2996 3677 3200 3742 animi
3254 3676 3383 3741 mei
3442 3683 3599 3740 voto
3658 3674 4069 3740 satisfactum
4127 3687 4244 3744 est.

2291 3763 2474 3846 Ergo
2517 3762 2853 3846 Epistolas
2896 3762 3240 3828 canonicas
3285 3762 3393 3846 (ut
3435 3781 3564 3826 eas·
3589 3761 3809 3825 vocari
3853 3780 3979 3825 usu
4028 3780 4251 3845 recep-

2292 3856 2434 3913 tum
2474 3853 2604 3928 est)
2649 3849 2834 3930 quasi
2878 3847 3149 3914 auctarii
3194 3848 3336 3912 vice
3379 3844 3552 3930 quod
3580 3846 3826 3911 iustam
3870 3866 4249 3912 mensuram

2290 3933 2598 4016 impleret
2641 3931 2973 4000 addendas
3016 3932 3276 4018 putavi:
3333 3940 3410 3996 ut
3451 3930 3650 3996 simul
3692 3938 4044 4015 utrumque
4086 3951 4250 4015 opus

2289 4021 2361 4083 in
2406 4039 2641 4085 manus
2697 4028 2846 4083 tuas
2890 4020 3162 4084 veniret.
3251 4017 3344 4082 Et
3401 4023 3577 4081 certe
3631 4036 3838 4099 quum
3892 4015 3997 4082 vel
4033 4018 4247 4100 genti·

2291 4104 2415 4170 bus
2458 4103 2684 4188 procul
2730 4102 2974 4170 dissitis
3020 4103 3127 4169 vel
3170 4101 3433 4167 Iudaeis
3476 4100 3695 4167 varias
3739 4122 3815 4167 ac
3857 4101 4250 4186 longinquas

2292 4191 2595 4273 regiones
2652 4190 2933 4272 sparsim
2997 4187 3431 4270 incolentibus
3501 4189 3783 4271 scriptae
3840 4186 3978 4252 sint
3992 4239 4008 4265 ,
4077 4188 4249 4253 nihil

2290 4274 2421 4339 illis
2487 4295 2730 4343 novum
2796 4273 3059 4354 accidit,
3126 4273 3185 4339 si
3247 4280 3315 4338 et
3379 4271 3838 4338 traiiciendum
3905 4271 4099 4338 hodie
4161 4273 4251 4340 sit

2289 4380 2491 4440 mare,
2536 4369 2601 4425 et
2645 4359 3002 4442 superandi
3044 4357 3439 4442 multiplices
3496 4358 3755 4424 viarum
3796 4359 4128 4424 anfractus
4171 4366 4253 4424 ut

2290 4445 2374 4510 ad
2435 4457 2617 4510 tuam
2686 4444 3103 4511 Maiestatem
3172 4443 3580 4528 perveniant.
3685 4441 4083 4525 Quanquam
4154 4445 4249 4511 sic

2291 4531 2429 4611 tibi,
2475 4532 2625 4596 Rex
2683 4529 2964 4614 inclyte,
3025 4530 3341 4612 privatim
3395 4529 3599 4595 offero
3651 4549 3833 4594 meos
3877 4528 4131 4595 labores
4176 4539 4252 4593 ut

2291 4618 2412 4683 sub
2459 4630 2573 4681 tuo
2612 4611 2879 4681 nomine
2921 4616 3232 4698 publicati
3278 4614 3581 4680 omnibus
3622 4614 3896 4698 prosint.

2463 4702 2557 4767 Et
2599 4722 2756 4767 sane
2801 4701 2859 4769 si
2903 4701 3109 4767 ullum
3152 4721 3448 4784 unquam
3491 4699 3617 4765 fuit
3649 4707 3909 4781 tempus
3943 4719 4071 4782 quo
4113 4697 4247 4763 for-

2290 4787 2445 4853 titer
2487 4787 2818 4870 libereque
2861 4784 3213 4854 asserenda
3254 4793 3429 4852 esset
3469 4785 3598 4850 Dei
3643 4785 3908 4862 veritas,
3946 4782 4015 4849 id
4049 4803 4247 4866 quam

2288 4872 2487 4941 hodie
2529 4874 2972 4939 necessarium
3015 4874 3103 4940 sit
3135 4891 3367 4939 omnes
3411 4871 3659 4938 vident.
3733 4870 3828 4937 Ut
3865 4878 4119 4935 taceam
4165 4866 4247 4934 de

2289 4960 2495 5026 atroci
2558 4979 2727 5041 quae
2793 4959 3036 5043 passim
3093 4960 3166 5024 in
3239 4959 3382 5025 eius
3443 4957 3845 5042 professores
3905 4961 4249 5022 exercetur

2291 5045 2585 5123 saevitia,
2627 5053 2704 5109 ut
2747 5065 2939 5110 omne
3078 5066 3203 5110 nus
3260 5043 3780 5111 machinationes
3823 5041 4054 5123 quibus
4098 5059 4244 5106 eam

2288 5138 2625 5215 oppugnat
2687 5127 2926 5210 Satan,
3046 5130 3155 5197 inc
3212 5128 3652 5196 clandestinas
3717 5125 4023 5207 insidias,
4089 5125 4245 5192 inde

2289 5223 2586 5299 apert-am
2645 5236 2977 5281 armorum
3049 5216 3189 5282 vim
3258 5215 3591 5282 omittam:
3659 5211 3896 5296 quibus
3960 5212 4030 5277 in
4085 5210 4245 5279 locis

2288 5322 2501 5386 nuper
2545 5300 2945 5368 domicilium
2998 5299 3278 5368 habebat
3329 5301 3583 5366 sincera
3624 5297 3889 5382 pietatis
3930 5295 4243 5377 doctrina,
