4900 6167
706 430 835 493 439

705 614 1157 692 tabellarium,
1230 619 1533 698 nepotem
1591 611 1920 679 Martialis
1977 611 2289 697 Albae,²)
2349 611 2505 695 quia
2563 612 2656 678 sic

709 699 1080 769 faciendum
1127 697 1316 765 nobis
1373 720 1514 766 esse
1560 718 1678 783 per
1721 699 1945 764 literas
1986 720 2103 764 nos
2146 699 2388 782 captivi
2434 697 2657 764 admo-

712 795 1030 862 nuerunt,
1094 785 1149 851 si
1196 783 1439 868 aliquid
1529 793 1703 851 osset
1747 804 1785 848 a
1828 784 2012 870 Rege
2057 785 2392 849 literarum
2451 785 2659 868 impe-

710 873 889 938 trari.
989 872 1128 937 Vos
1199 870 1548 954 dispiciens
1619 869 1776 954 quid
1820 870 1993 935 facto
2052 891 2212 953 opus
2270 871 2355 936 sit
2409 877 2477 934 et
2530 890 2659 953 qua

712 959 963 1024 ratione
1007 977 1207 1042 ocyus
1242 956 1468 1022 literae
1513 956 1697 1023 reddi
1733 958 2001 1040 possint,
2048 966 2115 1020 et
2151 956 2374 1020 tutius.
2442 955 2658 1020 Binae

710 1052 867 1111 sunt
911 1044 1136 1108 literae
1181 1041 1262 1107 ad
1308 1042 1560 1127 Regem
1580 1094 1595 1121 ,
1661 1049 1728 1106 et
1771 1041 1937 1107 aliae
1982 1039 2065 1106 ad
2109 1049 2538 1108 mercatorem
2582 1041 2659 1107 il-

713 1131 850 1196 lum
908 1127 1409 1213 sangallensem
1430 1180 1445 1206 ‚
1472 1132 1522 1210 8)
1595 1141 1671 1193 nt
1741 1125 1961 1194 videre
2018 1128 2258 1210 poteris
2330 1128 2658 1211 explicato

711 1214 1033 1282 fasciculo.
1133 1214 1284 1280 Non
1341 1214 1519 1279 enim
1576 1213 1953 1298 obsignatus
2010 1223 2125 1279 est.
2229 1212 2307 1279 Si
2363 1234 2497 1279 non
2556 1221 2658 1282 est

709 1300 877 1367 alius
936 1302 1184 1384 aptior,
1257 1299 1366 1366 hic
1427 1300 1679 1366 iuvenis
1735 1300 1900 1364 feret
1958 1298 2363 1384 Lugdunum
2430 1319 2652 1383 usque.

708 1384 845 1453 Sed
889 1408 1022 1452 non
1065 1385 1290 1452 dubito
1334 1385 1493 1470 quin
1551 1384 1727 1450 viam
1769 1386 2072 1450 invenire
2131 1384 2396 1467 possitis
2457 1404 2656 1468 expe·

708 1472 1015 1538 ditiorem
1074 1479 1141 1537 et
1212 1474 1535 1537 tutiorem.
1637 1470 1784 1538 Hoc
1839 1479 2048 1536 totum
2108 1471 2446 1556 negotium
2504 1479 2656 1535 tuae

705 1557 862 1624 fidei
906 1558 1262 1625 committo.
1334 1557 1669 1623 Videntur
1702 1557 1897 1623 etiam
1944 1556 2110 1621 mihi
2153 1556 2462 1622 monendi
2506 1576 2656 1640 cap-

705 1645 845 1723 tivi,
893 1652 966 1710 ut
1009 1662 1425 1728 quascunque
1506 1651 1772 1708 oterunt
1814 1663 2032 1708 moras
2077 1649 2375 1719 nectant,
2422 1643 2656 1725 quibus

705 1738 978 1796 conatus
1020 1742 1434 1794 remorentur
1521 1729 1792 1808 ostium,
1856 1730 1969 1812 qui
2013 1728 2134 1793 toti
2193 1729 2260 1793 in
2321 1728 2443 1795 hoc
2499 1737 2658 1794 sunt

705 1824 781 1880 ut
825 1836 1022 1899 quam
1080 1814 1399 1900 ocyssime
1442 1815 1514 1880 in
1558 1815 1780 1900 ignem
1826 1814 2271 1880 coniiciantur.
2360 1812 2657 1881 Docendi

705 1910 919 1981 erunt,
965 1902 1019 1967 si
1065 1922 1258 1984 quam
1304 1902 1510 1966 nostis
1553 1900 1960 1966 commodam
2004 1900 2127 1965 hoc
2172 1898 2409 1984 agendi
2455 1900 2655 1966 ratio-

707 2008 879 2068 nem,
925 1996 1000 2051 ut
1043 1985 1255 2071 quoad
1302 1986 1445 2052 eius
1490 1986 1635 2052 fieri
1675 1986 1918 2070 poterit
1952 1993 2210 2070 tempus
2248 1985 2653 2070 protrahant.

707 2073 946 2140 Saluta
988 2074 1247 2139 amicos.
1341 2071 1652 2138 Salutant
1710 2081 1777 2137 te
1824 2073 2029 2137 nostri
2072 2092 2317 2137 omnes.
2408 2068 2656 2137 Reddi-

705 2169 815 2226 tus
873 2168 971 2224 est
1028 2159 1193 2224 mihi
1251 2158 1442 2224 hodie
1499 2158 1844 2225 fasciculus
1901 2179 2099 2241 quum
2160 2157 2243 2223 ad
2279 2159 2654 2225 concionem

705 2244 895 2331 signo
964 2243 1115 2310 dato
1199 2264 1482 2311 vocarer.
1594 2243 1763 2309 Vale
1838 2245 2078 2328 optime
2141 2252 2205 2309 et
2272 2243 2653 2309 diutissime.

701 2332 1102 2398 Lausannae
1156 2334 1249 2395 13.
1297 2328 1640 2396 Decembr.
1696 2334 1874 2396 1552.

1673 2468 1857 2532 'l'uus
1902 2467 2144 2532 Petrus
2191 2466 2479 2532 Viretus.

871 2636 1106 2703 Scribo
1148 2638 1387 2703 iterum
1437 2638 1659 2721 paucis
1702 2637 1784 2703 ad
1829 2639 2136 2722 captivos.
2228 2639 2326 2703 'l'n
2389 2637 2652 2704 adiicies
2702 2601 2710 2702 1

699 2724 1212 2806 inscriptionem.

1577 3151 1776 3223 1688.

1074 3288 1583 3357 HALLERUS
1627 3288 2262 3357 BULLINGERO.

875 3459 1486 3526 Praedestinationis
1542 3462 1854 3545 noyotium
1913 3462 2102 3527 etiam
2158 3462 2229 3526 in
2296 3481 2448 3546 ayro
2523 3459 2652 3527 Va-

691 3547 877 3615 densi
937 3544 1157 3611 turbas
1218 3550 1425 3612 movet.
1529 3545 2088 3613 Lausannmium
2146 3546 2222 3613 de
2262 3567 2328 3613 eo
2368 3547 2651 3632 doymate

695 3634 1027 3700 axiomata
1041 3682 1057 3710 ,
1132 3631 1360 3715 quibus
1416 3630 1875 3717 Sampaubinus
1943 3631 2320 3701 subscribere
2386 3637 2646 3699 rma&

705 3717 1008 3870 Cazinus
1064 3719 1312 3784 silentio
1361 3720 1580 3800 potius
1655 3737 1843 3802 quom
1917 3718 2393 3785 contradictione
2444 3718 2646 3783 mode·

699 3826 779 3869 ra
868 3825 962 3869 us,

698 3974 808 4040 (Ex
855 3973 1087 4027 archivis
1135 3974 1312 4028 Turio.
1360 3974 1505 4029 Plnt.
1552 3975 1640 4029 vl.
1687 3973 1803 4028 Vol.
1853 3973 1984 4042 154,
2031 3973 2162 4029 olim
2197 3974 2369 4027 Scrin.
2407 3974 2473 4027 B.
2509 3973 2648 4043 Epp.

982 4042 1134 4097 Tom-
1169 4043 1408 4098 xxxn.
1443 4044 1535 4098 sol.
1580 4041 1692 4097 183.
1732 4072 1799 4082 -·
1834 4042 2046 4098 Simler.
2085 4042 2209 4097 Vol.
2246 4040 2360 4106 78.)

698 4215 2642 4229 ———-—-—————--———

871 4265 1063 4347 Quod
1103 4267 1713 4351 praedestinationis
1749 4266 2082 4352 negotium
2117 4265 2472 4341 concernit,
2509 4285 2645 4331 ser-

697 4351 796 4435 pit
861 4351 985 4420 hoc
1039 4351 1249 4421 indies
1307 4354 1523 4419 latius.
1555 4358 1604 4431 ¹)
1703 4352 1838 4418 Nos
1909 4357 2227 4435 quantum
2297 4372 2646 4435 possumus

698 4438 1168 4591 {tam
1205 4438 1899 4608 tzfflffiffltzz..
1922 4435 2644 4609 Εὲἔῗέἑαᾶῗίἓᾛῗά

899 4727 1096 4811 Ἥρας’
1112 4731 1237 4801 fuit
1268 4745 1416 4784 unus
1446 4744 1518 4783 ex
1550 4726 1662 4781 atio
1696 4726 1944 4794 captiva,
1983 4729 2254 4783 vitarimus
2285 4735 2439 4798 natu,
2465 4729 2645 4785 Mont-

825 4813 1026 4853 amm.

902 4865 963 4933 3)
1002 4868 1089 4922 Ιο.
1130 4866 1451 4937 Leynerum.

697 4934 873 4990 1688.
906 4936 963 5000 1)
1075 4977 1086 4988 .
1124 4933 1199 4989 Ν.
1237 4932 1389 4987 1671.
1431 4931 1579 4986 1677.
2143 4953 2150 4962 ·

902 5002 965 5068 2)
1064 5018 1093 5057 e
1125 5019 1231 5073 quo
1279 5002 1403 5056 vide
1452 5000 1531 5057 N.
1567 4998 1701 5054 1589
1747 5006 1799 5055 et
1843 4998 1992 5055 1596.
2076 5002 2278 5060 Edidit
2321 5020 2373 5060 a.
2411 5002 2550 5060 1553
2584 5004 2648 5060 1¹·-

696 5072 886 5126 bran:
935 5072 1015 5125 De
1064 5072 1305 5141 legitima
1351 5070 1715 5124 vindicatione
1767 5069 2150 5126 christianismi
2195 5073 2311 5127 veri
2357 5079 2416 5127 et
2449 5074 2648 5143 sempi-

697 5141 857 5206 terni,
903 5141 964 5195 in
1006 5156 1113 5210 quo
1161 5147 1340 5195 tamen
1388 5137 1582 5194 eontra
1621 5136 1903 5193 Calvinum
1951 5142 2196 5210 explicite
2235 5157 2349 5198 non
2383 5143 2646 5213 amat,

698 5208 795 5262 sed
827 5210 1120 5277 simplicem
1155 5215 1207 5262 ct
1249 5224 1412 5277 quam
1457 5206 1758 5261 dixerimus
1798 5212 2100 5276 practicam
2152 5210 2481 5282 docti-inam,
2528 5213 2563 5267 i.
2602 5228 2647 5266 e.

689 5277 879 5399 {lagga
901 5278 1108 5407 'captui
1158 5274 1616 5332 accommodatam
1662 5276 1926 5333 vindicat.
2005 5278 2322 5340 (Schwmer
2372 5279 2647 5337 Gustu-ald.

2219 420 2743 489 EPISTOLAE
2798 426 3213 491 lem-1690

4541 436 4646 497 440

2762 632 2845 678 ne
2891 613 3005 677 fiat
3048 613 3243 678 etiam
3281 616 3475 698 atque
3511 613 3709 680 etiam
3755 633 3886 680 oro.
3958 613 4061 679 'l'u
4096 623 4210 679 tna
4251 620 4312 680 te
4353 615 4648 701 interpone

2762 697 3107 781 prudentia
3152 707 3217 764 et
3258 700 3604 766 autoritate
3649 707 3966 784 quantum
4012 709 4212 786 potes.
4281 699 4513 765 Poterit
4552 702 4652 768 ali·

2762 792 2868 850 ter
2932 801 3123 868 quam
3211 785 3467 876 publice
3527 783 3830 859 Calvinus
3909 785 4265 850 modestiae
4342 784 4650 854 admoneri.

2761 868 3267 937 Lausannenses
3326 872 3456 937 tria
3510 873 3993 938 constituerunt
4050 872 4399 944 axiomata,
4455 873 4654 954 quibus

2759 977 2961 1039 quum
3056 976 3283 1022 omnes
3361 969 3620 1041 praeter
3699 957 4125 1023 Franciscum
4210 955 4273 1020 S.
4354 956 4654 1023 Paulinam

2762 1041 3219 1109 Viviacensem
3279 1044 3650 1109 ministrum
3711 1042 4243 1127 subscripserint,
4314 1043 4510 1125 ipsum
4562 1045 4656 1108 vix

2760 1127 2930 1194 ferre
2975 1140 3264 1212 possunt.
3348 1127 3523 1196 Sunt
3565 1138 3783 1195 autem
3828 1129 4155 1194 axiomata
4199 1128 4385 1194 haec:

2940 1218 2990 1279 1.
3084 1215 3268 1280 Deus
3312 1216 3394 1279 ab
3439 1225 3704 1281 aeterno
3762 1235 3891 1279 non
3940 1223 4192 1279 tantum
4240 1215 4661 1298 praecognovit

2761 1297 2877 1364 sed
2920 1299 3117 1365 etiam
3165 1299 3481 1381 decrevit,
3541 1322 3670 1366 non
3716 1311 3970 1366 tantum
4016 1299 4375 1376 indefinite,
4432 1311 4500 1364 ut
4538 1301 4658 1382 qui·

2760 1406 3015 1469 cunque
3060 1384 3403 1451 crederent
3447 1397 3883 1463 servarentur,
3932 1384 4045 1451 sed
4091 1383 4372 1463 definite,
4416 1395 4481 1449 ut
4521 1385 4662 1451 certi

2761 1470 3058 1536 homines
3116 1482 3541 1538 nascerentur
3611 1494 3771 1556 quos
3831 1479 4123 1537 servaret
4178 1491 4295 1554 per
4362 1470 4539 1536 fidem
4602 1471 4659 1535 in

2761 1555 3119 1634 Christum,
3167 1559 3402 1641 quique
3448 1580 3783 1642 nunquam
3830 1557 4261 1623 desciscerent
4302 1579 4339 1622 a
4379 1556 4512 1622 fide.

2933 1645 2989 1707 2.
3079 1643 3330 1708 Eadem
3379 1647 3630 1710 ratione
3676 1644 3857 1710 Deus
3912 1641 3993 1709 ab
4038 1652 4303 1708 aeterno
4346 1644 4525 1708 etiam
4569 1643 4661 1705 de-

2760 1727 2967 1795 crevit
3002 1728 3268 1794 definite
3305 1739 3378 1795 ut
3411 1732 3571 1796 certi
3607 1730 3905 1797 homines
3928 1736 4354 1795 nascerentur
4375 1727 4453 1793 ad
4487 1730 4659 1792 inter-

2761 1815 2945 1888 itum,
2991 1835 3155 1897 quos
3199 1837 3539 1899 nunquam
3581 1817 3852 1882 donaret
3908 1815 4141 1899 spiritu
4187 1812 4662 1899 regenerationis

2704 1959 2711 2004 i
2761 1913 2830 1965 et
2873 1898 3021 1965 fidei
3064 1905 3460 1992 πληροφορίᾳ.

2934 1991 2990 2051 3.
3080 1987 3539 2053 Damnationis
3560 1987 3749 2070 culpa
3772 1988 3841 2051 in
3877 1986 4013 2052 solo
4051 1985 4313 2052 homine
4334 1983 4666 2071 quaerenda

2761 2081 2895 2150 est,
2963 2081 3030 2138 et
3084 2082 3300 2138 tamen
3363 2072 3640 2138 dicimus
3711 2072 4039 2138 decretum
4102 2071 4229 2138 Dei
4297 2071 4662 2155 praecedere,

2761 2179 2961 2242 quum
3006 2160 3093 2223 sit
3137 2169 3511 2237 aeternum,
3570 2159 3714 2225 sine
3768 2158 3962 2241 eulpa
4022 2170 4266 2224 tamen:
4341 2160 4512 2242 quia,
4565 2155 4668 2221 etsi

2760 2263 2955 2310 causa
2999 2246 3245 2309 aeterni
3291 2245 3530 2311 decreti
3574 2256 3675 2310 est
3718 2243 3906 2309 nobis
3962 2244 4328 2328 incognita,
4384 2246 4546 2309 iusta
4582 2250 4667 2306 ta-

2759 2350 2910 2396 men
2955 2339 3072 2409 est,
3120 2352 3319 2414 quum
3366 2332 3493 2396 Dei
3538 2329 3844 2396 voluntas
3888 2331 3976 2394 sit
4008 2342 4185 2395 certa
4228 2341 4295 2394 et
4336 2330 4469 2395 sola
4506 2327 4668 2392 iusti-

2684 2443 2701 2453 ’
2762 2416 2891 2481 tiae
2937 2416 3181 2501 regula.
3660 2439 3673 2452 ·

2932 2501 3118 2583 Quae
3157 2523 3308 2569 vero
3346 2502 3681 2568 Francisci
3715 2503 3801 2568 sit
3836 2502 4162 2566 sententia
4196 2521 4283 2568 ex
4320 2502 4437 2568 hoc
4459 2500 4670 2582 scripto

2760 2589 3056 2671 apposito
3079 2592 3133 2662 ³)
3163 2609 3528 2673 cognosces.
3598 2588 3733 2654 Nos
3756 2597 3824 2655 et
3844 2586 3927 2652 ad
3963 2587 4234 2654 classem
4282 2596 4348 2653 et
4391 2585 4469 2652 ad
4492 2585 4671 2650 Fran-

2757 2676 2990 2740 ciscum
3036 2676 3448 2759 scripsimus,
3497 2687 3563 2740 et
3610 2683 3950 2757 utramque
3995 2684 4249 2757 partem
4308 2673 4389 2739 ad
4432 2690 4672 2740 concor·

2761 2758 2935 2825 diam
2979 2758 3308 2826 cohortati
3352 2781 3610 2837 sumus,
3666 2759 3935 2861 indigne
3980 2761 4267 2826 ferentes
4309 2761 4482 2843 ipsos
4524 2776 4673 2821 nova

2759 2846 3151 2912 constituere
3195 2845 3661 2929 pronunciata,
3723 2845 3958 2928 quibus
4002 2845 4114 2928 qui
4160 2865 4294 2911 non
4340 2841 4671 2912 subscribe·

2759 2940 2906 2998 rent
2980 2950 3219 2996 vexare
3298 2930 3560 2995 vellent.
3687 2930 3749 2995 N
3751 2953 3835 2996 on
3909 2951 4052 2997 esse
4121 2930 4295 2998 hanc
4352 2931 4523 3014 pacis
4576 2924 4673 2994 sed

2758 3017 3115 3083 multarum
3178 3014 3522 3082 turbarum
3573 3016 3772 3082 viam.
3876 3017 3966 3081 Et
4028 3035 4220 3101 spero
4279 3039 4393 3084 nos
4455 3011 4673 3098 aliquid

2758 3103 3123 3186 profecisse.
3214 3100 3411 3168 Volui
3471 3102 3632 3169 haec
3693 3102 3809 3168 tibi
3867 3102 4239 3187 significare
4257 3156 4274 3183 ,
4341 3115 4417 3169 ut
4467 3100 4674 3168 saltem

2851 3195 3027 3255 stum
3073 3208 3296 3254 eorum
3339 3208 3505 3272 quae
3551 3188 3675 3256 hac
3718 3188 3791 3254 in
3823 3208 4021 3258 causa
4063 3187 4169 3254 hic
4214 3199 4534 3275 geruntur
4573 3186 4672 3249 ha·

2801 3295 2945 3340 eres
2963 3325 2980 3353 ,
3037 3279 3105 3339 et
3159 3273 3398 3341 futuris
3452 3295 3703 3358 quoque
3757 3284 3938 3341 tanto
3997 3275 4231 3342 melius
4277 3274 4670 3359 prospiceres.

2761 3396 3612 3408 ———————
3654 3360 3913 3428 Bernae
3977 3366 4070 3425 14.
4120 3360 4463 3428 Decembr.
4516 3358 4670 3422 1552.

4092 3499 4165 3564 Τ.
4214 3499 4301 3564 lo.
4351 3498 4523 3564 Hau,

3629 4027 3825 4099 1⁶89.

2934 4180 3112 4248 LES
3157 4168 4265 4352 MmlsmggsszlgjgssNEm
4311 4183 4508 4252 AUX

2925 4457 3128 4523 Lewre
3171 4457 3247 4524 dc
3287 4457 3867 4524 recommendation.

2776 4627 2945 4700 Copie
2990 4636 3204 4684 contem
3244 4629 3429 4684 oraine
3477 4645 3603 4683 sane
3647 4630 3941 4701 sign-ture.
4024 4631 4165 4686 Bibl.
4211 4632 4279 4686 de
4319 4631 4536 4687 Geni-ve
4581 4624 4677 4682 MS.

2782 4696 2868 4767 07,
2902 4699 2995 4753 fol.
3030 4698 3114 4753 36.
3302 4698 3383 4752 ies
3416 4698 3538 4767 plus
3586 4699 3831 4754 recentes
3875 4699 4003 4753 ibid.
4042 4700 4165 4754 Vol.
4206 4700 4326 4770 111,
4361 4702 4453 4755 fol.
4487 4697 4597 4762 269,
4631 4701 4678 4747 et

3092 4767 3125 4821 a
3159 4769 3333 4821 Berne
3371 4784 3476 4821 aux
3511 4767 3779 4822 Archives
3815 4768 3957 4839 Epp.
3996 4769 4085 4824 VI.
4122 4786 4175 4838 p.
4207 4767 4359 4836 249.)

2749 4939 2883 5005 Les
2929 4938 3263 5005 ministres
3315 4938 3395 5004 de
3438 4939 3504 5005 la
3546 4940 3792 5023 parolle
3850 4939 3929 5005 de
3978 4939 4152 5006 Dieu
4195 4962 4278 5006 en
4324 4941 4566 5027 lEglise
4605 4934 4674 4999 de

2750 5025 3023 5093 Geneve
3067 5046 3107 5091 a
3149 5033 3297 5092 tous
3339 5027 3502 5093 bons
3544 5024 3795 5091 fidelles
3828 5034 3894 5091 et
3926 5046 4089 5110 gens
4130 5029 4482 5113 craignans
4502 5024 4677 5090 Dieu-

2920 5162 3225 5229 Dautant
3293 5183 3419 5246 que
3500 5184 3575 5230 ce
3649 5145 3818 5228 frere
3888 5183 4150 5230 nomme
4211 5164 4424 5235 Iehan
4491 5162 4560 5228 de
4622 5155 4678 5222 ἴα

2794 5289 3157 5306 --.-—-—0—-Q··—-

2954 5348 3014 5416 3)
3051 5347 3177 5407 Sca.
3218 5349 3570 5420 Sampaulim·
3600 5367 3678 5421 ep.
3714 5350 4130 5408 adBerncnses
4164 5353 4240 5410 N.
4280 5352 4435 5407 1677.
