4900 6167
275 418 375 485 m

274 603 563 687 hospitem
595 599 771 667 domi
806 622 964 668 suae
997 600 1470 667 humanissime
1502 599 1760 683 excepit
1799 604 2178 681 exceptum·

410 688 709 767 retinuit,
762 687 974 771 quoad
1015 693 1153 753 tota
1193 706 1318 764 res,
1375 683 1457 751 de
1498 706 1677 751 more
1718 685 2176 751 consentienti-

268 701 375 839 ΞΣ
418 774 707 838 omnium
764 774 1043 837 fratrum
1107 771 1375 838 calculis
1388 818 1406 848 ‚
1471 772 1889 855 ipsorumque
1942 769 2024 835 de
2069 790 2177 835 me

267 856 703 943 praeiudicium
765 857 1229 942 comprobante
1292 865 1527 923 senatu
1542 907 1558 935 ,
1633 878 1716 922 ex
1780 857 1984 922 animi
2043 857 2177 920 mei

266 943 566 1009 mtentia
619 944 787 1010 foret
836 944 1145 1010 confecta.
1245 943 1417 1009 Nam
1460 943 1821 1008 Lausanna
1871 962 2176 1008 reversus

265 1029 334 1095 D.
383 1028 672 1095 Mus
728 1030 1022 1095 Bernam
1076 1050 1231 1094 mox
1288 1028 1569 1094 advolat.
1670 1026 1837 1093 Inde
1898 1028 2175 1111 repetito

264 1121 387 1199 post
423 1113 695 1180 biduum
738 1115 1065 1181 Neocomo
1118 1113 1286 1179 nihil
1345 1115 1528 1197 prius
1585 1113 1820 1179 habuit
1859 1133 2056 1196 quam
2099 1122 2177 1177 ut

262 1219 352 1266 me
386 1201 798 1285 magistratui
855 1201 1116 1266 sisteret
1169 1199 1672 1282 honorificisque
1724 1197 1943 1265 verbis
2000 1218 2173 1264 com-

260 1285 589 1351 mendaret.
690 1284 942 1352 Aderat
997 1305 1134 1351 una
1187 1284 1273 1350 D.
1332 1284 1811 1366 christophorus
1873 1305 2021 1350 cum
2077 1283 2171 1349 M.

265 1370 423 1437 Petro
462 1371 987 1456 gymnasiarcha.
1067 1369 1311 1438 Omnia
1351 1372 1671 1437 concessit
1711 1380 1976 1436 senatus
2009 1388 2174 1453 quae

260 1456 592 1523 voluimus:
634 1457 826 1524 iussit
866 1478 1061 1541 porro
1104 1464 1178 1522 ut
1219 1455 1337 1522 tibi
1383 1458 1629 1540 gratias
1670 1476 1935 1540 agerem
1977 1474 2173 1537 quam

256 1542 546 1694 Rom-imm
596 1542 771 1626 quod
827 1551 902 1607 tu
944 1543 1236 1627 ipsorum
1291 1540 1689 1626 reipublicae
1744 1549 1813 1607 et
1863 1540 2172 1606 ecclesiae

393 1629 463 1692 in
495 1628 763 1712 negotio
802 1627 1134 1694 studiosus
1168 1629 1415 1694 fuisses.
1481 1626 1665 1709 Quas
1697 1628 1991 1711 ipsorum
2025 1647 2171 1693 ver-

257 1711 339 1778 bis
375 1734 492 1797 ago
551 1714 673 1780 tibi
727 1733 923 1796 quam
976 1735 1242 1798 possum
1297 1713 1657 1792 maximas,
1711 1733 1857 1778 meo
1913 1730 2171 1795 quoque

254 1797 487 1864 nomine
542 1798 915 1876 habiturus,
982 1797 1291 1883 quamdiu
1344 1800 1570 1865 vivam
1588 1849 1604 1877 ,
1652 1797 1848 1883 longe
1890 1797 2172 1862 maiores

256 1903 425 1966 quam
477 1893 555 1949 nt
606 1884 936 1951 referendi
991 1907 1078 1952 ne
1132 1885 1409 1950 minima
1460 1883 1723 1967 quidem
1766 1891 1954 1966 parte
1996 1902 2170 1948 com-

255 1989 352 2052 pos
397 1990 540 2036 esse
597 1991 786 2054 posse
829 1970 1075 2036 videar.
1176 1969 1258 2035 Id
1314 1984 1536 2036 tamen
1594 1969 1874 2035 conabor
1924 1967 2166 2033 sedulo.

256 2053 421 2122 Nunc
462 2055 792 2138 reliquum
828 2077 970 2123 esse
1012 2057 1176 2121 mihi
1218 2056 1412 2122 video
1454 2065 1531 2120 ut
1585 2065 1767 2121 tuam
1819 2054 1952 2119 mei
1994 2072 2168 2117 com·

254 2139 715 2207 mandationem
732 2192 749 2219 ,
808 2162 942 2225 qua
983 2142 1121 2207 sola
1161 2142 1315 2207 freti
1358 2142 1594 2206 fratres
1633 2160 1740 2205 me
1780 2147 1859 2204 ut
1898 2141 2170 2204 fratrem

256 2226 641 2292 utimum
708 2236 1144 2311 susceperunt
1222 2227 1403 2291 omni
1467 2246 1628 2291 cura
1691 2223 1910 2290 studio
1973 2231 2170 2306 atque

252 2330 425 2394 opera
491 2313 905 2395 comprobem
925 2365 940 2391 ,
998 2334 1082 2378 ne
1138 2323 1254 2379 aut
1307 2325 1489 2380 tuam
1555 2310 1637 2377 de
1684 2331 1790 2376 me
1832 2318 2170 2393 exspecta·

252 2397 468 2462 tionem
483 2449 501 2478 ,
570 2407 689 2463 aut
750 2398 1013 2464 illorum
1077 2398 1158 2465 de
1210 2407 1327 2463 tuo
1388 2396 1632 2462 iudicio
1684 2397 1990 2462 fiduciam
2049 2394 2170 2459 ali-

256 2481 483 2564 quando
524 2483 833 2549 fefellisse
874 2484 1118 2550 videar.
1186 2483 1493 2550 Orandus
1535 2484 1760 2566 itaque
1799 2481 1965 2546 mihi
1983 2479 2169 2546 Deus

258 2577 365 2646 est,
416 2589 561 2634 eam
616 2579 692 2634 ut
746 2568 860 2634 ille
925 2570 1092 2635 mihi
1147 2580 1430 2634 mentem
1489 2569 1810 2653 propitius
1873 2565 2168 2649 inspiret,

257 2672 360 2736 qno
397 2655 647 2737 possim
691 2662 989 2739 suscepto
1030 2655 1156 2722 hoc
1190 2654 1597 2720 sanctissimo
1639 2674 1908 2719 munere
1950 2651 2035 2717 ad
2069 2651 2172 2717 sui

257 2740 515 2805 nominis
582 2740 859 2824 gloriam
921 2740 1207 2825 defungi.
1314 2740 1504 2806 Iesus
1568 2739 1908 2818 Christus,
1974 2758 2170 2820 quem

257 2844 435 2890 unum
476 2827 769 2909 respicis,
829 2833 899 2891 te
941 2825 1127 2892 nobis
1170 2836 1363 2909 atque
1404 2826 1565 2892 adeo
1608 2826 1725 2891 toti
1766 2844 1927 2892 suae
1969 2822 2171 2889 eccle·

258 2909 369 2975 sias
405 2931 606 2996 quam
649 2911 1017 2978 diutissime
1059 2921 1278 2979 servet
1317 2912 1726 2977 incolumem.
1812 2910 1899 2975 D.
1953 2906 2171 2976 chris-

256 2995 524 3076 tophorus
584 3003 651 3061 te
692 2998 830 3064 suis
873 2995 1092 3064 verbis
1108 3049 1124 3077 ,
1184 3017 1261 3063 ac
1318 3017 1535 3081 symm
1584 3007 1720 3063 stas
1760 3015 1987 3062 omnes
2026 3001 2171 3059 tuos

257 3080 462 3232 fistrsss
516 3083 886 3149 carissimos
942 3082 1196 3149 salvere
1250 3082 1447 3149 iubet.
1598 3082 1845 3148 eocomi
1889 3084 1988 3145 22.
2034 3078 2170 3145 De·

259 3185 372 3231 cem
414 3169 505 3234 ris
561 3173 741 3233 1551.

1015 3305 1196 3370 Tuus
1241 3304 1682 3371 deditissimus
1727 3303 2086 3387 discipulus

1144 3407 1520 3474 Maturinus
1561 3407 1941 3474 Brossseus.

1214 3701 1417 3709 „m

1116 3916 1301 3987 1574.

261 4068 662 4142 mms‘rm
713 4069 1402 4139 Nsoooumsss
1446 4033 2168 4138 GENEVENsts'us.

411 4246 592 4310 Nova
627 4249 768 4328 post
803 4243 1024 4327 plures
1075 4241 1343 4308 diatribe
1397 4241 2022 4324 anti-hieronymiana
2059 4242 2171 4308 ad-

264 4326 375 4393 dita
412 4331 786 4413 confessione
822 4329 1008 4410 fidei,
1052 4329 1236 4393 cuius
1276 4333 1550 4393 autorem
1590 4323 1684 4392 vel
1724 4327 1982 4410 quecta
2027 4325 2170 4391 sub—

266 4416 566 4497 scaptione
601 4415 791 4498 facile
830 4413 1168 4481 divinando
1210 4414 1576 4496 dimoveris.

269 4581 359 4644 (Ex
400 4586 546 4640 Actis
582 4586 782 4640 Vener.
829 4583 1120 4638 Ministerii
1156 4583 1488 4639 Genevensis
1521 4583 1646 4637 Vol.
1681 4585 1742 4635 Δ.
1791 4601 1847 4652 p.
1891 4581 2008 4636 1⁷3.
2080 4584 2172 4637 In·

404 4683 417 4694 -
464 4654 688 4724 scriptio
723 4659 783 4707 et
812 4653 1134 4721 subscriptio
1170 4651 1367 4704 Farelli
1402 4669 1617 4705 manum
1652 4652 1932 4721 produnt.)

268 4816 505 4889 Eximio.
556 4832 702 4890 tum
760 4824 1001 4908 pietate
1068 4831 1210 4887 tum
1284 4819 1576 4887 doctrina
1630 4823 1899 4888 Domini
1964 4822 2170 4887 nostri

267 4899 395 4971 Iesu
435 4911 638 4976 servis
694 4930 888 4992 quam
947 4907 1324 4975 clarissimis
1369 4908 1735 4989 pastoribus
1777 4907 2169 4974 sanctissimi

270 5001 464 5059 coetus
524 4995 939 5061 Geuevensis
1014 4994 1325 5060 fratribus
1393 5001 1459 5056 et
1533 4994 1917 5078 symmystis
1968 4994 2173 5076 {quam

808 5080 1159 5162 plurimum
1201 5076 1637 5144 observandis.

418 5213 484 5281 S.
548 5216 855 5283 Christus
895 5215 1079 5282 Iesus
1135 5216 1243 5298 qui
1289 5214 1358 5279 in
1402 5235 1591 5280 cruce
1633 5216 1793 5279 vicit
1835 5223 1901 5280 et
1943 5217 2175 5280 trium-

270 5296 478 5378 phavit
515 5303 707 5369 istam
752 5312 969 5368 servet
1002 5301 1346 5368 ecclesiam
1383 5308 1479 5366 tot
1522 5299 1730 5366 modis
1773 5301 1929 5367 olim
1970 5302 2173 5385 impe-

1934 413 2093 477 1551
2139 410 2554 479 DEDEMB.

4090 417 4217 482 222

2280 599 2474 665 titam
2516 618 2594 664 ac
2648 598 3022 664 divexatam
3078 607 3148 664 et
3208 607 3468 666 tantum
3522 621 3654 666 non
3706 620 4000 668 eversam
4016 653 4033 681 ,
4101 601 4218 669 sed

2281 705 2457 750 nunc
2498 685 2773 749 summis
2806 684 3058 750 viribus
3092 706 3133 751 a
3167 683 3412 752 Satana
3453 686 3835 770 impetitam.
3909 687 4217 755 Christus

2280 770 2362 836 ab
2405 789 2540 835 uno
2584 769 2976 854 prodebatur
3015 769 3184 835 Iuda
3201 821 3217 849 ,
3282 770 3363 836 ab
3421 768 3722 838 undecim
3780 771 4215 854 deserebatur,

2279 855 2400 919 uni
2439 857 2676 920 Annae
2716 864 2784 921 et
2824 853 3087 920 demum
3129 856 3328 921 huius
3371 877 3614 940 genero
3658 857 3984 942 Oaiaphae
4028 859 4217 925 siste-

2278 940 2473 1006 batur
2486 992 2504 1020 ,
2562 961 2602 1006 a
2653 941 3037 1023 conspiratis
3091 939 3388 1007 hostibus
3429 963 3580 1008 reus
3622 945 3851 1008 mortis
3891 942 4218 1009 iudicaba—

2277 1033 2406 1091 tur.
2497 1025 2664 1091 Inde
2708 1026 2790 1091 ad
2824 1026 3134 1105 Pilatum,
3179 1046 3220 1091 a
3260 1048 3389 1109 quo
3433 1027 3516 1091 ad
3549 1027 3880 1093 Herodem
3916 1029 4216 1095 mitteba-

2278 1119 2404 1190 tur,
2450 1121 2517 1175 et
2557 1110 2819 1176 tandem
2862 1111 3073 1177 iudice
3108 1132 3259 1177 eum
3292 1113 3702 1178 innocentem
3738 1115 4216 1197 pronunciante

2275 1196 2707 1275 indicabatur,
2748 1217 2951 1279 quum
2994 1196 3189 1262 sciret
3227 1208 3495 1281 propter
3527 1197 3840 1264 invidiam
3879 1199 4218 1266 traditum.

2277 1282 2416 1347 Ista
2455 1282 2755 1359 ecclesia,
2811 1282 2981 1347 bone
3024 1283 3237 1361 Deus,
3283 1293 3442 1365 quot
3483 1282 3681 1349 Iudas
3727 1285 3961 1350 habuit
4002 1284 4214 1366 prodi-

2274 1377 2451 1432 tores
2493 1375 2562 1433 et
2604 1366 2780 1432 domi
2814 1375 2882 1432 et
2915 1367 3086 1446 foris,
3131 1367 3382 1451 quoties
3416 1368 3683 1434 vendita
3716 1370 3858 1447 fuit,
3903 1369 4214 1454 quamdiu

2276 1461 2341 1518 et
2383 1452 2638 1535 quoties
2681 1452 2936 1518 deserta
2971 1473 3175 1536 paene
3218 1453 3299 1519 ab
3342 1454 3641 1519 omnibus
3686 1454 4015 1521 ecclesiis?
4079 1455 4214 1520 No·-

2274 1547 2431 1602 runt
2475 1538 2588 1621 qui
2650 1537 3033 1604 laborarunt
3072 1558 3192 1621 pro
3233 1539 3593 1621 plantanda
3645 1547 3713 1606 ct
3754 1539 4212 1606 conservanda.

2274 1621 2455 1704 Quot
2496 1623 2831 1706 pontifices
2844 1674 2860 1702 ,
2916 1632 3074 1706 quot
3125 1624 3412 1706 capitula
3468 1646 3651 1690 ream
3693 1627 3926 1691 mortis
3967 1625 4216 1691 iudica—

2274 1717 2465 1786 runt,
2524 1717 2603 1773 ut
2659 1717 2908 1773 taceam
2963 1708 3043 1774 de
3087 1708 3474 1777 domesticis.
3562 1710 3715 1776 Non
3771 1718 4030 1776 tantum
4093 1710 4216 1777 soli

2272 1793 2523 1859 scribae
2566 1803 2634 1860 et
2675 1794 3016 1860 Pharisaei
3072 1816 3224 1861 cum
3282 1794 3726 1862 sacerdotibus
3769 1796 4016 1863 invidia
4057 1797 4214 1862 torti

2272 1880 2343 1944 in
2378 1880 2639 1944 ruinam
2673 1881 2861 1945 istius
2896 1880 3206 1954 ecclesiae
3240 1882 3717 1964 conspirarunt,
3757 1903 3983 1947 verum
4015 1884 4216 1947 ctiam

2271 1965 2468 2047 primi
2502 1967 2614 2047 qui
2648 1968 2900 2031 censeri
2934 1964 3237 2032 volebant
3269 1966 3442 2031 inter
3475 1989 3826 2049 praecones
3868 1966 4208 2052 evangelii.

2271 2051 2523 2116 Pilatos
2581 2071 2713 2116 non
2768 2051 3045 2116 referam
3095 2072 3308 2134 neque
3348 2052 3677 2132 Herodes,
3738 2063 3804 2118 et
3857 2053 3986 2118 alia
4048 2073 4215 2136 quae

2274 2135 2487 2218 quivis
2531 2133 2842 2201 admirari
2885 2136 3132 2212 debeat,
3175 2136 3495 2219 quomodo
3538 2139 3607 2202 in
3643 2147 3741 2203 tot
3774 2158 3853 2203 ea
3894 2158 3976 2204 ac
4011 2137 4215 2204 tantis

2273 2222 2557 2304 potuerit
2600 2222 2704 2286 vel
2747 2221 2973 2287 horam
3009 2224 3377 2289 subsistere.
3448 2223 3656 2288 Nemo
3698 2224 3870 2289 istuc
3910 2223 4215 2289 veniebat

2272 2307 2383 2389 qui
2422 2327 2541 2389 pro
2585 2306 2835 2372 foribus
2878 2328 3009 2373 non
3052 2308 3310 2374 audiret
3352 2308 3676 2375 horrenda
3710 2308 3790 2374 de
3834 2308 4102 2374 ecclesia
4143 2315 4214 2373 et

2271 2392 2684 2475 potissimum
2729 2392 2809 2457 de
2853 2401 3143 2475 pastore,
3202 2414 3394 2477 quem
3451 2415 3527 2460 su
3575 2415 3651 2460 ra
3692 2394 3955 2460 modum
3997 2394 4214 2476 ipsum

2273 2498 2541 2562 gregem
2585 2486 2916 2544 vastantes
2959 2478 3247 2545 oderant.
3334 2481 3416 2544 In
3458 2501 3540 2545 ur
3584 2501 3620 2544 e
3678 2479 3854 2545 aliud
3897 2500 4030 2545 non
4072 2484 4214 2545 erat

2274 2562 2502 2629 audire
2545 2584 2740 2645 quam
2784 2564 3156 2630 invidorum
3213 2565 3617 2632 odiosissime
3668 2563 3907 2631 verba:
3961 2565 4032 2630 in
4075 2585 4215 2629 om·-

2275 2648 2470 2714 nibus
2514 2649 3121 2732 tabernisvinariis
3163 2651 3338 2716 inter
3379 2651 3608 2734 pocula
3659 2650 3828 2715 nihil
3866 2671 3999 2716 non
4044 2649 4214 2716 dice-

2272 2734 2468 2801 batur
2507 2735 2574 2798 in
2621 2735 2958 2800 ecclesiam
2975 2787 2991 2815 ,
3057 2747 3122 2802 et
3178 2736 3243 2802 id
3298 2735 3470 2821 quod
3509 2737 3580 2801 in
3625 2757 3702 2802 ea
3756 2734 4215 2803 commendan-

2275 2820 2433 2884 dum
2476 2828 2635 2884 erat.
2721 2820 2812 2885 Et
2871 2821 3046 2886 domi
3105 2822 3266 2888 hacc
3318 2823 3562 2889 fiebant
3618 2843 3658 2887 a
3709 2822 4076 2905 pastoribus
4131 2819 4213 2886 de

2276 2905 2509 2990 quibus
2561 2904 2829 2972 ecclesia
2892 2915 2959 2972 et
3023 2908 3132 2990 qui
3189 2908 3260 2972 in
3316 2929 3395 2974 ea
3464 2917 3667 2992 agunt
3732 2915 3922 2973 erant
3974 2908 4214 2991 optime

2276 2990 2527 3068 meriti,
2584 3011 2746 3074 quos
2790 2999 2864 3057 ut
2904 2991 3140 3057 fratres
3194 2999 3262 3058 et
3304 2993 3506 3059 veluti
3560 2992 3840 3076 collegas
3895 2994 3967 3058 in
4020 3013 4214 3076 opere

2276 3077 2544 3141 Domini
2587 3085 2993 3160 agnoverant
3048 3078 3204 3143 olim
3259 3078 3351 3161 pii
3403 3087 3710 3161 pastores.
3800 3076 3980 3158 Quid
4023 3089 4212 3161 puta-

2272 3183 2419 3228 mus
2474 3162 2763 3228 effecisse
2818 3163 3044 3246 procul
3111 3162 3439 3246 improbos
3502 3162 3830 3247 ablegatos
3848 3215 3863 3236 ,
3909 3161 4213 3229 Corte-sios

2276 3246 2551 3325 Garozos,
2596 3257 2663 3313 et
2703 3248 2770 3313 id
2805 3270 3015 3333 genus
3047 3249 3138 3313 im
3186 3249 3300 3313 ios.

2445 3331 2583 3399 Sed
2624 3354 2824 3417 quum
2890 3335 3109 3399 omnia
3142 3271 3336 3412 haec,
3402 3335 3701 3418 quamvis
3743 3335 4213 3401 labefactarunt

2272 3417 2549 3498 multos,
2607 3427 2832 3484 tamen
2871 3441 3005 3485 non
3046 3429 3401 3502 potuerunt
3444 3420 3784 3503 prohibere
3828 3420 3985 3503 quin
4028 3418 4213 3486 illus-

2272 3504 2453 3584 trior,
2498 3505 2868 3588 populosior
2910 3513 2978 3570 et
3018 3505 3303 3572 sanctior
3344 3505 3556 3570 indies
3594 3515 3920 3591 surgeret,
3965 3526 4211 3571 cresce-

2273 3597 2378 3655 ret
2420 3597 2489 3654 et
2530 3592 2955 3673 perficeretur
2997 3592 3295 3669 ecclesia,
3355 3591 3620 3656 tandem
3677 3592 3890 3658 visum
3947 3600 4046 3655 est
4087 3587 4211 3654 Sa-

2275 3684 2468 3741 tanae
2505 3686 2571 3740 et
2610 3678 2746 3743 suis
2780 3677 3080 3743 omnibus
3116 3698 3436 3762 organum
3471 3676 3770 3760 deligere,
3816 3674 4215 3758 appositissi-

2273 3781 2456 3825 mum
2498 3781 2654 3827 sane
2698 3761 2779 3826 ad
2823 3783 2893 3827 se
2937 3770 3005 3827 et
3061 3763 3222 3828 alios
3266 3760 3700 3845 perdendum,
3747 3761 4211 3841 Hieronymum,

2273 3855 2486 3912 totum
2528 3847 2873 3930 profanum
2922 3847 3282 3925 hominem,
3339 3850 3451 3930 qui
3491 3847 3563 3911 in
3606 3845 3808 3911 sacris
3848 3866 3984 3910 non
4025 3864 4213 3911 secus

2271 3941 2576 3999 versatur
2630 3954 2828 4015 quam
2882 3932 3445 3999 immundissimus
3500 3952 3764 4015 porcus,
3819 3932 4039 3996 omnia
4094 3951 4213 3996 suo

2274 4015 2794 4083 immundissimo
2857 4029 3068 4084 rostro
3140 4018 3408 4102 profane
3466 4029 3728 4082 vertens
3781 4016 3923 4082 sine
3978 4017 4212 4081 timore

2276 4111 2342 4168 ct
2383 4105 2754 4169 reverentia
2796 4104 3013 4187 aliqua
3054 4105 3376 4182 numinis,
3433 4104 3545 4186 qui
3588 4124 3735 4169 cum
3778 4103 3915 4167 suis
3955 4102 4212 4185 conspi-

2274 4190 2437 4254 ratis
2481 4188 2724 4273 delegit
2775 4190 2899 4256 sibi
2953 4211 3168 4255 arcem
3225 4188 3665 4271 impetendam
3723 4208 3851 4269 qua
3905 4187 4211 4251 nituntur

2273 4276 2381 4357 pii,
2428 4285 2493 4340 et
2529 4295 2674 4338 eam
2709 4284 3046 4357 praeterea
3079 4295 3342 4339 movere
3373 4275 3837 4357 quaestionem,
3880 4292 4045 4354 quae
4086 4274 4210 4337 im-

2274 4360 2415 4442 pios
2460 4360 2658 4424 vertit
2697 4362 2769 4424 in
2811 4361 3090 4425 rabiem:
3157 4367 3226 4422 et
3278 4368 3352 4424 ut
3405 4359 3643 4442 satagit
3696 4358 3838 4440 pios
3882 4356 4211 4423 dimovere

2275 4466 2315 4509 a
2355 4445 2731 4510 firmissima
2771 4454 2958 4528 petra
2998 4444 3360 4524 electionis,
3417 4446 3487 4509 in
3526 4462 3651 4526 qua
3691 4445 3909 4508 sciunt
3951 4464 4021 4507 se
4063 4443 4211 4506 fun-

2274 4527 2460 4594 datos
2501 4531 2575 4593 in
2610 4529 2891 4607 Christo,
2938 4529 3021 4595 ad
3064 4551 3258 4613 quem
3303 4531 3492 4594 tracti
3536 4536 3690 4593 sunt
3729 4548 3769 4591 a
3810 4536 4015 4611 patre,
4062 4528 4210 4610 quia

2275 4614 2358 4679 ab
2400 4625 2665 4680 aeterno
2710 4616 2896 4682 electi
2941 4616 3159 4692 (cuius
3205 4615 3386 4680 nulla
3425 4622 3635 4697 potest
3678 4611 3819 4676 dari
3863 4623 4058 4696 atque
4106 4635 4210 4677 as-

2275 4700 2522 4785 signari
2577 4720 2771 4766 causa
2823 4702 2952 4766 alia
3016 4702 3138 4766 nisi
3193 4701 3329 4765 sola
3385 4699 3681 4763 voluntas
3727 4698 3850 4763 Dei
3910 4698 4211 4782 eligentis

2274 4806 2436 4869 quos
2481 4787 2684 4865 vult),
2737 4788 2831 4851 ita
2886 4807 3114 4852 rursus
3171 4794 3439 4851 conatur
3494 4784 3966 4865 reprobationis
4010 4783 4209 4848 aliam

2275 4873 2670 4937 constituere
2712 4893 2976 4938 causam
3033 4892 3226 4955 quam
3272 4870 3675 4936 voluntatem
3719 4870 3879 4947 Dei,
3940 4877 4006 4934 et
4061 4888 4208 4951 per-

2274 4959 2465 5023 fricta
2497 4958 2710 5022 fronte
2743 4978 2984 5043 negare
3019 4959 3216 5022 audet
3250 4953 3600 5039 quidquam
3642 4975 3781 5019 esse
3816 4956 4212 5019 destinatum

2275 5045 2472 5109 morti
2528 5053 2597 5109 et
2651 5044 3062 5127 reprobatum
3111 5044 3192 5108 ab
3248 5053 3526 5107 aeterno.
3626 5040 3974 5124 Quumque
4029 5060 4211 5124 mag-

2277 5152 2436 5196 num
2479 5129 2644 5195 illud
2700 5150 3023 5215 organum
3081 5130 3355 5195 electum
3413 5148 3546 5192 non
3600 5127 3878 5193 volentis
3922 5148 4062 5205 esse
4109 5125 4208 5190 di-

2277 5225 2412 5294 cat,
2459 5237 2671 5299 neque
2712 5219 3067 5294 currentis,
3111 5214 3224 5281 sed
3269 5214 3636 5279 miserentis
3678 5211 3825 5293 Dei,
3870 5213 3981 5296 qui
4025 5211 4212 5278 cuius

2279 5301 2423 5368 vult
2465 5304 2815 5368 miseretur
2857 5313 2925 5370 et
2981 5323 3171 5387 quem
3231 5299 3373 5368 vult
3413 5298 3709 5379 indurat,
3774 5319 4104 5384 quumque
4147 5306 4214 5363 et
