4900 6167
648 404 768 467 671

1518 579 1714 651 1854.

1055 736 1519 805 cALvmus
1562 730 2195 831 sommantio.

820 909 1399 979 Mmueiservm
1453 906 1684 973 bibrum
1738 902 2592 972 deRestitutimechristia-

643 1000 859 1077 um,
893 1003 949 1062 et
978 997 1291 1079 promittit
1329 1014 1515 1060 suam
1556 993 1766 1076 ipsius
1807 990 2257 1072 refutationem.

643 1169 759 1236 (Ex
794 1174 1021 1236 autogra
1058 1167 1129 1220 hc
1160 1166 1320 1220 Arch.
1358 1166 1531 1219 Turio.
1570 1163 1665 1217 vl.
1707 1162 1820 1217 Vol.
1858 1159 1957 1215 166
1991 1162 2121 1214 olim
2154 1161 2293 1230 Epp.
2330 1160 2482 1214 Tom.
2502 1159 2586 1226 24,

641 1238 737 1293 fol.
777 1235 856 1289 19.
905 1265 974 1275 —-
1072 1233 1371 1305 xemplaria
1414 1234 1715 1287 recentiora
1757 1231 1937 1311 habes.
1970 1229 2028 1282 in
2074 1230 2217 1310 Epp.
2262 1229 2425 1283 Bern.
2464 1229 2586 1283 VII.

642 1323 701 1379 p.
739 1303 809 1360 89
843 1309 899 1357 et
934 1321 1018 1374 ap.
1069 1303 1279 1358 Simler.
1329 1300 2087 1440 Vollilfflsslfgggffioemum
2124 1316 2178 1352 ιιι
2214 1297 2343 1352 cod.
2383 1298 2585 1353 Gener.

851 1542 1287 1610 Ornatissimo
1335 1543 1472 1609 viro
1518 1542 1599 1605 D.
1647 1541 1935 1605 Hem-ico
1981 1538 2387 1623 Bullingero.

817 1678 889 1747 S.
978 1680 1200 1758 Brevi,
1259 1692 1335 1744 ut
1389 1699 1608 1762 spere,
1669 1678 1990 1759 pleniores
2047 1695 2087 1739 a
2149 1695 2255 1740 me
2314 1674 2587 1758 recipies

640 1765 886 1832 literas.
975 1765 1217 1830 Fidum
1260 1775 1480 1829 tamen
1524 1763 1859 1828 hominem
1914 1770 2176 1836 neotus,
2232 1782 2349 1845 per
2391 1780 2587 1844 quem

640 1851 766 1919 fibi
807 1850 1050 1916 librum
1096 1850 1331 1917 Sor-veti
1375 1851 1717 1927 mitterem,
1762 1848 2080 1914 occasioni
2123 1846 2349 1912 deesse
2384 1847 2584 1912 nolui.

640 1937 724 2004 Si
781 1935 939 2019 quid
992 1937 1157 2001 mihi
1206 1935 1626 2001 relaxationis
1679 1954 2060 2000 concessum
2116 1933 2344 2011 fuerit,
2401 1933 2587 1998 brevi

638 2021 862 2088 libello
905 2022 1095 2105 quale
1133 2031 1499 2087 monstrum
1542 2020 1738 2086 fuerit
1773 2019 2133 2097 ostendam,
2189 2040 2276 2084 ne
2310 2018 2589 2101 improbi

644 2108 845 2192 (quod
904 2109 1046 2174 fieri
1103 2108 1405 2174 Basileae
1427 2111 1481 2181 ¹)
1540 2105 1760 2183 audio)
1819 2104 2205 2171 maledicere
2275 2114 2583 2189 pergant:

639 2215 729 2260 ne
771 2195 968 2259 etiam
1010 2194 1505 2260 obmurmurent
1545 2191 1849 2275 imperiti.
1939 2190 2124 2267 Vale,
2170 2193 2411 2275 optime
2462 2192 2587 2267 vir,

642 2286 712 2344 et
754 2300 839 2345 ex
894 2281 1113 2345 animo
1165 2278 1329 2344 mihi
1386 2277 1794 2344 observande
1824 2278 2088 2356 ·frate1·‚
2143 2297 2292 2342 oum
2337 2275 2590 2341 familia

639 2372 757 2430 tua
798 2376 868 2431 et
909 2365 1190 2449 collegis.
1258 2363 1590 2430 Dominus
1634 2385 1748 2428 vos
1792 2372 2054 2428 tueatur
2074 2372 2143 2428 et
2184 2373 2373 2447 regat
2416 2383 2589 2428 sem-

638 2452 774 2535 per.
866 2451 1173 2519 Genevae
1219 2455 1318 2515 22.
1366 2450 1755 2515 Novembris
1798 2453 1979 2514 1553.

1553 2586 1837 2653 Ioannes
1882 2585 2199 2652 Calvinus
2245 2593 2414 2651 tuus.

1520 3096 1709 3170 1855.

1000 3255 1556 3325 BLAURERUS
1599 3252 2235 3323 BULLINGERO.

810 3428 1147 3495 Horrenda
1188 3433 1335 3493 sunt
1385 3448 1543 3510 quae
1584 3427 1661 3492 de
1706 3425 1952 3492 Serveto
1993 3426 2347 3491 audiuntur
2388 3430 2445 3489 et
2488 3424 2586 3489 ni-

638 3514 980 3581 hilominus
1020 3534 1168 3580 suos
1208 3513 1430 3579 habent
1470 3516 1797 3578 sectatores
1837 3517 1896 3578 et
1937 3511 2368 3577 admiratores.

640 3686 996 3757 (Excerptum
1044 3703 1111 3739 ex
1147 3690 1275 3739 auto

776 3755 945 3810 Seu-in.
986 3755 1047 3807 Β.
1084 3755 1224 3824 epp.
1317 3754 1386 3807 01.
1423 3752 1508 3819 28,
1543 3753 1632 3806 fon.
1673 3750 1787 3805 780.
1828 3781 1890 3791 -
1928 3752 2140 3806 Sim1er.
2179 3750 2303 3805 v01.
2341 3721 2449 3815 ed.)

632 3923 1213 3990 Praestantissimo
1254 3925 1395 3989 viro
1440 3923 1521 3988 D.
1568 3923 1930 3989 Heinricho
1958 3922 2346 4007 Bullingero
2390 3921 2585 3987 fratri

1094 4019 1162 4074 et
1202 4011 1411 4077 amico
1456 4031 1573 4076 suo
1615 4009 2126 4093 incomparabili.
2441 4032 2454 4047 ·

631 4180 2585 4196 ——-—-—-—-——-——————--———-—

805 4233 951 4299 Iam
996 4233 1222 4298 horret
1264 4234 1525 4297 animus
1569 4230 1651 4297 ad
1693 4254 1771 4298 ea
1812 4251 1977 4314 quae
2018 4231 2099 4297 de
2138 4230 2385 4296 Serveto
2428 4231 2585 4296 scri-

630 4319 752 4386 bis.
781 4320 834 4402 ¹)
943 4318 1307 4402 Sperabam
1373 4338 1504 4382 una
1567 4338 1718 4383 cum
1794 4326 2023 4383 autore
2089 4317 2310 4382 omnia
2382 4317 2582 4383 semel

629 4404 1018 4488 blasphema
1059 4405 1261 4485 ipsius
1307 4400 1616 4488 dogmata
1656 4405 1810 4487 igne
1853 4404 2248 4469 exstinctum
2292 4403 2404 4467 iri:
2466 4400 2581 4466 sed

625 4711 697 4749 ea
738 4693 866 4747 1534
902 4700 992 4748 eut
1024 4702 1216 4764 quatre
1259 4695 1496 4760 enfaats.
1580 4694 1780 4763 (Haay
1816 4694 1965 4748 VIII.
2004 4693 2151 4761 287).
2224 4694 2390 4749 Dans
2424 4700 2581 4749 notre

621 4762 820 4835 pende
862 4765 919 4817 la
956 4762 1136 4818 Dame
1178 4763 1244 4818 de
1283 4765 1431 4819 Pom
1476 4767 1513 4819 ὰ
1559 4763 1786 4834 laquelle
1834 4771 1964 4818 cette
2008 4765 2158 4817 lettre
2204 4770 2284 4819 est
2330 4763 2581 4819 adaeeesee

626 4830 746 4889 doit
791 4833 946 4888 avoir
972 4829 1056 4888 ἑτέ
1099 4840 1229 4889 cette
1273 4832 1489 4888 Jeanne
1532 4833 1598 4887 de
1638 4833 1897 4888 Gontaut.
1983 4831 2095 4887 Son
2128 4833 2276 4897 frere
2318 4848 2393 4887 au
2439 4833 2582 4899 sajet

627 4900 831 4971 auquel
879 4899 1072 4956 Calvia
1118 4903 1341 4956 insinue
1383 4902 1515 4972 qu’il
1567 4902 1753 4955 aur-ait
1799 4901 1983 4956 beeoin
2030 4899 2194 4955 d’etre
2240 4900 2458 4955 ramene'
2504 4917 2580 4955 aa

627 4968 780 5025 droit
812 4971 1045 5037 chemin,
1088 4974 1257 5025 serait
1302 4988 1377 5024 nm
1419 4986 1759 5040 personnaye
1806 4974 2049 5025 inconnu
2083 4970 2152 5025 de
2184 4970 2241 5024 la
2269 4970 2479 5037 familie
2513 4970 2579 5024 de

633 5037 898 5095 concam
969 5039 1054 5093 M.
1094 5039 1311 5095 Boane:
1345 5055 1421 5094 aa
1454 5040 1731 5095 contraire
1773 5041 1913 5095 croit
1954 5039 2090 5109 qu'il
2126 5040 2271 5108 sapit
2304 5040 2380 5092 du
2413 5041 2576 5094 beau·

746 5125 775 5163 e
806 5110 1047 5164 Antoine
1080 5109 1147 5163 de
1182 5110 1349 5164 Pom.
1426 5107 1628 5163 orottet
1659 5109 1755 5161 κά
1788 5111 1949 5175 point
1980 5124 2161 5162 eoam
2195 5112 2324 5162 cette
2359 5109 2523 5164 lettre.

841 5180 890 5245 1)
942 5178 1073 5232 Vide
1169 5195 1226 5247 p.
1266 5178 1552 5233 Grataroli
1583 5182 1633 5230 et
1679 5177 1780 5229 Ver
1815 5179 1922 5230 eris·
1949 5177 2344 5245 praecedentes.

625 5244 803 5301 1855.
829 5247 885 5311 1)
936 5247 1089 5302 Tales
1107 5194 1320 5302 'iiten-ae
1363 5247 1674 5316 Bullinqeri
1714 5262 1751 5299 a
1838 5245 2167 5300 Blaurerum
2213 5247 2449 5315 scriptas
2495 5261 2576 5301 re-

625 5321 810 5386 perire
840 5331 952 5371 non
985 5318 1221 5386 contiqit.

2140 387 2666 495 EPIS'POLAEf
2717 391 3138 455 1854—1858

1342 3724 1355 3737 .
1394 3683 1556 3737 Arch.
1592 3683 1770 3737 Turio.
1808 3683 1954 3738 Plut.
1992 3682 2078 3735 VI.
2117 3682 2243 3736 Vol.
2279 3680 2381 3735 163
2456 3681 2585 3734 olim
2642 3732 2648 3745 ‚

4506 391 4618 453 672

2690 578 2786 644 ita
2827 586 2928 645 est
2970 579 3102 643 iam
3143 576 3298 643 inde
3339 576 3421 644 ab
3460 577 3653 645 initio
3685 573 3994 655 mundus,
4036 583 4113 642 ut
4143 574 4314 642 nihil
4347 596 4622 660 unquam

2690 674 2827 729 tam
2883 663 3268 743 absurdum,
3329 672 3468 728 tam
3523 664 3833 747 impium,
3893 670 4032 727 tam
4086 662 4288 728 etiam
4330 661 4412 727 ab
4452 664 4621 728 omni

2689 748 3032 816 honestate
3093 749 3633 833 humanitateqne
3701 748 3993 814 alienum
4058 768 4100 813 a
4162 766 4480 832 quoquam
4540 749 4622 813 sit

2690 833 3008 901 traditum
3064 835 3236 919 quod
3288 856 3423 901 non
3477 835 3813 901 invenerit
3861 833 4292 899 admiratores
4350 854 4426 900 ac
4467 842 4623 900 stre-

2688 941 2858 987 nuos
2916 929 3286 988 sectatores.
3376 920 3696 988 Servatcr
3749 926 3818 985 et
3871 919 4112 985 vindex
4169 926 4394 986 noster
4447 918 4623 986 Iesus

2688 1006 2997 1073 Christus
3040 1007 3134 1074 sie
3177 1007 3370 1072 malis
3413 1008 3555 1073 istis
3592 1005 3928 1072 ecclesiam
3964 1025 4148 1071 suam
4193 1012 4511 1083 exerceat,
4553 1014 4625 1070 ut

2687 1091 2942 1158 nullum
2991 1093 3146 1159 binc
3186 1112 3454 1176 prorsus
3496 1091 3895 1158 orthodoxae
3931 1090 4442 1175 apostolicaeque
4485 1090 4626 1158 doc·

2688 1179 2899 1243 trinae
2939 1179 3259 1245 iacturam
3303 1178 3526 1258 faciat,
3588 1177 3703 1244 sed
3759 1178 3829 1241 in
3883 1187 4107 1261 petrae
4150 1175 4478 1243 soliditate
4517 1177 4626 1242 ad·

2688 1285 2924 1330 versus
2978 1266 3339 1331 inferorum
3392 1271 3618 1349 portas
3680 1285 3720 1330 a
3774 1262 4025 1328 dextris
4083 1270 4150 1328 et
4201 1263 4484 1328 sinistris
4523 1283 4628 1327 ae·

2688 1356 2952 1415 ternum
3013 1351 3399 1417 inconcussa
3453 1353 3785 1416 consistat.
3874 1351 4106 1415 Amen.
4165 1385 4249 1397 —
4292 1386 4376 1396 —
4424 1385 4501 1398 —
4548 1384 4626 1396 -

2688 1473 3413 1484 ——————
3459 1440 3560 1501 22.
3605 1432 4000 1501 Novembris

3964 1572 4036 1636 T.
4084 1571 4312 1638 Ambr.
4359 1571 4464 1636 Bl.

3571 2104 3760 2175 185⁶.

3202 2260 3446 2325 BEZA
3492 2257 4127 2327 BULLINGERO.

2870 2431 3149 2498 Genevae
3189 2436 3402 2497 contra
3448 2430 3780 2497 Farellum
3823 2430 4125 2496 tumultus
4166 2431 4485 2511 excitatae,
4527 2431 4634 2512 qui

2691 2523 2899 2584 tamen
2933 2518 3069 2599 ipse
3101 2536 3360 2585 eausam
3401 2536 3587 2582 auam
3621 2516 3789 2582 dixit
3829 2536 4021 2599 eaque
4059 2517 4222 2583 vicit.
4294 2515 4491 2583 Multi
4532 2536 4636 2581 ra-

2693 2623 2896 2670 mores
2934 2623 3009 2668 ex
3051 2602 3293 2686 Anylia
3335 2603 3446 2669 sed
3485 2604 3721 2668 incerti.

2691 2775 2806 2836 (Ex
2854 2779 2982 2827 auto
3081 2775 3192 2845 pho
3241 2773 3403 2827 Arch.
3442 2773 3620 2827 Turio.
3661 2773 3800 2828 Plut.
3849 2774 3949 2827 VI.
3987 2773 4105 2829 Vol.
4143 2772 4273 2843 166,
4321 2777 4456 2830 olim
4489 2777 4638 2831 Tem.

2690 2842 2775 2910 24,
2811 2843 2902 2897 fol.
2942 2792 3082 2897 lg?
3125 2844 3326 2896 Exstat
3359 2842 3524 2896 etiam
3560 2844 3616 2895 in
3651 2842 3777 2896 Cod.
3816 2842 3950 2897 Gen.
3990 2842 4107 2907 119,
4139 2843 4231 2897 fol.
4265 2842 4351 2911 41,
4389 2845 4638 2915 inEpist.

2692 2914 2856 2967 Bern.
2891 2911 2987 2966 VI.
3021 2928 3077 2981 p.
3117 2911 3214 2965 131
3251 2915 3310 2964 et
3343 2912 3489 2980 apud
3524 2910 3813 2965 Simlerum
3850 2912 3968 2966 Vol.
4002 2910 4090 2966 80.
4159 2913 4350 2967 Edidit
4389 2915 4564 2968 Baum
4594 2912 4637 2967 Ι.

3212 2977 3334 3032 429.
3404 2979 3696 3050 Inscriptio
3730 2981 4112 3047 desideratur.)

2696 3185 4638 3202 ——————-—=0-—————-

2863 3238 2970 3303 De
3012 3237 3208 3304 rebus
3252 3238 3495 3304 nostris
3538 3239 3698 3304 satis
3739 3248 3917 3304 recte
3959 3239 4198 3303 omnia.
4265 3238 4480 3305 Dedit
4519 3261 4636 3306 no-

2693 3325 2791 3391 bis
2857 3324 3184 3389 Dominus
3249 3344 3497 3390 novum
3572 3322 3979 3407 praefectum
4057 3323 4139 3389 de
4202 3344 4331 3407 quo
4391 3326 4637 3410 optima

2688 3428 2981 3494 quaeque
3024 3430 3379 3493 speramus.
3465 3410 3569 3475 De
3616 3408 3856 3476 Serveti
3896 3409 4141 3475 infelici
4191 3418 4408 3477 morte
4466 3413 4638 3478 exis-

2689 3496 2849 3561 timo
2892 3503 2958 3560 te
2989 3494 3270 3562 audiisse
3294 3517 3377 3560 ex
3420 3495 3583 3561 aliis.
3654 3494 3783 3562 His
3818 3494 4047 3561 diebus
4074 3496 4462 3562 tumultuati
4483 3503 4638 3564 sunt

2688 3602 2921 3647 rursus
2943 3580 3372 3648 Genevenses
3415 3581 3721 3647 nonnulli
3761 3590 3839 3646 ut
3863 3581 4274 3666 disciplinam
4296 3583 4636 3650 ecclesias—

2687 3668 2886 3734 ticam
2941 3676 3347 3745 everterent,
3419 3675 3487 3731 et
3536 3669 3692 3750 quia
3747 3667 3830 3732 D.
3889 3667 4187 3735 Farellus
4254 3669 4431 3734 serio
4489 3669 4638 3735 illos
4671 3710 4690 3725 -

2687 3750 3085 3837 increparet,
3145 3760 3461 3819 curarunt
3516 3773 3665 3818 eum
3722 3753 3968 3838 insigni
4026 3751 4306 3838 quadam
4349 3756 4426 3820 in
4473 3756 4637 3839 opti-

2689 3860 2870 3904 mum
2914 3859 3142 3905 senem
3182 3848 3252 3904 et
3306 3839 3587 3905 alterum
3642 3840 3932 3923 ipsorum
3990 3849 4331 3923 parentem
4392 3841 4640 3907 iniuria

2689 3926 2750 3989 N
2752 3945 3017 3991 eocomo
3061 3945 3264 4008 usque
3304 3924 3390 3989 ad
3432 3945 3696 3991 causam
3739 3923 4077 3990 dicendam
4121 3927 4408 3993 evocari.
4498 3925 4636 3993 Ad-

2684 4011 2811 4076 fuit
2851 4011 2962 4076 ille
3016 4012 3257 4076 statim.
3347 4010 3523 4091 Quid
3623 4010 3813 4077 lura?
3900 4009 4267 4095 Dissipavit
4309 4012 4638 4079 Dominus

2684 4096 3105 4162 factiosorum
3151 4096 3435 4174 consilia,
3483 4033 3622 4163 smf
3641 4118 3770 4161 non
3817 4097 3960 4163 sine
4005 4117 4244 4183 mag-no
4291 4097 4635 4164 seditionis

2685 4183 2999 4266 pericula,
3055 4203 3256 4265 quum
3304 4182 3455 4248 boui
3501 4204 3727 4248 omnes
3770 4203 3914 4248 sese
3958 4182 4174 4266 palam
4215 4183 4487 4250 illorum
4531 4204 4635 4251 oo-

2681 4269 2951 4334 natibus
3014 4269 3489 4351 apposuissent.
3594 4268 3890 4335 Tandem
3955 4270 4184 4335 melior
4253 4292 4409 4353 pars
4479 4270 4638 4337 vicit

2684 4366 2749 4421 et
2802 4355 2899 4420 illi
2951 4356 3112 4420 victi
3167 4354 3555 4437 gravissima
3612 4355 3842 4438 optimi
3901 4355 4028 4420 viri
4071 4357 4363 4421 oratione
4397 4375 4636 4422 manus

2685 4439 3023 4506 dederunt.
3112 4439 3223 4505 Ita
3263 4447 3419 4504 sunt
3459 4441 3682 4505 omnia
3723 4462 3844 4525 per
3885 4439 4015 4506 Dei
4060 4440 4341 4526 gratiam
4384 4444 4635 4526 optime

3566 4546 3649 4591 na
3682 4547 3831 4611 spes
3874 4528 3978 4606 sit,
4023 4547 4336 4612 magnum
4379 4548 4469 4593 ex
4512 4528 4636 4593 hoc

2684 4528 3057 4609 composita,
3104 4524 3263 4590 adeo
3299 4535 3377 4590 ut
3409 4546 3475 4590 m

3602 4633 3747 4678 eam
3783 4612 4126 4679 ecclesiam
4161 4625 4633 4696 perventurum

2683 4613 2974 4677 tumultu
3020 4610 3430 4677 commodum
3477 4632 3515 4675 a

2683 4712 2749 4763 et.
2791 4698 2972 4764 brevi
3017 4698 3152 4762 fore
3197 4707 3271 4761 ut
3313 4696 3394 4762 de
3436 4698 3710 4763 caeteris
3761 4719 4020 4782 quoque
4062 4697 4347 4766 dissidiis
4392 4700 4633 4766 transi-

2682 4794 2894 4868 gatur.
2984 4783 3076 4849 Et
3117 4783 3278 4847 haec
3321 4782 3582 4866 quidem
3627 4782 3959 4850 hactenus.

2854 4869 2960 4934 Ex
2987 4868 3232 4953 Anglia
3276 4869 3445 4933 nihil
3489 4869 3570 4933 ad
3616 4892 3734 4935 nos
3776 4871 3932 4936 certi
3980 4870 4274 4935 affertur.
4353 4870 4632 4938 Gabinus

2681 4954 3023 5021 Genevam
3071 4953 3282 5035 rediit,
3312 4958 3360 5035 ¹)
3412 4954 3526 5021 sed
3570 4955 3898 5021 hominem
3934 4957 4223 5021 nondum
4260 4956 4417 5022 vidi.
4488 4957 4630 5021 Ru-

2679 5178 2856 5233 1856.
2892 5178 2950 5243 1)
2989 5179 3226 5233 Ochiuus
3263 5178 3434 5232 redux
3469 5181 3538 5232 ab
3563 5180 3756 5249 Anglia
3780 5178 4054 5233 Genevam
4077 5180 4327 5250 pervenit
4359 5178 4628 5249 postridie

2682 5265 2843 5316 quam
2881 5248 3136 5301 Sex-vetus
3171 5250 3481 5301 combustus
3527 5256 3625 5302 est.
3701 5248 3783 5301 Ad
3829 5266 3949 5302 eum
3997 5251 4151 5303 venit
4184 5249 4406 5317 quidam
4448 5248 4542 5318 qui
4577 5247 4628 5301 ei

2680 5327 2913 5371 mortem
2949 5317 3165 5370 Serveti
3199 5319 3460 5371 narravi&
3529 5318 3628 5371 mo
3666 5334 3796 5371 vero
3830 5318 3910 5372 ita
3944 5320 4197 5388 loquutus
4244 5323 4329 5372 est
4363 5323 4428 5370 ut
4460 5333 4629 5387 appa·
