4900 6167
233 415 331 476 ⁶53

230 618 351 666 sum
403 599 497 663 eis
550 599 796 675 fuerat,
854 607 929 664 ut
1000 596 1442 681 Agathopolin
1498 598 1876 676 inviserem,
1942 618 2144 681 quum

240 685 603 751 Vuae-stim
625 695 778 749 ante
802 682 941 750 dies
966 690 1038 747 16
1062 684 1422 761 amiserint,
1448 703 1575 766 quo
1595 706 1633 747 a
1658 685 1842 748 nobis
1863 683 2142 749 alienato

228 791 342 837 nen
360 770 544 836 licuit
585 770 923 837 ecelesiam
968 768 1212 847 videre,
1251 790 1336 834 ne
1376 769 1621 835 malum
1663 770 1835 834 malo
1879 767 2143 834 addere-

228 867 333 922 tur.
419 854 571 919 Ideo
614 855 869 922 sublato
923 878 998 921 eo
1053 876 1254 937 quum
1312 853 1597 920 nondum
1653 864 1978 937 pastorem
2023 854 2138 920 ha-

226 944 433 1017 beant,
500 962 575 1007 eo
630 942 872 1007 missus
928 941 1041 1007 fui.
1130 941 1258 1024 Egi
1315 961 1463 1006 cum
1520 941 1690 1006 iusto
1732 940 1975 1006 civium
2020 962 2140 1004 nu-

226 1048 417 1093 mero:
474 1048 630 1092 nam
686 1037 989 1093 senatum
1046 1025 1419 1091 habuerunt
1475 1048 1607 1091 non
1661 1029 1981 1091 minorem
2037 1032 2138 1089 40.
2189 1020 2196 1077 Ι

225 1114 528 1179 Hortatus
571 1134 717 1178 sum
761 1134 958 1197 super
1001 1126 1288 1196 pastore,
1348 1123 1427 1177 ut
1464 1113 1670 1194 potui:
1719 1134 1983 1196 operam
2029 1112 2141 1176 ob·
2190 1100 2196 1165 l

227 1199 366 1273 tuli,
424 1199 479 1264 si
538 1200 631 1263 uti
686 1200 951 1277 liberet,
1006 1210 1083 1263 ut
1139 1219 1253 1280 per
1306 1218 1412 1262 me
1465 1212 1527 1261 et
1572 1198 1768 1275 alios,
1829 1198 1939 1279 qui
1994 1197 2143 1280 plus

223 1285 484 1367 poednt,
544 1283 1012 1367 disquireretur
1069 1281 1150 1348 de
1192 1282 1439 1348 idoneo.
1528 1283 1677 1347 Non
1736 1293 1993 1348 tantum
2038 1281 2142 1365 egi

224 1370 286 1433 in
336 1378 599 1445 senatu,
657 1368 769 1435 sed
825 1370 1020 1434 etiam
1079 1390 1196 1450 pro
1255 1369 1578 1434 concione.
1669 1368 1878 1433 Valde
1939 1369 2144 1433 amice

223 1477 314 1519 me
363 1466 766 1538 exceperunt
828 1468 895 1521 et
950 1455 1315 1521 audierunt.
1416 1453 1550 1519 Sed
1607 1465 1676 1517 et
1728 1474 1805 1518 eo
1870 1454 2147 1519 inclinat

225 1541 532 1605 sententia
575 1562 833 1618 eorum,
876 1552 951 1605 ut
994 1541 1322 1606 neminem
1367 1541 1501 1605 sint
1544 1541 1836 1604 vocaturi
1883 1550 2147 1622 propter

240 1626 531 1691 Vincentii
572 1647 864 1703 uxorem,
910 1648 1076 1708 quae
1120 1637 1349 1708 questa
1390 1627 1472 1690 sit
1518 1626 1599 1690 ob
1642 1625 1983 1707 quaedam,
2031 1645 2147 1689 cur

223 1714 523 1777 maritum
567 1732 699 1776 non
746 1714 1023 1777 siverint
1064 1710 1177 1776 ubi
1220 1724 1363 1776 erat
1407 1712 1618 1794 prius,
1664 1709 1777 1775 sed
1822 1711 1879 1775 si
1922 1710 2032 1793 qui
2077 1730 2147 1774 se

223 1796 485 1863 offerant
527 1818 609 1863 ex
653 1798 747 1863 eis
802 1798 936 1863 sint
989 1796 1331 1873 delectnri,
1392 1818 1583 1878 quem
1641 1797 1862 1879 plures
1923 1804 2150 1879 petent

224 1904 295 1947 ex
335 1882 542 1967 plebe.
632 1883 970 1949 Feruntur
1010 1893 1142 1948 tres
1181 1904 1252 1948 se
1286 1883 1417 1948 iam
1455 1882 1797 1947 obtulisse:
1843 1881 2148 1946 admone·

221 1967 399 2033 batur
435 1968 672 2052 aliquis
707 1980 970 2034 nostrae
1007 1970 1249 2046 classis,
1297 1977 1369 2033 ut
1412 1988 1490 2032 eo
1529 1968 1930 2043 concederet,
1975 1966 2147 2050 quod

220 2052 365 2118 mihi
412 2053 610 2120 valde
651 2054 925 2138 placuit,
984 2054 1096 2119 sed
1141 2056 1197 2118 is
1241 2074 1376 2119 non
1433 2054 1747 2118 satisfecit
1801 2055 1972 2118 votis
2033 2052 2144 2117 ad-

220 2140 647 2204 monentium:
713 2161 846 2205 non
898 2141 1073 2205 enim
1131 2161 1304 2218 sese,
1358 2148 1436 2204 ut
1492 2141 1601 2204 alii
1662 2141 1788 2203 iam
1835 2140 2145 2217 focerunt,

216 2223 445 2290 obtulit
486 2234 555 2290 et
600 2237 789 2301 recte,
835 2247 1036 2310 quum
1082 2247 1255 2290 unus
1289 2247 1531 2303 eorum,
1576 2225 1686 2308 qui
1725 2245 1866 2290 sese
1901 2223 2149 2290 obtule-

220 2322 381 2383 runt,
443 2312 529 2376 sit
586 2313 690 2375 fur
744 2312 856 2376 ille
916 2312 1299 2384 Ludovicus,
1330 2316 1382 2393 ¹)
1441 2311 1551 2394 qui
1607 2313 1825 2376 omnia
1879 2312 2145 2376 turbare

222 2395 482 2473 studuit,
529 2399 848 2479 surreptis
890 2396 1064 2480 apud
1103 2397 1379 2462 Vir-etum
1422 2396 1526 2461 his
1570 2397 1796 2474 literis,
1842 2409 1909 2459 et
1953 2416 2145 2460 nemo

218 2484 419 2565 magis
461 2484 667 2567 possit
718 2482 870 2549 huic
921 2482 1169 2548 mederi
1225 2481 1484 2560 morb0,
1543 2503 1741 2563 quam
1801 2481 2048 2547 Viretus
2089 2482 2147 2546 si

218 2567 353 2633 istic
396 2568 502 2632 sit.
592 2571 739 2651 Age
795 2590 943 2635 cum
999 2590 1074 2634 eo
1128 2589 1366 2651 quaeso
1423 2578 1498 2632 ut
1554 2587 1676 2631 nos
1734 2568 1860 2631 cito
1902 2566 2149 2631 invisat

222 2662 279 2717 et
316 2654 595 2721 miserae
636 2663 975 2720 succurrat
1028 2654 1123 2718 illi
1168 2652 1489 2719 ecclesiae.
1578 2653 1745 2716 Nam
1807 2653 1973 2717 bona
2015 2654 2145 2717 iam

220 2758 358 2821 pars
416 2739 689 2805 inclinat
744 2739 825 2804 ad
873 2740 1287 2817 Ludovioum,
1389 2741 1454 2803 ui
1513 2739 1731 2803 omnia
1789 2740 1925 2822 agit
1979 2758 2147 2821 quae

221 2835 363 2889 sunt
408 2824 492 2890 ad
544 2846 771 2890 omnes
826 2824 1258 2909 pelliciendos,
1405 2846 1528 2889 ane
1584 2845 1711 2889 non
1774 2831 1878 2888 est
1934 2824 2145 2907 negli-

218 2910 423 2992 genda
477 2910 796 2976 eiusmodi
866 2911 1136 2976 ecclesia
1191 2910 1295 2975 cui
1349 2931 1502 2992 prae
1559 2910 1830 2976 caeteris
1884 2930 2144 2975 succur-

220 3015 350 3060 rere
414 2995 664 3061 Viretus
716 3004 931 3079 potest
987 3006 1052 3061 et
1105 3017 1262 3061 sane
1320 2995 1540 3074 debet,
1597 2996 1665 3059 in
1710 3016 1837 3077 qua
1878 3016 1952 3059 re
1993 3005 2147 3076 opto

221 3090 384 3146 tuam
449 3103 732 3165 oporam,
836 3083 911 3148 si
970 3083 1117 3146 istic
1171 3103 1304 3146 non
1360 3082 1476 3159 sit,
1546 3084 1646 3147 fao
1695 3089 1770 3144 ut
1820 3080 2148 3163 intelligat

220 3186 405 3249 quam
450 3170 537 3231 sit
578 3188 843 3233 necesse
899 3177 973 3231 ut
1017 3169 1237 3232 veniat
1293 3176 1358 3231 et
1414 3167 1723 3233 ecclesiae
1782 3165 1967 3231 adsit.
2056 3167 2148 3231 Et

219 3252 320 3316 ubi
360 3254 621 3320 venerit
664 3262 729 3318 et
772 3253 977 3337 egerit
1031 3274 1183 3323 suas
1239 3261 1457 3337 partes
1513 3274 1631 3336 pro
1687 3253 1955 3318 ecelesia
1996 3252 2143 3331 Dei,

218 3338 593 3421 tempestive
638 3338 721 3402 ad
766 3349 848 3416 te,
894 3340 951 3404 si
996 3337 1299 3404 Christus
1344 3337 1643 3413 voluerit,
1688 3339 2043 3403 veniemus.

374 3425 623 3491 Mirum
671 3444 828 3489 sane
885 3436 1016 3504 est,
1062 3424 1470 3497 zebedaeum,
1520 3424 1859 3507 Anyelum,
1905 3423 2146 3487 Macri>

216 3529 371 3587 mm,
395 3510 455 3595 ²)
498 3511 718 3575 nescio
762 3531 848 3574 an
870 3510 1064 3575 huius
1108 3511 1354 3574 farinae
1398 3510 1528 3587 alii,
1574 3509 1694 3574 sub
1739 3509 1987 3573 coelum
2031 3528 2145 3572 vo-

212 3594 410 3660 larint
450 3595 642 3660 malis
686 3616 841 3660 sane
886 3594 1151 3675 avibus,
1210 3597 1265 3661 si
1323 3617 1482 3660 vera
1525 3605 1679 3660 sunt
1720 3614 1885 3676 quae
1930 3594 2143 3670 audie,

214 3680 372 3745 forte
419 3679 595 3746 aliud
641 3682 881 3757 acturi,
939 3702 1133 3764 quam
1188 3689 1493 3764 egerunt,
1557 3682 1680 3745 etsi
1724 3680 1990 3745 horrere
2034 3677 2144 3743 de·

213 3767 388 3832 beret
432 3768 717 3841 animus,
763 3778 1053 3849 pastores
1095 3767 1544 3842 ecclesiarum,
1590 3785 1756 3849 quae
1800 3779 2146 3831 censentur

214 3852 431 3917 relicto
492 3851 900 3917 Antichristo
965 3851 1377 3935 evangelium
1448 3851 1816 3935 amplexae,
1890 3859 2144 3915 tantam

214 3937 365 4004 adeo
411 3935 864 4003 admirandam
909 3937 1160 4004 Christi
1203 3938 1480 4022 gratiam
1522 3959 1656 4003 non
1701 3936 1890 4001 aliter
1931 3935 2144 4019 suspi-

214 4044 352 4089 cere
412 4036 480 4089 et
536 4032 758 4089 sancte
814 4023 1201 4106 amplexari,
1270 4045 1468 4105 quam
1532 4032 1628 4088 tot
1690 4021 2144 4088 ardentissime

214 4110 499 4192 cupiunt,
567 4119 633 4173 et
674 4120 919 4191 quanto
964 4122 1242 4191 possunt
1282 4109 1511 4174 ardore
1554 4117 1891 4191 quaerunt,
1939 4107 2141 4172 susci·

214 4196 395 4275 piunt
462 4207 529 4258 et
594 4193 998 4292 deglutiunt,
1066 4197 1175 4279 qui
1231 4195 1352 4260 sub
1418 4192 1768 4345 tilrannide
1823 4192 2143 4277 pontificis

214 4289 428 4364 agunt.
497 4280 602 4345 Ita
635 4301 851 4345 visum
898 4288 999 4345 est
1020 4278 1324 4359 Domino,
1370 4281 1438 4346 iu
1489 4281 1679 4345 'cium
1724 4279 2143 4361 reproborum

214 4364 607 4431 horrendum
665 4385 1058 4448 proponere,
1120 4376 1183 4430 et
1227 4387 1489 4431 suorum
1536 4365 1891 4431 electorum
1937 4364 2142 4428 admi-

214 4450 485 4516 randam
527 4452 806 4534 gratiam
852 4451 1328 4517 commendare.

379 4535 548 4602 Vale
604 4546 901 4602 sanctum
969 4536 1219 4601 Christi
1283 4545 1536 4619 pectus,
1597 4546 1666 4601 et
1717 4556 1916 4620 perge
1974 4556 2144 4600 sem-

214 4642 325 4702 per
368 4622 496 4689 Dei
539 4620 788 4687 donum
826 4621 1139 4699 excolere,
1183 4622 1353 4705 quod
1390 4642 1647 4704 semper
1681 4620 1929 4687 felicius
1966 4630 2032 4685 et
2073 4621 2148 4685 li-

216 4705 427 4772 berius
470 4707 671 4774 facias
722 4717 791 4773 et
832 4708 1061 4773 maiori
1105 4709 1336 4773 fructu.
1435 4706 1644 4790 Cupio
1686 4728 1912 4772 omnes
1955 4706 2145 4773 colle-

215 4813 327 4872 gas
399 4793 631 4860 salvos.
747 4793 1065 4859 Gratulor
1122 4795 1311 4857 fratri
1354 4793 1678 4876 longiores
1745 4791 1883 4857 dies
1941 4791 2144 4858 datos.

213 4876 344 4943 Det
384 4879 693 4945 Christus
734 4878 1051 4945 meliores.
1119 4877 1393 4944 Salvere
1437 4900 1588 4943 eum
1634 4878 1943 4961 discupiO,
1987 4871 2149 4942 Nor·

214 5186 385 5243 1887.
424 5188 482 5255 1)
517 5187 697 5243 Lotide
733 5185 987 5252 Μυσίαν,
1023 5202 1071 5240 v.
1107 5201 1135 5239 e
1212 5221 1225 5235 .
1261 5200 1328 5237 m.
1367 5182 1533 5237 Iunio
1567 5182 1706 5237 1548
1737 5183 1988 5251 scriptae.

416 5257 475 5323 2)
516 5256 711 5325 Lanae
751 5261 801 5310 et
850 5255 1005 5309 Aime'
1051 5254 1264 5322 Meyret
1312 5269 1483 5320 supra
1526 5256 1748 5321 saepius
1798 5251 1988 5307 notati.
2068 5249 2149 5303 Tu

218 5341 339 5380 vero
375 5325 589 5380 mireris
622 5329 915 5394 syntaxeos
944 5325 1108 5379 huius
1142 5325 1246 5378 loci
1274 5322 1605 5390 elequentiam.

1932 414 2090 473 1653
2139 404 2455 477 oc'l‘oss.

4068 424 4196 486 654

2245 601 2594 680 mundium,
2638 600 2998 678 Budaeum,
3049 602 3384 681 Trioeium,
3429 602 3954 684 Laurentianum‚
3973 609 4026 686 ⁸)
4079 628 4197 675 ne-

2245 696 2655 769 praeteream
2679 686 3031 753 Robertum.
3052 685 3107 764 ⁴)
3175 686 3446 772 Collega
3476 696 3545 754 et
3584 689 3789 755 frater
3826 701 3888 755 te
3932 692 4192 759 salutat-

2246 772 2414 836 Cum
2461 773 2600 837 vita
2640 794 2774 837 una
2793 776 2846 855 8)
2890 771 3166 839 cessabit
3200 795 3269 837 sc
3311 784 3375 838 et
3397 772 3932 841 aliosinvolverc.
4007 778 4196 847 Vale.

2245 856 2555 923 Neocomi
2606 861 2705 923 20.
2754 856 3056 925 Octobris
3112 863 3287 923 1553.

3253 995 3434 1060 'l'uus
3476 1004 3658 1063 totus
3701 999 4019 1064 Farellus.

2422 1182 2671 1264 Aperui
2694 1184 2751 1264 ⁶)
2811 1181 2929 1247 has
2984 1181 3208 1247 literas
3265 1184 3443 1249 iussu
3505 1184 3764 1251 Farezzi.
3867 1187 4196 1273 Intelligis

2248 1267 2417 1349 quod
2478 1290 2518 1331 a
2572 1288 2675 1331 me
2734 1269 3052 1350 requirat:
3114 1269 3335 1334 nescio
3392 1270 3707 1353 quomodo
3748 1270 3817 1335 id
3860 1282 4196 1357 praestare

2251 1354 2514 1435 possim.
2587 1352 2757 1417 Nam
2803 1374 2994 1419 nemo
3041 1375 3147 1417 me
3193 1376 3323 1419 uno
3369 1358 3439 1419 in
3483 1356 3606 1421 hac
3648 1376 3842 1422 causa
3885 1359 4031 1441 plus
4067 1361 4196 1425 erit

2251 1448 2595 1520 suspectus
2639 1437 2992 1522 credarque
3050 1439 3235 1504 illum
3290 1442 3500 1525 magis
3546 1441 3689 1505 odio
3734 1463 3929 1523 quam
3978 1444 4193 1511 studio

2250 1525 2589 1589 ecclesiam
2606 1528 2663 1601 ⁷)
2728 1524 3034 1590 insectari
3101 1533 3166 1589 et
3228 1528 3516 1609 privatas
3594 1526 3818 1593 ulcisci
3897 1530 4190 1597 iniurias.

2253 1609 2475 1675 Velim
2541 1620 2734 1674 tuum
2807 1609 3030 1675 audire
3088 1611 3439 1676 consilium.
3539 1612 3795 1677 Deinde
3854 1616 3909 1679 si
3968 1634 4194 1681 censes

2252 1695 2589 1777 expedire,
2649 1706 2721 1759 ut
2765 1694 2847 1760 ad
2888 1718 3001 1762 vos
3046 1716 3150 1759 me
3194 1696 3523 1762 conferam
3570 1699 3828 1763 circiter
3870 1701 4194 1766 Martina-

2254 1781 2357 1859 lia,
2380 1780 2432 1865 ⁰)
2491 1782 2698 1845 instat
2750 1792 2882 1845 tem
2933 1803 3027 1846 us.
3113 1781 3304 1861 Quod
3348 1785 3644 1865 queritur
3688 1783 3982 1851 Farellus
4023 1786 4194 1852 nihil

2252 1888 2292 1931 a
2348 1887 2455 1929 me
2511 1868 2834 1950 accepisse
2915 1868 3255 1945 iterarum,
3316 1868 3505 1951 culpa
3549 1882 3648 1934 est
3690 1871 3764 1934 in
3805 1870 4008 1936 fratre
4053 1873 4193 1939 eius

2258 1952 2638 2029 Gaueherio,
2700 1964 2813 2016 aut
2858 1974 3060 2018 uxore
3103 1955 3350 2036 potius,
3406 1952 3488 2018 ad
3530 1975 3691 2038 quos
3734 1977 3947 2039 nuper
3990 1958 4193 2042 scrip-

2252 2059 2487 2115 seram,
2535 2060 2608 2103 ac
2653 2037 2848 2103 simul
2894 2039 3222 2122 rogabam,
3270 2049 3344 2103 ut
3376 2038 3599 2105 literas
3634 2061 3827 2122 quam
3874 2043 4195 2127 ocyssime

2254 2122 2669 2206 perferendas
2714 2131 3037 2199 curarent,
3084 2123 3315 2207 quibus
3359 2137 3504 2190 tuas
3547 2126 3960 2192 incluseram.
4046 2128 4194 2193 Nisi

2252 2229 2321 2273 se
2387 2210 2740 2293 recepisset
2804 2231 2971 2274 uxor
3037 2210 3378 2276 Gaucherii
3448 2213 3762 2276 facturam
3782 2262 3798 2289 ,
3864 2213 4195 2278 misissem

2398 2292 2502 2381 ]⁹)
2563 2296 2934 2378 proximum
2988 2296 3320 2360 nuncium.
3431 2296 3621 2362 Nunc
3677 2297 3974 2380 pluribus
4035 2300 4193 2364 scri-

2295 2402 2403 2444 ere
2448 2401 2579 2446 non
2627 2400 2907 2463 possum.

3117 2909 3314 2979 1838.

2643 3044 3106 3114 CALVINUS
3153 3046 3787 3114 BULLINGERO.

2421 3218 2508 3282 In
2563 3216 2895 3283 Bertelevii
2950 3237 3144 3282 causa
3199 3239 3320 3300 quo
3373 3221 3588 3284 animo
3643 3225 3853 3286 contra
3897 3220 4192 3289 adversa-

2248 3304 2381 3369 rios
2437 3303 2707 3368 laetatus
2762 3304 2874 3379 sit,
2949 3303 3199 3385 quidvis
3243 3324 3568 3384 passurus
3614 3306 3829 3387 potius
3879 3326 4070 3388 quam
4122 3312 4195 3374 ut

2248 3389 2510 3454 cedendo
2551 3388 2935 3472 evanqelium
2969 3388 3274 3470 proderet,
3320 3389 3621 3470 pluribus
3661 3393 3929 3473 exponit.
4026 3391 4193 3461 Gra-

2247 3474 2376 3540 tias
2430 3475 2566 3555 ayit
2620 3474 2696 3538 de
2749 3474 3253 3556 responsionibus
3305 3495 3507 3557 nuper
3546 3477 3622 3541 de
3670 3475 3905 3542 Ser-veti
3959 3479 4192 3561 neqooio

2247 3559 2464 3624 allatis
2521 3560 2684 3640 quod
2725 3560 3086 3640 propediem
3142 3561 3475 3626 diremtum
3537 3562 3624 3625 iri
3677 3562 4191 3646 siqnifieat.1n

2255 3644 2474 3710 Gallia
2507 3646 2759 3727 piorum
2801 3645 3113 3727 supplicia
3156 3666 3280 3711 non
3319 3652 3572 3711 cessant.
3875 3658 3882 3663 ’

2252 3817 2361 3881 (Ex
2410 3818 2584 3870 Beue
2647 3815 2902 3868 thesauro
2946 3816 3081 3869 Gen.
3126 3832 3181 3884 p.
3233 3815 3357 3883 127,
3406 3817 3563 3870 Laus.
3608 3835 3659 3887 p.
3707 3816 3840 3885 272,
3884 3818 4092 3873 HsnoV.
4137 3835 4189 3889 p.

2303 3882 2423 3951 304,
2463 3884 2675 3938 Chonet
2706 3901 2760 3953 p.
2798 3881 2917 3951 172,
2951 3886 3128 3937 Amst.
3165 3901 3216 3951 p.
3254 3883 3337 3949 78,
3374 3885 3457 3938 ed.
3493 3885 3632 3941 Gall.
3677 3886 3852 3940 Berol.
3889 3904 3946 3956 p.
3987 3885 4133 3954 16¹2.)

2423 4054 2729 4137 Intelligo
2789 4075 2871 4118 ex
2929 4056 3061 4120 tuis
3117 4053 3357 4132 literis,
3388 4061 3438 4133 ¹)
3510 4056 3911 4122 observande
3967 4059 4190 4137 stater,

2249 4142 2367 4206 tibi
2412 4159 2546 4204 non
2590 4142 2747 4203 satis
2801 4148 2959 4204 nota
3013 4140 3214 4205 fuisse
3270 4142 3446 4204 mala
3502 4152 3759 4220 nostra,
3827 4143 3909 4207 de
3953 4143 4192 4226 quibus

2248 4223 2419 4309 apud
2464 4237 2532 4288 te
2575 4236 2966 4307 conquestus
3008 4226 3281 4290 fueram.
3370 4225 3546 4307 Quia
3587 4248 3693 4292 me
3736 4229 3829 4292 im
3877 4228 4020 4294 robi
4065 4230 4191 4294 sci-

2248 4321 2373 4375 unt
2412 4310 2802 4375 irritabilem
2846 4332 3004 4387 esse,
3051 4313 3308 4394 saepius
3351 4321 3420 4376 et
3465 4313 3663 4378 variis
3698 4334 3805 4377 mo
3856 4315 3868 4328 “
3951 4324 4194 4380 stoma*

2247 4397 2444 4463 chum
2521 4395 2686 4460 mihi
2762 4397 3086 4460 movendo
3149 4399 3533 4479 patientiam
3597 4408 3910 4465 excutere
3974 4401 4193 4466 conati

2247 4490 2420 4547 sunt.
2513 4483 2801 4547 Tametsi
2853 4502 3011 4546 vero
3054 4482 3336 4548 difficilis
3381 4484 3542 4548 mihi
3587 4484 3713 4549 fuit
3753 4486 3957 4563 lucta,
4018 4506 4189 4550 nun-

2454 4772 2509 4905 {3
2546 4771 2704 4893 Am&
2676 4771 2884 4893 ὥστε
2909 4772 3174 4839 praebent
3206 4773 3572 4825 Laurentium.

2750 4857 2788 4892 n
2882 4878 2898 4893 .

2454 4907 2515 4973 5)
2549 4855 2752 4978 Apelo'yr.
2785 4924 2897 4961 sua.

2455 4975 2508 5041 6)
2549 4976 2840 5045 Sequentia
2873 4976 3060 5031 adseri
3096 4980 3168 5031 sit
3215 4978 3440 5033 Viretus.

2420 5080 2429 5085 -
2458 5043 2517 5106 7)
2555 5045 2923 5114 Apsyrapha:
2958 5062 3051 5098 ecc
3073 5047 3234 5113 esiae,
3269 5062 3335 5100 ez
3371 5048 3692 5102 coniecttaera.
3763 5047 3883 5110 Ille.
3916 5062 4067 5117 quem
4104 5046 4186 5102 di·

2251 5113 2338 5179 cit,
2374 5113 2690 5168 Ludovieus
2724 5122 2819 5167 est.

2455 5181 2517 5247 8)
2552 5183 2601 5237 d.
2639 5182 2720 5237 11.
2755 5180 2900 5237 Nov.

2456 5250 2515 5313 9)
2554 5250 2884 5306 Emendatio
2921 5249 3049 5305 Ood.
3087 5249 3187 5303 116
3223 5251 3440 5322 eiusque
3472 5251 3813 5307 muctam.

2251 5317 2425 5373 1888.
2453 5318 2512 5387 1)
2546 5319 2622 5374 N.
2665 5317 2810 5373 1829.
