4900 6167
272 431 380 499 393

269 627 384 688 im
407 621 796 707 paratv-infit.
845 621 1097 689 Laudes
1139 622 1271 705 ipsi
1313 644 1358 723 q
1391 621 1707 689 Blaurero
1749 622 1943 687 nanis
1983 643 2195 688 cumu-

266 707 1853 945 mmmffimmewoeme
1873 795 1984 877 qui
2020 795 2196 861 ecole-

264 900 381 946 svae
407 899 644 963 praesu
714 929 728 944 .

266 1049 356 1118 (Ex
390 1057 619 1120 autogr-a
658 1051 729 1105 ho
749 1051 963 1106 Codicis
987 1052 1116 1106 bibl.
1142 1052 1375 1122 Sangall.
1412 1052 1614 1105 civicae
1632 1052 1788 1106 MSS.
1827 1047 2042 1120 v0141,
2078 1052 2194 1106 sive

262 1120 384 1199 ΕΗ).
408 1119 576 1200 Tem..
671 1121 711 1173 1.
747 1121 839 1175 fol.
878 1119 992 1173 147.
1055 1125 1280 1202 Apogn
1318 1121 1426 1175 hon
1445 1123 1717 1175 recentius
1753 1129 1932 1201 qxstat
1963 1124 2018 1175 in
2054 1122 2189 1176 bibl.

263 1203 415 1241 cinca
449 1188 626 1243 Tunc.
662 1185 813 1244 MSS.
849 1190 909 1243 F.
947 1188 1019 1243 43
1053 1189 1372 1325 ogra-3381}
1409 1191 1504 1245 fol.
1537 1188 1657 1244 498.
1730 1191 1992 1245 simlerus
2025 1190 2194 1244 habet

409 1430 992 1496 Praestantissimo
1035 1451 1225 1495 servo
1269 1431 1540 1496 Domini
1583 1431 1795 1495 nostri
1838 1431 1992 1496 Iesu
2035 1432 2192 1495 Am-

257 1514 454 1581 brosio
521 1515 846 1581 Blaurero
917 1515 1246 1581 Bielensis
1302 1515 1613 1582 ecclesiae
1680 1536 1878 1599 quam
1946 1516 2190 1582 fidelis-

257 1601 404 1666 simo
465 1609 532 1666 et
575 1601 1083 1686 vigilantissimo
1127 1604 1372 1686 pastori
1428 1603 1615 1667 fratri
1656 1611 1726 1667 et
1785 1615 2191 1687 symmystae

255 1687 656 1769 suspiciundo
703 1755 712 1764 ,

1654 1774 1879 1839 Bielis.

421 1908 792 1976 Valentinus
817 1911 868 1992 ¹)
925 1910 1062 1990 ille,
1124 1911 1308 1977 cuius
1364 1911 1593 1977 exsilio
1655 1933 1850 1995 quam
1906 1914 2190 1977 maxime

254 1994 519 2075 invideo,
563 1995 1088 2080 quandoquidem
1134 1997 1306 2080 apud
1353 2018 1506 2064 suos
1549 1998 1611 2062 ei
1655 1998 1805 2062 licet
1848 1996 2187 2064 Christum

257 2103 592 2166 agnoscere
636 2090 702 2147 et
745 2082 936 2147 fateri
955 2134 969 2159 ,
1029 2092 1096 2146 et
1153 2104 1285 2147 non
1343 2083 1550 2148 solum
1595 2084 1875 2166 patriam
1920 2085 2187 2163 intrare,

255 2189 513 2251 quorum
555 2177 865 2234 neutrum
900 2166 1062 2233 mihi
1091 2168 1260 2248 licet,
1301 2191 1383 2234 ne
1420 2167 1634 2246 dicam,
1667 2169 1805 2246 tibi,
1845 2177 1993 2235 tuas
2023 2170 2190 2236 mihi

253 2252 502 2319 tandem
547 2253 833 2319 reddidit
867 2254 1110 2334 literas,
1154 2264 1569 2339 pervagatus,
1616 2265 1689 2319 ιιι
1731 2254 1885 2321 hinc
1930 2256 2079 2321 inde
2118 2258 2190 2321 in

253 2361 442 2405 unum
487 2347 873 2425 congereret
916 2361 1000 2404 ex
1037 2340 1328 2419 diversis,
1375 2339 1682 2406 Gratiani
1724 2362 1902 2406 more
1947 2349 2013 2406 et
2048 2342 2189 2407 sine

253 2425 510 2505 delectu,
556 2425 870 2511 quidquid
915 2427 1360 2509 unusquisque
1406 2425 1607 2492 vellet
1645 2428 1917 2512 pingere
1960 2428 2032 2492 in
2070 2449 2189 2493 suo

251 2511 431 2577 libro:
495 2532 826 2596 quumque
878 2520 943 2576 te
987 2512 1281 2577 viderem
1336 2520 1402 2577 et
1445 2512 1624 2592 alios,
1685 2534 1843 2596 quos
1888 2513 2186 2596 suspici0,

253 2619 355 2662 sua
399 2598 704 2683 symbola
744 2597 1127 2675 contulisse,
1171 2599 1478 2663 maximis
1523 2598 2036 2683 flagitationibus
2079 2599 2190 2663 ad-

253 2693 419 2750 actus
465 2705 764 2768 pannum
806 2703 1138 2767 purpurae
1181 2682 1457 2749 aliorum
1502 2686 1707 2762 assui,
1766 2706 1968 2768 quum
2025 2706 2186 2750 non-

249 2770 400 2835 nulli
444 2790 578 2836 non
624 2790 916 2854 pannum
955 2769 1067 2834 sed
1103 2768 1314 2834 lutum
1351 2770 1835 2854 inspersissent.
1903 2771 2187 2850 Miror²)

250 2854 429 2922 hodie
468 2855 756 2921 inveniri
799 2855 941 2939 qui,
998 2855 1294 2939 neglecto
1351 2856 1486 2922 sole
1530 2856 1819 2922 iustitiae
1837 2908 1853 2934 ,
1909 2866 1976 2922 et
2019 2856 2186 2922 nihil

249 2951 542 3008 curantes
599 2941 869 3007 domum
925 2942 1131 3025 ipsius
1191 2952 1263 3007 ut
1319 2942 1406 3008 sit
1463 2941 1736 3021 munda,
1796 2950 1863 3008 et
1918 2951 2186 3027 aspectu

249 3027 384 3092 fidei
431 3049 547 3111 per
591 3028 930 3094 caritatem
975 3029 1321 3111 operantis,
1383 3028 1518 3094 sole
1563 3037 1787 3095 sancte
1844 3029 2184 3095 coniuncto

249 3112 412 3179 fideli
455 3114 665 3180 menti
706 3133 826 3196 per
867 3114 1173 3197 spiritum
1217 3135 1407 3180 suum
1454 3115 1618 3180 mire
1661 3113 2011 3181 foecundat
2055 3123 2184 3180 ter-

248 3219 373 3265 ram
422 3209 487 3265 et
530 3220 697 3283 quae
756 3200 823 3264 in
881 3219 962 3264 ea
1003 3209 1186 3279 sunt,
1241 3220 1500 3265 summa
1552 3201 1958 3285 impudentia
2014 3200 2185 3266 defe-

248 3294 398 3351 runt
441 3287 662 3352 omnia
703 3285 1065 3351 inanimato
1109 3285 1231 3350 soli
1274 3293 1342 3349 et
1382 3286 1939 3353 coniunctionibus
1982 3286 2187 3353 domi-

247 3370 355 3437 bus
399 3382 463 3437 et
508 3369 908 3455 aspectibus:
956 3392 1077 3437 nec
1111 3373 1299 3437 venit
1339 3371 1470 3438 illis
1513 3372 1582 3436 in
1628 3381 1915 3438 mentem
1961 3393 2187 3439 servos

249 3454 362 3523 Dei
407 3479 666 3542 semper
709 3456 1110 3541 praedixisse
1162 3457 1332 3523 bona
1375 3457 1480 3523 his
1525 3459 1634 3541 qui
1681 3459 1916 3524 timent
1958 3459 2186 3524 Domi-

248 3564 413 3622 num,
471 3545 585 3627 qui
642 3565 807 3627 pure
850 3543 1162 3609 invocant
1205 3553 1631 3622 servatorem,
1686 3553 1754 3608 et
1810 3544 2033 3610 omnia
2086 3545 2187 3610 in-

251 3629 446 3697 fausta
515 3629 650 3694 illis
720 3630 830 3711 qui
901 3649 1021 3694 sua
1077 3628 1408 3713 impietate
1480 3651 1727 3695 numen
1801 3629 2066 3696 irritant
2124 3638 2190 3696 et

252 3736 377 3782 sese
418 3715 811 3802 praecipites
873 3713 1035 3780 dant
1086 3714 1155 3779 in
1211 3714 1384 3780 mala
1440 3718 1687 3793 omnia,
1745 3721 1812 3780 et
1864 3738 2187 3798 nusquam

251 3804 612 3868 meminisse
666 3801 823 3866 solis
879 3811 1006 3868 aut.
1048 3800 1408 3880 stellarum,
1455 3823 1575 3868 nec
1619 3801 1732 3867 illa
1776 3801 2030 3867 attendi
2075 3802 2190 3867 do-

251 3897 544 3967 cuerunt,
606 3887 722 3952 sed
782 3895 857 3953 ut
914 3907 1139 3953 omnes
1195 3885 1542 3953 infeliciter
1598 3889 1736 3952 nati
1782 3898 1849 3952 et
1892 3888 2189 3971 concepti

252 3972 323 4037 ad
365 3974 732 4040 Dominum
777 3981 1319 4039 converterentur
1336 4024 1352 4051 ,
1412 3994 1603 4057 quem
1659 3994 1818 4037 mox
1873 3974 2192 4040 haberent

250 4060 611 4144 propitium,
669 4066 737 4123 et
780 4060 890 4142 qui
934 4057 1202 4137 docent,
1259 4069 1375 4124 aut
1416 4060 1631 4143 potius
1676 4058 2044 4126 docentium
2089 4060 2187 4125 lo-

252 4164 382 4210 cum
432 4153 791 4229 occupant,
865 4145 934 4209 in
1005 4153 1182 4211 astra
1247 4144 1541 4211 referunt
1595 4146 1816 4211 omnia
1873 4153 1942 4210 et
2004 4145 2187 4212 illinc

251 4231 520 4311 pendere
569 4231 805 4297 volunt
859 4242 960 4295 ter
1002 4231 1219 4297 insani
1262 4231 1588 4298 homines:
1645 4240 1719 4296 ut
1761 4230 1892 4296 alia
1934 4238 2186 4297 taceam

253 4335 397 4398 quae
441 4319 513 4383 in
558 4318 860 4402 congerie
913 4316 1229 4383 Valentini
1272 4316 1691 4401 deprehendi.

405 4402 544 4470 Sed
589 4403 786 4468 venio
844 4402 925 4468 ad
982 4413 1128 4468 tuas
1182 4402 1425 4469 literas.
1514 4403 1712 4469 Prius
1767 4411 1830 4467 te
1874 4410 2189 4486 expertus

255 4507 447 4568 eram,
509 4497 577 4554 te
633 4489 763 4554 mei
822 4509 1019 4571 quam
1075 4490 1616 4567 amantissimum,
1675 4487 1790 4554 sed
1832 4489 1904 4553 in
1948 4490 2078 4554 tuis
2122 4496 2189 4553 te

251 4741 414 4799 1084.
441 4744 502 4810 1)
547 4743 686 4814 Quis
719 4745 808 4799 Mc
837 4744 1011 4810 fuerit
1043 4749 1094 4797 et

251 4816 337 4894 qui
365 4816 477 4883 ipsi
681 4819 841 4894 entes
862 4813 1004 4867 ailad

251 4897 425 5016 251ιῶ
557 4952 608 5006 α
639 4898 944 5004 ἴεῶιᾶιρρο
978 4883 1076 4952 qui
1107 4896 1257 4935 anno
1300 4881 1512 4935 denum
1547 4880 1685 4935 1556
1726 4881 1999 4937 &aaut
2030 4899 2185 4937 venc-

1272 4745 1283 4758 '
1341 4744 1602 4799 eoenobn'o
1634 4745 1851 4809 frustra
2067 4747 2077 4759 '
2149 4746 2187 4799 '8

253 5033 376 5098 ....
405 5019 693 5088 m...
727 5023 815 5074 ...
861 4956 1155 5100 ‚amm
1140 4948 2122 5103 »masmar-:ama
2103 4952 2185 5077 εῖτ.

255 5087 308 5139 ui
336 5093 542 5143 tantun
575 5095 778 5145 certum
813 5088 1027 5143 nudetur
1063 5088 1267 5142 Italum
1303 5102 1414 5142 nou
1443 5086 1621 5154 fuisse
1654 5088 1797 5145 hunc
1825 5089 2186 5153 Valentmum,

257 5158 911 5292 εἰοάζὶιςίπὲῗυετόᾳη
988 5159 1171 5239 ἀνία.
1604 5226 1680 5239 ..
1801 5266 1814 5279 ·
1898 5225 2189 5283 Pam&

256 5297 588 5376 astroqoqian
623 5295 816 5363 alludi,
850 5301 900 5350 et
932 5294 1055 5349 ludi
1087 5297 1148 5349 in
1182 5292 1488 5351 vocatuus:
1519 5293 1726 5363 domus,
1763 5302 2026 5364 προσήιε,
2061 5310 2185 5352 ωη-

1873 471 1882 484 =
1981 435 2142 498 1552
2187 429 2514 500 OOTOB.

1150 4814 1321 4867 iecere
1350 4816 1646 4881 pominus.
1716 4812 1807 4869 De
1845 4759 2184 4869 m—
2241 4863 2248 4890 ν

4127 431 4254 508 394

2297 622 2492 687 video
2544 642 2816 706 prorsus
2871 620 3142 689 modum
3211 645 3346 690 non
3403 630 3660 704 tenere,
3734 646 3809 691 ac
3863 648 3999 693 una
4062 628 4253 696 video

2298 728 2497 792 qnam
2558 708 2693 774 sint
2749 709 2937 774 nobis
2998 711 3348 776 necessarii
3400 712 3514 794 qui
3571 711 3765 795 longe
3820 712 4012 778 aliter
4053 735 4253 798 quam

2298 802 2371 859 tu
2411 793 2752 860 nobiscum
2794 802 3014 880 agant,
3058 803 3136 859 ιιι
3168 796 3393 861 videre
3436 797 3681 880 possim
3725 818 3923 881 quam
3966 800 4090 864 sim
4124 801 4252 866 mi-

2299 901 2406 945 ser
2449 887 2516 944 et
2560 880 2751 944 nihili
2795 880 3011 959 homo,
3073 901 3269 966 quam
3324 883 3605 965 ignavus
3622 934 3637 961 ,
3685 884 3921 968 segnis,
3980 885 4249 968 fractus,

2298 964 2715 1049 imprudens,
2774 974 2843 1031 et
2887 964 3041 1050 quid
3087 966 3268 1031 non?
3356 966 3418 1033 Ο
3465 966 3747 1046 Christe,
3800 970 3909 1053 qui
3956 978 4091 1036 tam
4131 973 4250 1036 mi-

2296 1073 2515 1117 serum
2540 1050 2815 1136 elegisti,
2840 1074 3146 1119 succurre
3166 1053 3432 1133 infelici,
3456 1055 3566 1136 qui
3600 1055 3673 1118 in
3694 1056 3898 1120 tantis
3921 1057 4252 1142 evangelii

2298 1137 2533 1220 opibus
2577 1147 2710 1203 tam
2738 1158 2865 1222 pau
2950 1160 2985 1202 r
3019 1147 3119 1204 est
3154 1146 3221 1204 et
3258 1138 3497 1219 nullus,
3543 1140 3654 1205 ubi
3690 1141 3910 1206 omnia
3945 1142 4250 1210 omnibus

2295 1223 2439 1288 fieri
2470 1223 2791 1289 deberem.
2907 1244 3031 1289 ane
3056 1224 3339 1289 multum
3378 1246 3484 1290 me
3513 1226 3873 1292 affecerunt
3915 1233 3983 1292 et
4018 1227 4251 1295 vulne-

2295 1317 2531 1374 rarunt
2564 1319 2715 1374 tuae
2767 1309 3026 1389 literae,
3086 1331 3218 1375 non
3263 1331 3450 1376 secus
3494 1332 3689 1394 quam
3735 1314 3789 1377 si
3836 1333 3966 1395 pau
4014 1315 4254 1381 errimo

2295 1396 2591 1460 omnium
2627 1416 2835 1480 egeno
2857 1398 3002 1480 quis
3047 1394 3349 1462 dixisset:
3398 1395 3758 1463 ditissimus
3793 1400 3968 1464 omni
4018 1421 4096 1464 us
4136 1401 4253 1466 ab·

2295 1478 2526 1560 undas,
2571 1489 2638 1546 et
2679 1480 2879 1547 vellet
2912 1481 3145 1566 aliquis
3178 1481 3475 1548 famelico
3512 1493 3580 1547 et
3612 1484 3883 1549 latranti
3917 1486 4254 1552 stomacho

2295 1587 2567 1650 prorsus
2626 1567 2803 1632 inani
2864 1566 3173 1633 suadere:
3221 1576 3410 1634 satur
3453 1590 3523 1634 es
3567 1579 3635 1634 et
3677 1572 3858 1634 omni
3901 1570 4135 1654 plenus
4178 1593 4250 1638 es

2294 1651 2458 1717 cibo.
2546 1652 2670 1732 Et,
2728 1660 2806 1719 ut
2858 1654 3143 1737 ingenue
3192 1652 3432 1733 fatear,
3491 1663 3641 1720 tuas
3698 1656 3767 1719 in
3825 1677 3903 1721 ea
3944 1657 4247 1740 partein

2296 1757 2425 1821 qua
2461 1745 2598 1802 tam
2642 1759 2714 1804 es
2767 1737 3151 1806 immodicus
3211 1740 3470 1822 saepius
3526 1740 3762 1827 relegi,
3818 1749 3892 1806 ut
3954 1763 4059 1807 me
4112 1741 4244 1809 mei

2293 1824 2687 1907 poeniteret,
2750 1823 2920 1909 quod
2970 1831 3108 1891 tam
3164 1824 3391 1908 procul
3441 1827 3733 1893 abessem
3791 1826 3873 1893 ab
3930 1847 4007 1893 eo
4050 1849 4247 1911 quem

2292 1907 2646 2060 praedicas,
2693 1920 2760 1976 et
2802 1911 3320 1995 ingemiscerem,
3366 1918 3433 1976 et
3473 1912 3627 1994 quid
3667 1910 3749 1978 ad
3786 1922 3932 1978 tuas
3975 1933 4246 1997 respon-

2340 2015 2520 2061 erem
2578 1995 2965 2063 nesciebam.
3070 1997 3225 2064 Scio
3288 2007 3354 2062 te
3406 2017 3706 2063 veracem
3765 2006 3832 2063 et
3889 2019 3972 2063 ex
4029 1999 4249 2066 animo

2293 2081 2500 2164 loqui:
2548 2103 2704 2147 nam
2748 2103 2961 2166 neque
3006 2102 3227 2148 coram
3271 2104 3483 2166 neque
3526 2105 3643 2168 per
3684 2084 3910 2150 literas
3953 2105 4249 2169 unquam

2294 2167 2487 2234 aliter
2530 2188 2726 2252 quam
2771 2169 3050 2234 sentires
3095 2167 3319 2235 dixisti
3363 2178 3478 2233 aut
3520 2169 3857 2253 scripsisti,
3913 2168 4029 2236 sed
4072 2191 4245 2237 sem-

2294 2276 2414 2338 per
2458 2256 2711 2319 sincere
2754 2262 2823 2320 et
2862 2275 3174 2339 germane
3217 2255 3524 2338 loquutus
3567 2276 3670 2334 es,
3727 2262 3802 2320 ιιι
3844 2275 4061 2322 coram
4108 2256 4245 2322 Do-

2293 2340 2492 2405 min0.
2582 2341 2676 2405 'l'e
2718 2360 2978 2424 semper
3020 2341 3340 2406 eiusmodi
3380 2339 3581 2406 habui
3626 2351 3695 2405 et
3727 2363 3871 2406 sum
3917 2351 4244 2425 expertus,

2294 2434 2362 2491 et
2403 2447 2646 2509 paucos
2690 2426 3041 2491 admodum
3086 2427 3241 2491 novi
3289 2427 3389 2491 tui
3432 2426 3698 2493 similes.
3770 2427 3941 2492 Nam
3987 2438 4055 2492 et
4096 2448 4246 2494 ver-

2293 2512 2393 2577 bis
2437 2523 2502 2576 et
2547 2512 2808 2595 scriptis
2853 2534 2984 2577 non
3042 2532 3191 2577 raro
3235 2533 3376 2578 sese
3435 2513 3598 2579 alios
3641 2511 3853 2577 videri
3898 2512 4248 2579 voluerunt

2291 2619 2488 2681 quam
2541 2605 2777 2663 essent.
2877 2599 3092 2663 Tuum
3160 2597 3472 2664 iudicium
3527 2618 3721 2683 quam
3790 2600 3876 2665 sit
3939 2607 4245 2664 exactum

2292 2692 2539 2748 norunt
2596 2691 2662 2748 et
2717 2691 3045 2749 testantur
3102 2684 3150 2748 ii
3204 2706 3366 2767 quos
3423 2704 3543 2768 ego
3596 2684 3666 2748 in
3725 2683 3846 2750 hoc
3904 2682 4071 2749 dono
4115 2684 4244 2750 Dei

2292 2769 2592 2852 suspicio.
2671 2767 2893 2850 Quare
2936 2769 3251 2855 refragari
3295 2770 3416 2835 tibi
3458 2771 3531 2834 in
3574 2770 3696 2836 hac
3741 2780 3928 2854 parte
3972 2769 4087 2854 qui
4128 2790 4245 2854 po-

2293 2864 2505 2920 teram
2521 2906 2538 2933 ,
2596 2855 2726 2920 nisi
2785 2855 2957 2938 quod
3013 2855 3083 2920 in
3140 2865 3207 2922 te
3251 2856 3403 2920 novi
3449 2864 3515 2919 et
3560 2863 3737 2922 certo
3780 2855 3914 2923 scio
3957 2855 4243 2922 dicerem

2290 2962 2422 3006 non
2489 2940 2674 3007 esse?
2764 2943 2860 3005 At
2923 2963 3030 3007 res
3095 2940 3414 3025 loquitur,
3478 2953 3543 3006 et
3598 2961 3719 3025 ego
3777 2963 3913 3006 non
3978 2962 4244 3026 possum

2292 3047 2649 3111 agnoscere
2713 3025 2883 3110 quod
2941 3027 3024 3092 de
3072 3048 3177 3093 me
3235 3025 3484 3092 scribis.
3602 3025 3826 3107 Quare
3889 3025 4015 3093 hoc
4079 3027 4244 3091 mihi

2292 3112 2582 3192 donabis,
2629 3112 2688 3178 si
2729 3123 2792 3177 te
2835 3112 3170 3179 hominem
3229 3133 3369 3178 esse
3424 3120 3490 3177 et
3543 3112 3909 3177 humanum
3961 3112 4102 3196 pati
4146 3110 4246 3176 di-

2291 3220 2456 3278 cam,
2501 3211 2568 3264 et
2610 3199 2751 3265 sine
2810 3208 2889 3263 ut
2931 3203 2997 3264 te
3040 3219 3305 3265 exorem
3321 3250 3338 3277 ,
3394 3196 3668 3281 posthac
3716 3219 3835 3281 pro
3888 3197 4080 3263 laude
4135 3218 4244 3263 me

2292 3286 2592 3367 castiges.
2681 3283 2815 3366 Qui
2867 3285 3033 3349 mihi
3093 3284 3396 3350 videntur
3458 3284 3872 3364 amicissimi,
3929 3305 4013 3349 ne
4056 3303 4243 3367 prae-

2291 3379 2544 3437 teream
2613 3369 2949 3456 collegam,
2973 3370 3029 3457 ⁸)
3091 3370 3308 3436 indies
3371 3378 3630 3436 tantum
3695 3391 3830 3435 non
3892 3369 4082 3437 obiur
4215 3375 4245 3432 t

2293 3478 2431 3535 me,
2502 3464 2576 3521 ut
2640 3457 2852 3522 multa
2908 3457 3231 3542 corrigam
3294 3469 3361 3520 et
3424 3455 3632 3522 nihilo
3696 3455 3935 3521 reddar
4001 3476 4100 3520 me
4130 3454 4241 3520 ‘or.

2292 3540 2550 3608 Volunt
2590 3564 2696 3608 me
2739 3543 3086 3623 mitiorem,
3130 3562 3252 3609 nec
3293 3543 3391 3607 ita
3431 3543 3586 3608 ferri
3629 3542 3702 3606 in
3830 3541 4135 3618 ntificem,
4179 3548 4250 3604 et

2295 3627 2425 3692 alia
2477 3649 2687 3712 paene
2743 3629 3112 3694 innumera.
3214 3626 3478 3695 Gallum
3534 3626 3778 3694 obduxi
3833 3626 3907 3690 in
4006 3624 4247 3691 uadam

2293 3714 2534 3796 agendi
2576 3713 2848 3792 ratione,
2894 3735 3057 3798 quae
3101 3713 3267 3780 nulli
3310 3733 3519 3798 paene
3571 3710 3897 3796 probatur.
4039 3710 4246 3778 ollici-

2292 3799 2455 3864 tudo
2498 3808 2567 3866 et
2609 3798 2951 3884 diligentia
3006 3820 3279 3884 prorsus
3336 3797 3539 3864 abest.
3642 3796 3777 3863 Sed
3828 3795 3985 3881 quid
4126 3818 4246 3881 rgo

2292 3885 2574 3969 paucula
2615 3895 2682 3950 et
2722 3885 2894 3952 levia
2936 3885 3017 3951 de
3051 3885 3419 3951 innumeris
3454 3891 3522 3948 et
3553 3884 3866 3967 gravibus
3910 3880 4040 3947 deli
4087 3879 4242 3948 are?

2294 3972 2397 4036 'Pu
2439 3972 2495 4037 si
2540 3992 2659 4056 pro
2703 3992 2780 4037 eo
2823 3991 2955 4055 quo
3008 3993 3114 4037 me
3169 3971 3241 4036 in
3287 3969 3551 4036 Christo
3610 3988 3792 4034 amas
3846 3969 4115 4047 affectu,
4170 3972 4248 4034 ut

2293 4078 2425 4123 non
2468 4067 2656 4140 potes
2712 4078 2844 4123 non
2899 4057 3140 4124 rescire
3194 4055 3351 4139 quid
3408 4055 3479 4120 in
3536 4076 3642 4120 me
3687 4052 4122 4132 desideretur,
4179 4058 4248 4119 et

2292 4163 2521 4210 severe
2564 4142 3011 4222 admonueris,
3069 4151 3140 4208 et
3180 4142 3312 4207 tuis
3355 4140 3688 4207 adiuveris
3731 4140 4051 4225 precibus,
4096 4139 4247 4223 plus

2291 4229 2501 4294 multo
2544 4228 2711 4294 mihi
2744 4236 2812 4293 et
2845 4228 3154 4296 ecclesiae
3188 4226 3483 4312 proderis
3518 4247 3713 4309 quam
3748 4223 4049 4291 laudibus
4083 4247 4247 4309 quas

2290 4323 2636 4398 extorquet
2678 4315 2920 4381 nimius
2964 4334 3165 4379 amor.
3234 4313 3328 4378 ΤΘ
3372 4312 3575 4397 igitur
3617 4333 3735 4396 per
3769 4311 3992 4377 Iesum
4016 4310 4246 4377 Ohris-

2290 4407 2433 4467 tum
2477 4420 2590 4466 oro
2633 4408 2710 4466 ut
2750 4399 3016 4484 posthac
3070 4399 3153 4465 ad
3197 4401 3421 4466 vivum
3478 4419 3584 4464 me
3638 4409 3875 4481 tangas
3929 4405 3999 4462 et
4053 4418 4244 4464 accu-

2289 4493 2432 4552 rate
2491 4485 2691 4553 officii
2752 4486 3107 4552 admoneas
3124 4536 3139 4564 ,
3201 4507 3321 4552 nec
3378 4501 3642 4567 parcas:
3711 4483 3885 4566 quod
3943 4502 4134 4565 spero
4178 4493 4245 4548 te

2287 4572 2636 4639 facturum.
2725 4571 2928 4637 Faxit
2970 4570 3271 4638 Christus
3314 4580 3389 4636 nt
3442 4578 3659 4636 tecum
3716 4590 3944 4635 omnes
4002 4568 4245 4635 sanctis

2291 4656 2845 4723 admonitionibus
2896 4665 2965 4722 et
3023 4658 3323 4741 precibus
3380 4655 3783 4723 contendant
3834 4665 3910 4720 ut
3953 4655 4241 4721 sanctius

2375 4765 2409 4808 r
2566 4794 2581 4810 .
3498 4759 3510 4774 ·

2287 4764 2371 4828 ΡΘ
2409 4764 2720 4914 gigporga
2757 4827 3173 4908 Valentinum,
3216 4846 3409 4911 quem
3440 4835 3576 4891 tam
3599 4827 3886 4892 fraterne
3910 4843 4245 4891 commen-

2290 4916 2481 4994 dasti,
2518 4936 2749 5000 parum
2772 4914 2897 4981 feci
2918 4915 3226 4992 officium,
3267 4913 3488 4978 minus
3511 4912 3722 4978 multo
3757 4913 3826 4976 in
3857 4918 3971 4975 tuo
3992 4909 4128 4974 filio
4172 4919 4244 4974 et

2289 5009 2675 5088 symmysta,
2694 5003 2755 5078 ⁴)
2801 5022 3016 5085 quem,
3061 5007 3135 5065 ιιι
3177 4997 3451 5085 dignum
3495 5009 3674 5083 puto,
3734 5016 3932 5079 supra
3973 4993 4243 5060 modum

2496 5155 2559 5287 {l
2597 5225 2716 5279 Iac.
2765 5161 3006 5288 cimam,
3070 5224 3197 5279 olim
3265 5221 3323 5276 V.
3377 5219 3454 5275 D.
3511 5219 3593 5274 M.
3670 5218 4051 5282 Οοηεεωιϋαο,
4106 5215 4243 5271 1550

2293 5293 2485 5359 Bazis,
2523 5292 2792 5349 Bzaurm·
2834 5292 3366 5416 discipulusffluoen
3411 5289 3499 5346 hic
3545 5301 3705 5341 mn
3739 5286 4022 5341 Herzkind
4066 5284 4244 5343 disere

2294 5363 2499 5419 solebat
2535 5362 2789 5433 (Ρνωεεῑ,
2828 5362 3080 5418 Blaurer.
3233 5400 3246 5413 .
3286 5356 3422 5413 1861
3450 5373 3511 5427 p.
3551 5353 3692 5425 140).
