4900 6167
714 438 846 502 Ι115

716 624 911 693 illum
934 620 1279 691 Consulem
1324 621 1821 707 amplissimum,
1846 621 1900 708 θ)
1948 642 2100 687 vere
2181 621 2316 686 ium
2360 628 2428 685 et
2461 617 2671 684 chris-

717 711 1005 789 tianum,
1062 709 1324 794 quicum
1375 709 1490 775 tibi
1536 708 1822 774 affinitas
1880 708 2128 773 interce
2174 707 2255 785 it,
2312 705 2670 790 plurimum

720 797 898 899 apud
943 794 1285 880 Sequanos
1328 793 1474 860 illos
1516 795 1641 860 hoc
1686 792 2098 878 potissimum
2148 802 2439 876 tempore
2483 797 2671 855 auto-

717 890 920 949 ritate
983 902 1102 948 sua
1167 880 1401 947 valere.
1490 880 1722 963 Itaque
1779 899 2175 964 magnopere
2241 886 2308 943 te
2365 896 2672 962 rogamus

718 978 813 1046 ut,
850 967 1340 1052 quibuscunque
1364 967 1573 1032 modis
1610 967 1725 1031 tibi
1761 965 2179 1032 commodum
2213 964 2358 1042 erit,
2396 963 2671 1028 fratrem

718 1054 912 1120 illum
955 1062 1255 1120 nostrum
1294 1073 1377 1118 ex
1420 1051 1712 1119 faucibus
1753 1052 1962 1118 leonis
1997 1050 2408 1134 eripiendum
2451 1069 2670 1114 cures:

720 1138 805 1205 de
848 1160 975 1224 qua
1009 1159 1100 1211 re.
1144 1150 1218 1204 ut
1258 1139 1504 1222 opinor,
1549 1160 1590 1203 a
1632 1147 1857 1204 nostro
1892 1155 2146 1221 quoque
2189 1135 2460 1220 collegio
2495 1153 2671 1201 com-

716 1246 954 1291 munes
996 1225 1218 1291 literas
1275 1225 1569 1308 accipies.
1591 1227 1652 1297 ⁷)
1740 1225 1912 1289 Nam
1974 1224 2135 1288 haec
2191 1243 2312 1306 ego
2356 1221 2673 1287 Genevae

719 1312 1153 1377 tumultuarie
1208 1311 1291 1376 ad
1345 1320 1412 1376 te
1470 1309 1716 1394 scripsi.
1821 1309 2114 1376 Domum
2171 1328 2375 1392 quum
2419 1306 2672 1371 rediero

721 1397 1130 1483 diligentius,
1185 1406 1263 1462 ut
1304 1417 1514 1480 spero,
1574 1405 1640 1461 et
1698 1395 2063 1462 accuratius
2121 1392 2206 1459 ad
2247 1406 2314 1458 te
2372 1393 2668 1459 scribam.

717 1483 909 1550 Bene
974 1483 1117 1548 vale
1136 1532 1151 1558 ‚
1218 1484 1305 1547 mi
1372 1483 1615 1565 optimc
1689 1489 1756 1545 et
1818 1479 2408 1546 observandissime
2465 1486 2669 1562 pater.

719 1570 1052 1637 Dominus
1094 1568 1284 1635 Iesus
1339 1568 1458 1633 tibi
1512 1566 1891 1633 benedicere
1955 1578 2145 1650 teque
2202 1565 2416 1631 indies
2463 1564 2672 1648 magis

721 1676 802 1806 Do
845 1654 1056 1739 magis
1100 1656 1487 1720 confirmare
1520 1664 1767 1738 pergat.
1838 1655 2149 1718 Gcncvae
2184 1651 2396 1736 pridie
2418 1651 2674 1716 Natalis

793 1762 1014 1806 omini.

1687 1825 2069 1891 Theodorus
2112 1825 2289 1890 Beza

1337 1929 1509 1994 filius
1554 1928 1669 1995 tibi
1718 1929 1789 1992 in
1831 1926 2119 1993 Domino
2163 1926 2669 1992 addictissimus.

1490 2224 1549 2231 ῳ,-
1574 2225 1711 2230 —--.—-.

1611 2458 1796 2528 1879.

1167 2611 1660 2681 FREOHTUS
1704 2609 2238 2680 BLAURERO.

900 2786 1128 2851 Taedet
1170 2806 1308 2851 eum
1363 2786 1769 2852 certaminum
1818 2782 2286 2865 theoloyicorum
2328 2788 2383 2847 et
2436 2785 2676 2862 optaret
2725 2782 2731 2795 '

719 2877 792 2938 ut
832 2872 994 2938 bella
1035 2873 1153 2938 illa
1195 2872 1441 2938 tandem
1484 2870 1825 2953 aliquando
1866 2870 2022 2935 bona
2054 2889 2214 2950 pace
2256 2867 2499 2950 sepulta
2536 2867 2675 2947 qui-

718 2963 1012 3034 escerent,
1056 2958 1166 3025 sed
1206 2960 1422 3026 minus
1467 2957 1688 3024 subtili
1736 2955 1921 3037 finita
1974 2954 2248 3037 formala
2294 2974 2484 3035 qaam
2526 2973 2670 3018 eon·

719 3064 909 3109 sensu
956 3044 1277 3129 Tigmrino.

1243 3215 1580 3299 autographo
1638 3215 1780 3270 Bibl.
1817 3211 2189 3335 einSazligaTll.
2218 3209 2375 3332 MS}
2413 3210 2578 3332 {⁸ng
2604 3207 2672 3262 36

1134 3315 1281 3409 νιιῖ
1315 3286 1604 3424 ᾗιῗῖῧκέἑ
1635 3284 2137 3422 iffiffierfifa.
2150 3296 2279 3407 Ἧὸῗᾶ
2365 3318 2378 3332 ’
2488 3319 2502 3343 ’
2579 3294 2673 3348 '’¹’‘

720 3215 896 3281 (Exue
968 3222 1081 3270 tum
1129 3232 1198 3269 ex

718 3285 861 3356 Epp.
899 3234 1022 3340 &IL
1056 3283 1178 3341 283.

716 3524 1021 3591 Eximiae
1100 3527 1361 3609 pietatis
1426 3534 1494 3590 et
1567 3523 1902 3591 doctrinae
1969 3522 2108 3586 viro
2174 3519 2255 3585 D.
2326 3517 2673 3584 Ambrosio

716 3611 1042 3678 Blaurero
1086 3615 1155 3678 in
1176 3613 1322 3679 Biel
1371 3610 1750 3677 fidelissimo
1791 3610 2093 3691 episcopo
2137 3604 2396 3671 domino
2440 3614 2509 3669 et
2542 3605 2674 3670 fra-

716 3698 807 3763 tri
852 3720 972 3764 suo
1015 3700 1085 3763 in
1130 3699 1415 3765 Domino
1461 3697 1763 3762 maximo.
2194 3776 2343 3842 Biel

718 3949 2661 3970 ———-——--—————————--

890 4006 995 4072 De
1037 4005 1550 4073 sacramentaria
1606 4024 1804 4069 causa
1863 4001 2097 4067 vellem
2154 3999 2354 4066 semel
2416 4008 2483 4063 et
2534 3998 2667 4081 pla-

716 4095 905 4161 niora
948 4101 1017 4159 et
1060 4091 1355 4177 pleniora
1397 4090 1697 4156 scribere.
1784 4086 2071 4152 Veniam
2105 4086 2291 4152 dabis
2331 4105 2519 4151 meae
2562 4105 2669 4168 pe-

714 4181 985 4246 tacitati.
1014 4185 1061 4251 ¹)
1150 4179 1302 4245 Non
1360 4173 1570 4242 credis
1628 4174 1835 4253 enim,
1902 4184 1977 4238 ut
2033 4172 2417 4256 quandoque
2472 4190 2668 4255 cogar

711 4265 1078 4332 multarum
1134 4262 1533 4330 ciconiarum
1591 4259 1989 4344 crepitacula
2043 4258 2285 4324 audire.
2374 4257 2667 4323 Iactatur

715 4350 980 4435 quidem
1023 4350 1139 4415 illa
1181 4348 1539 4414 Consensio
1582 4347 1759 4412 inter
1802 4346 1884 4412 D.
1912 4344 2244 4411 Calvinum
2286 4353 2355 4409 et
2398 4344 2475 4408 D.
2500 4342 2664 4407 Bul-

713 4437 1059 4519 linyerum:
1102 4435 1216 4501 sed
1259 4454 1376 4499 cur
1409 4453 1544 4501 non
1584 4432 1795 4515 magis
1843 4431 2299 4497 circumfertur
2339 4429 2454 4495 illa
2497 4429 2664 4493 mul-

714 4524 804 4589 tis
824 4521 1168 4588 sudoribus
1203 4529 1271 4585 et
1305 4517 1635 4585 laboribus
1674 4518 1829 4583 olim
1853 4516 2371 4602 Wittembergae
2385 4519 2440 4597 ²)
2479 4515 2664 4594 inita,

714 4617 786 4675 et
828 4607 946 4673 tibi
989 4608 1059 4671 iu
1105 4607 1225 4672 hoc
1260 4605 1498 4671 ducatu
1554 4602 1951 4689 adprobata?
2012 4604 2283 4671 Utinam
2327 4622 2473 4667 eam
2516 4622 2667 4668 oum

712 4715 836 4760 sua
880 4704 1101 4757 noster
1126 4689 1425 4757 Calvinus
1457 4712 1615 4756 vere
1659 4690 2170 4756 consentientem
2213 4688 2429 4756 faciat.
2497 4687 2667 4753 Nolo

713 4789 785 4845 te
846 4777 1091 4855 celare,
1158 4778 1343 4842 illum
1408 4798 1796 4861 generosum
1852 4776 2183 4842 Batonem
2240 4798 2283 4842 a
2329 4774 2530 4840 Lasoo
2584 4795 2666 4838 ex

713 4863 967 4949 Anglia
1022 4865 1090 4928 in
1137 4864 1420 4930 Daniam
1479 4865 1837 4946 profectum
1892 4862 2432 4945 exsulantemque
2471 4878 2670 4951 suum·

925 5152 986 5217 6)
1024 5153 1364 5208 Laeatemm
1398 5152 1607 5222 (Simul.)

716 5289 895 5345 18⁷9.
924 5220 995 5425 {l}
1017 5221 1353 5413 Ξὲἒιῗρν.
1375 5290 1505 5346 Οοᾱ.
1532 5290 1661 5347 Tur.
1699 5290 1820 5345 sine
1856 5304 2031 5344 cauma
2062 5287 2342 5344 emundat:
2389 5287 2668 5358 paucitati.

2221 430 2748 499 EPIS'POLAE
2800 434 3220 497 1878—1880

4575 445 4682 506 716

2773 617 3069 684 libellum
3111 619 3192 685 de
3236 619 3613 687 discrimine
3635 620 3896 691 Veteris
3939 631 4006 688 et
4039 622 4212 690 Novi
4235 622 4616 692 Testamenti
4632 631 4682 706 ⁸)

2774 704 3026 773 editum
3094 704 3394 773 Palatino
3460 705 3749 774 Electori
3828 708 4089 775 misisse
4106 759 4121 784 ‚
4197 709 4684 797 adpendisseque

2773 789 2958 855 illam
3018 790 3534 858 Consensionem
3585 792 3835 862 calvini
3890 806 3957 859 et
3997 793 4379 879 Bullinyeri.
4461 798 4688 865 Verum

2774 873 2931 960 quid
2973 897 3175 960 super
3217 899 3294 943 ea
3348 877 3703 944 iudicatum
3747 880 3833 946 sit
3875 902 4009 945 non
4065 881 4301 946 attinet
4344 898 4509 949 nune
4549 886 4691 952 scri-

2775 962 2947 1029 bere.
3038 962 3296 1030 Vellem
3338 964 3410 1030 in
3456 965 3742 1030 Domino
3784 966 3983 1049 probe
4024 987 4410 1034 consensum
4463 989 4592 1035 esse
4628 972 4689 1037 in

2775 1055 2874 1114 tot
2952 1049 3280 1135 tantisque
3340 1052 3804 1118 certaminibus
3881 1051 4195 1137 bellisque
4267 1052 4689 1137 adiaphoricis,

2776 1132 3205 1217 Osiandricis‚
3265 1135 3690 1213 Servetianis,
3748 1135 4303 1205 Stenckfeldianis
4320 1143 4380 1219 ⁴)
4423 1150 4487 1204 et
4525 1140 4692 1226 Mag·

2776 1219 3377 1306 denburgensibus,
3432 1243 3579 1288 oum
3627 1225 3709 1289 D.
3758 1223 4007 1290 Maiore
4063 1232 4130 1288 et
4173 1224 4337 1291 aliis.
4385 1262 4464 1272 —
4511 1264 4576 1273 —
4626 1265 4686 1274 —

2783 1343 3494 1357 ——————
3543 1309 3955 1376 Reverenter
3996 1311 4080 1375 D.
4119 1309 4380 1376 omino
4411 1310 4696 1379 Mascula

2776 1413 2904 1474 que
2946 1414 3161 1459 meam
3206 1394 3485 1459 salutem
3530 1405 3596 1460 et
3638 1395 4016 1479 obsequium
4060 1396 4311 1463 deferes
4357 1398 4695 1464 nunciabis·

2776 1498 2920 1560 que,
2966 1491 3036 1544 et
3081 1488 3151 1544 ut
3193 1481 3264 1544 in
3311 1481 3628 1563 proximis
3671 1484 3803 1547 tuis
3858 1491 3924 1547 te
3967 1483 4292 1547 facturum
4348 1483 4478 1548 reci
4523 1483 4694 1559 iebas,

2775 1564 2878 1630 fac
2924 1576 2999 1629 ut
3044 1587 3176 1632 non
3233 1568 3477 1631 frustra
3534 1576 3598 1631 te
3644 1568 3960 1651 rogarim,
4011 1569 4419 1651 Dominoque
4573 1571 4698 1635 vino

2776 1650 3046 1735 iniunge
3110 1672 3276 1734 quae
3342 1651 3748 1738 iniungenda
3813 1663 3986 1719 sunt.
4077 1655 4552 1738 Exspectamus
4604 1655 4698 1723 hic

2776 1735 2966 1801 avide
3033 1758 3141 1815 ea,
3263 1759 3387 1803 uae
3452 1738 3533 1804 de
3592 1737 3982 1805 Servetiana
4039 1762 4237 1806 causa
4292 1741 4528 1806 scribit.
4620 1740 4702 1805 Et

2777 1843 2967 1906 spero
3010 1824 3209 1890 etiam
3291 1824 3773 1891 tenckfeldiana
3808 1826 3888 1892 ab
3929 1825 4044 1891 illo
4086 1826 4498 1893 confutanda.
4518 1863 4598 1876 —
4629 1865 4700 1874 —

2951 1996 3289 2080 Tubingae
3312 2000 3363 2073 ⁸)
3409 1996 3475 2060 in
3522 1996 3854 2063 Natalitiis
3898 1997 4115 2065 Feriis
4168 2001 4328 2062 1553
4376 2006 4491 2064 aut
4533 2006 4587 2062 4.
4612 1997 4661 2081 θ)

3903 2136 4051 2202 Tibi
4094 2136 4259 2203 bene
4301 2145 4499 2204 notus

4107 2222 4190 2289 M.
4237 2223 4315 2288 F.

3765 2482 3938 2489 0-0-—4-

3669 2684 3860 2754 1880.

3239 2837 3788 2908 MOLINAEUS
3833 2839 4268 2907 OALVINO.

2878 3094 2890 3107 .
2953 3008 3204 3075 Narrat
3244 3012 3778 3094 pereqrinationes
3819 3033 3974 3077 suas
4021 3033 4141 3095 per
4189 3013 4601 3080 Germaniam
4656 3017 4706 3077 et

2777 3092 2934 3176 quid
2973 3095 3147 3175 apud
3170 3097 3496 3177 principes
3537 3098 3867 3163 obtinuerit
3902 3100 4149 3181 qratiae
4189 3103 4246 3164 et
4284 3098 4539 3165 honoris
4577 3099 4705 3164 itm

2776 3179 2931 3260 quid
2971 3181 3230 3262 effecerit
3285 3183 3371 3248 ad
3426 3184 3822 3249 liberandam
3869 3203 4129 3249 uxorem
4172 3190 4229 3250 et
4267 3206 4404 3252 rem
4435 3184 4708 3268 familia-

2774 3284 2926 3343 rem,
2966 3267 3230 3348 denique
3270 3268 3602 3336 adventum
3643 3289 3834 3335 suum
3880 3269 4214 3355 Tubinyae.

3000 3438 3111 3505 (Ex
3146 3440 3461 3510 apographo
3498 3440 3627 3497 Cod.
3663 3442 3837 3496 Paris.
3876 3441 4073 3513 Dupuy
4108 3440 4229 3509 268,
4265 3444 4360 3499 sol.
4396 3442 4510 3509 33.)

2946 3610 3326 3678 Clarissimo
3360 3612 3669 3678 ecclesiae
3721 3610 3965 3679 doctori
3999 3623 4070 3679 et
4104 3614 4479 3683 doctissimo
4521 3615 4706 3683 eccle-

2776 3698 2961 3764 siasti
2987 3696 3098 3763 Do.
3145 3698 3428 3763 Iohanni
3463 3698 3741 3765 Calvino
3764 3698 4179 3766 Genevensis
4222 3702 4534 3769 ecclesiae
4571 3721 4706 3786 pas-

2775 3785 2900 3851 tori
2944 3784 3449 3869 vigilantissimo
3493 3792 3563 3849 et
3602 3784 3999 3852 fidelissimo.
4215 3873 4533 3941 Genevoe

2943 4008 3017 4073 P.
3107 4007 3525 4075 Fidelissima
3567 4009 3971 4075 ecclesiastes
4014 4018 4080 4072 et
4124 4019 4349 4092 pastor
4390 4010 4699 4078 ecclesiae.

2770 4094 2998 4160 Grave
3049 4093 3217 4158 mihi
3272 4094 3396 4158 fuit
3455 4102 3518 4158 te
3578 4095 3660 4160 ab
3714 4094 3827 4160 illo
3872 4096 4344 4177 Argentinensi
4406 4096 4642 4163 nuncio
4659 4099 4702 4172 ¹)

2769 4201 2995 4246 mense
3071 4184 3373 4264 Augusto
3453 4188 3710 4245 tantam
3787 4181 4354 4265 importunitatem
4436 4201 4701 4266 passum.
4831 4228 4832 4237 ι

2771 4265 2919 4332 Scis
2974 4278 3371 4349 quantopere
3425 4267 3829 4350 temporibus
3888 4279 3956 4333 et
4010 4266 4340 4334 laboribus
4399 4269 4530 4335 tuis
4567 4288 4704 4352 par-

2768 4375 2918 4419 cere
2960 4352 3189 4419 solitus
3224 4353 3349 4417 sim
3369 4362 3436 4417 et
3479 4373 3708 4418 vereor
3751 4375 3835 4418 ne
3864 4374 3992 4438 qua
4011 4353 4320 4420 ccclesiae
4364 4352 4703 4431 commoda,
4829 4420 4830 4437 ¹

3880 4590 4083 4647 ‚aK

2975 4591 3034 4662 ³)
3077 4591 3230 4647 m
3260 4607 3374 4646 ’'⁰'‘
3418 4596 3598 4647 ’Μ
3640 4609 3706 4647 ’·“
3920 4593 4702 4720 .M„.“3.ss.⁹'⁰.a⁰⁶1⁸2⁶.·'.n.”3?*i

2770 4661 3622 4730 θίασηκπῐίοβίαμΒαήάε.
3695 4660 3781 4716 0.

2776 4734 2853 4788 10.
2889 4731 3020 4786 Iam.
3071 4730 3225 4785 1554.
3267 4759 3324 4768 —
3365 4728 3503 4811 Post
3536 4731 3680 4785 Idus
3759 4737 3866 4801 apt.
3903 4731 4115 4801 Astylia
4145 4733 4336 4788 relicta
4382 4749 4510 4788 cam
4545 4737 4698 4803 pam
4827 4716 4828 4775 ἶ

3486 4840 3506 4868 ,
3540 4799 3691 4882 qnae
3732 4800 3991 4871 repam
4024 4801 4175 4858 area
4218 4801 4426 4858 Nonae
4461 4801 4695 4858 Dm.

2976 4941 3038 5007 4)
3072 4937 3304 5008 Apama
3345 4937 3422 4991 ha
3447 4953 3747 5007 perperam
3778 4943 3998 4993 nuttam
4026 4937 4324 4995 lectionesa.

2975 5008 3036 5075 5)
3070 5012 3237 5061 mea
3268 4953 3740 5076 Ssspmntondeno
3761 5006 4050 5075 mmsis,
4083 5008 4201 5064 iam
4233 5027 4272 5064 a
4303 5008 4447 5065 duce
4474 5007 4700 5064 Cheim-

2761 5075 4506 5201 ᾳιοωωΙδὸθαᾶρνοίοεείοκοηιήωῑορίαοωοωω.(
4689 5075 4700 5086 ’

2825 5145 3128 5202 mm.
3205 5145 4029 5218 meoyorneukmldor
4068 5145 4471 5203 Uber-M
4509 5146 4676 5210 18³1.)

2976 5214 3035 5283 6)
3071 5214 3170 5270 Sic
3198 5215 3304 5270 iae.
3375 5216 3515 5271 Nam
3550 5218 3643 5270 alii
3676 5232 3874 5270 novum
3919 5233 4118 5270 annum
4152 5235 4186 5270 a
4217 5217 4538 5274 Nativitatis
4567 5216 4698 5271 festo

2770 5301 3059 5422 ῗέῑέδωῖῗ
3084 5285 3710 5424 ffffffl‘ftssfff
3738 5286 4102 5421 &memorati

4505 5077 4698 5133 Ado-⁸⁸
4823 5074 4824 5133 Q
