4900 6167
256 419 323 481 69
1983 420 2138 482 1551
2192 417 2472 486 MART.
4144 431 4230 494 ⁷0

397 601 695 669 Intellexi
753 605 1299 672 commentarium
1345 617 1534 672 tuum
1592 606 1661 672 in
1716 606 1985 673 Esaiam
2034 606 2165 671 iam

251 710 372 757 esse
402 690 806 773 impressum.
872 689 1046 757 Mihi
1087 691 1468 778 pergratum
1508 692 1635 758 erit
1674 691 1735 758 si
1778 700 1923 758 tuto
1957 711 2166 757 unum

250 775 353 928 alfii
354 796 476 926 3·
492 774 769 934 1111100110.
858 777 1006 861 Ego
1048 797 1168 861 pro
1210 799 1287 843 eo
1345 777 1613 862 eiusque
1666 785 1933 845 vectura
1975 777 2167 845 satis-

998 1105 1408 1116 Ἤ

1096 1340 1291 1412 1460.

614 1494 1285 1563 BULLINGERUS
1336 1492 1775 1563 GALVINO.

392 1665 835 1733 consensionis
876 1666 1271 1749 exesnplaria
1304 1667 1491 1731 mittit
1543 1667 1677 1731 iam
1719 1666 1981 1752 inteyra.
2070 1666 2171 1734 De

238 1752 465 1819 coneilio
495 1752 864 1820 Tridentino
898 1759 1231 1835 utrumque
1270 1752 1438 1818 idm
1479 1754 1709 1817 sentire
1790 1754 1993 1833 audet,
2023 1754 2169 1838 pal·

238 1859 383 1903 mom
423 1845 632 1905 tamen
674 1841 875 1905 amieo
916 1839 1128 1921 defert.
1200 1839 1261 1903 A
1312 1835 1583 1904 Caesare
1618 1843 1676 1902 et
1722 1774 1890 1923 191090
1921 1841 2173 1921 pariter

240 1922 483 1990 libertati
522 1925 863 1991 timendum
905 1925 1302 1990 dauon-strat.

242 2095 335 2160 (Ex
367 2095 706 2167 autographo
741 2096 964 2150 Archiv,
1000 2096 1177 2151 Turic-
1212 2095 1357 2149 Plnt.
1398 2095 1498 2149 vl.
1539 2096 1654 2150 Vol.
1680 2094 1793 2158 129,
1830 2096 1958 2150 olim
1995 2095 2171 2151 Scrin.

454 2165 519 2220 B.
555 2165 699 2234 Epp.
735 2165 887 2220 Tem.
922 2162 1006 2230 30,
1044 2166 1133 2219 sol.
1168 2163 1289 2217 271.
1330 2193 1387 2203 —
1430 2165 1643 2218 Simler.
1681 2165 1800 2220 Vol.
1837 2162 1944 2233 74.)

386 2335 774 2403 Clarissimo
830 2337 974 2401 viro
1020 2337 1102 2401 D.
1137 2335 1372 2403 Ioanni
1432 2333 1714 2401 Oalvino
1759 2335 2172 2403 Genevensis

241 2423 529 2488 ecelesiae
563 2423 810 2506 pastori
854 2421 1034 2489 fideli
1076 2422 1269 2488 fratri
1310 2422 1648 2488 carissimo
1690 2442 1841 2573 011εᾶ
1842 2506 1994 2571 enffi

390 2645 459 2712 S.
512 2646 595 2711 D.
687 2644 1118 2711 Gratissimae
1184 2645 1451 2710 fuerunt
1515 2643 1677 2708 mihi
1732 2642 1966 2709 literae
2002 2653 2168 2722 tuac,

241 2744 301 2797 ut
339 2734 559 2797 omnia
602 2741 747 2808 tua,
792 2730 1058 2798 colende
1104 2730 1193 2795 mi
1244 2728 1503 2797 Calvina
1554 2730 1757 2794 frater
1810 2729 2168 2808 carissime,

242 2838 304 2883 ac
342 2817 637 2902 gratulor
698 2816 884 2882 nobis
941 2816 1458 2901 pulcherrimum
1515 2815 1699 2880 illum
1756 2835 2167 2894 consensum,

243 2903 440 2969 divina
502 2903 678 2969 haud
736 2903 929 2970 dubie
1034 2901 1399 2967 revidentia
1453 2901 1546 2967 sic
1604 2910 2037 2984 temperatum
2097 2912 2172 2967 ut

242 2987 373 3054 dum
436 3003 511 3055 tu
572 2989 924 3056 editionem
1021 2986 1429 3053 onsensionis
1483 2985 1774 3069 postulas
1804 2988 1854 3072 ¹)
1913 3008 2029 3053 nos
2096 2987 2167 3052 in

241 3074 468 3141 edenda
531 3075 643 3141 illa
704 3076 1072 3141 laboramus
1090 3076 1146 3151 ²)
1203 3085 1395 3156 atque
1451 3074 1583 3138 iam
1655 3084 1877 3138 nostra
1939 3089 2170 3156 sponte

240 3162 746 3246 vulgaveramus.
851 3161 961 3226 Ex
1014 3159 1119 3225 his
1176 3169 1242 3224 01
1308 3159 1535 3224 multis
1602 3157 1747 3224 aliis
1818 3160 2218 3242 auspicatis-

238 3246 422 3399 283⁸
466 3248 840 3397 omknamur
884 3245 1059 3347 illam
1121 3245 1453 3395 notnbsine
1481 3244 1983 3395 magnsslf¹'u⁰tu
2029 3265 2171 3394 0οἳ0

305 3356 325 3398 1
394 3354 478 3399 m.
638 3353 800 3416 uper
844 3353 1148 3398 miseram
1223 3354 1243 3396 1
1290 3351 1313 3394 1
1354 3351 1637 3413 primum
1703 3352 1738 3394 o
1770 3351 1899 3394 num
1948 3351 2029 3395 ex
2074 3349 2169 3394 a·

238 3425 358 3485 tera
401 3428 665 3485 tantum
724 3429 911 3502 parte
965 3438 1292 3483 excusum.
1383 3416 1440 3482 Ε
1485 3416 1666 3499 prelo
1724 3418 1899 3480 enim
1955 3415 2168 3481 subri-

237 3524 510 3587 pueram.
602 3503 745 3570 Iam
804 3504 1132 3589 integram
1178 3501 1698 3569 consensionem
1752 3502 1958 3566 mitte.
2050 3501 2164 3567 Al-

236 3597 424 3656 terum
473 3613 561 3656 ex
606 3590 711 3656 his
754 3588 1239 3671 exemplaribus
1283 3589 1507 3654 mittes
1554 3589 1636 3653 D.
1698 3585 1918 3653 Vir-eto.
1988 3587 2165 3668 Quid

236 3674 385 3759 quod
430 3687 507 3742 tu
552 3687 620 3741 et
663 3696 784 3760 ego
829 3671 1110 3741 eundem
1151 3694 1489 3739 movemus
1525 3670 1853 3757 lapidem?
1941 3672 2168 3739 Nescis

235 3758 389 3827 haud
450 3762 652 3828 dubie
717 3759 873 3846 quid
932 3760 1180 3845 egerim
1239 3758 1590 3836 hactenus,
1658 3769 1726 3823 et
1782 3779 1973 3843 agam
2039 3780 2169 3841 qua

234 3867 475 3929 possum
517 3847 861 3932 diligentia
897 3844 1069 3930 apud
1106 3844 1594 3911 serenissimum
1635 3844 1905 3927 Anyliac
1943 3844 2167 3929 Reyem

233 3935 535 4018 regnique
584 3932 1021 4012 consiliarios,
1079 3942 1151 3997 ut
1193 3940 1471 3997 caveant
1519 3928 1641 3994 sibi
1686 3929 1767 3995 ab
1810 3930 2011 4014 impio
2055 3929 2168 3994 illo

236 4017 606 4086 Tridentino
649 4019 943 4086 concilio.
976 4021 1029 4095 ³)
1114 4017 1344 4101 Neque
1386 4037 1508 4101 ego
1553 4012 1632 4080 dc
1676 4016 1805 4081 tuis
1849 4016 2169 4082 institutis

236 4119 291 4167 et
342 4105 631 4172 consiliis
693 4104 1046 4189 quidquam
1111 4124 1150 4168 a
1222 4122 1545 4187 quoquam
1608 4100 1923 4167 intellexi.
2025 4100 2168 4166 Iam

236 4210 389 4268 vero,
436 4191 594 4256 dum
645 4190 969 4275 prodeunt
1010 4188 1263 4256 labores
1320 4188 1526 4253 nostri
1583 4186 1846 4270 publici,
1904 4196 2175 4270 apparet

233 4344 433 4357 ———-——-

424 4447 485 4513 7)
550 4446 764 4502 Montio
809 4446 1180 4503 commentarii
1230 4445 1293 4499 in
1344 4443 1580 4498 Esaiam
1625 4457 1800 4512 nuper
1855 4441 1989 4497 editi
2032 4442 2174 4497 hanc

235 4517 503 4583 epistolam
539 4532 692 4598 anno
728 4514 852 4569 1661
880 4515 1101 4598 ’tribuit
1137 4519 1186 4568 et
1220 4513 1350 4568 inde
1384 4513 1488 4568 rel·
1526 4527 1626 4566 uae
1660 4512 1827 4566 huius
1847 4514 2000 4577 anni,
2036 4512 2173 4565 alio·

233 4598 517 4723 munt.
590 4600 680 4720 ἆ.
721 4669 931 4724 quoqne
964 4668 1087 4735 qum
1106 4582 1466 4732 qxgeadnpttm
1506 4595 1767 4730 111.Ἒὲ
1804 4580 2173 4706 mangis&

230 4723 512 4855 ἵνῶυὸᾳῗῗι
528 4721 938 4846 goefiffi·w
968 4737 1080 4776 inm
1115 4719 1324 4776 absenti
1354 4724 1582 4790 peperit.

424 4861 481 4927 2)
517 4874 614 4916 sie.

425 4927 488 4991 8)
527 4929 778 4984 Herm
809 4928 941 4992 feeit
970 4928 1028 4981 in
1064 4923 1406 4981 dedication
1425 4923 1870 4994 Dseadunquas
1902 4923 2011 4977 iam
2044 4928 2174 5005 qm

235 5005 570 5054 memus·
604 4996 886 5053 mentium
922 4997 1035 5052 seri
1162 4995 1364 5062 fuerat,
1396 4993 1490 5049 ssd
1507 4992 1897 5062 peculiaribus,
1931 4997 1990 5045 ut
2026 4989 2170 5047 mde-

236 5069 335 5132 ur,
365 5066 555 5136 literis,
588 5081 728 5138 quas
760 5073 941 5121 tanen
1043 5065 1148 5120 itae
1183 5079 1294 5119 aon
1329 5068 1471 5145 synt.
1548 5060 1938 5117 Posidonius·
1973 5059 2041 5113 de
2071 5059 2175 5116 hae

234 5147 291 5186 re
315 5135 529 5199 frustra
563 5133 815 5189 revolves.
890 5132 1168 5189 Caeterum
1195 5131 1426 5187 Hessius
1461 5135 1732 5213 autor-m
1765 5129 1861 5199 (11.
1893 5127 2003 5211 81),
2040 5127 2172 5183 Bua-

236 5199 483 5286 linomgs·
516 5202 753 5282 festo-S.
792 5202 981 5286 Caroli
1020 5219 1090 5285 111.
1128 5200 1258 5256 Ian.
1309 5196 1443 5254 1661
1490 5204 1787 5283 orationem
1821 5199 2076 5280 habuisse
2106 5196 2175 5253 de

237 5273 469 5396 ganeae,
502 5272 651 5346 qnod
671 5278 977 5396 mama-⁸
1012 5271 1223 5328 aecem
1256 5266 1463 5325 mad
1476 5266 1860 5339 inquirendam
1897 5273 2172 5323 veritates·

464 5344 743 5398 uben-tea
820 5356 888 5396 οι.

2240 1643 2245 1648 ’
2273 1641 2635 1724 pertinacia
2699 1643 2966 1708 omnino
3022 1665 3096 1710 co

2270 606 2573 675 omnibns
2615 617 2966 694 utrumque
3015 609 3288 678 eandem
3350 635 3488 681 rem
3531 634 3742 701 agere.
3833 613 4234 701 Quanquam

2271 704 2343 761 tu
2386 715 2507 776 pro
2542 693 2864 762 donorum
2899 697 3288 764 excellentia
3323 699 3577 767 doctius
3613 711 3679 767 et
3714 704 4004 769 exactius
4047 723 4221 788 agas.

2271 780 2447 846 Mire
2483 779 2730 864 placuit
2785 785 3103 867 praefatio
3140 785 3226 850 D.
3289 785 3572 871 Veryerio
3616 787 3961 854 destinata.
3988 787 4047 868 ⁴)
4135 790 4227 855 Et

2271 886 2397 950 ago
2437 870 2594 932 tuae
2635 865 3026 934 humanitati
3193 872 3319 937 tias
3364 873 3476 955 qni
3512 871 3693 938 illam
3730 875 3895 939 mihi
3933 894 4222 940 eommu-

2276 953 2493 1019 nicare
2533 952 2841 1037 dignatus
2879 954 2988 1021 sis.
3154 958 3343 1023 ittam
3387 958 3484 1023 illi
3517 957 3690 1025 hanc
3733 974 3800 1025 et·
3841 959 4065 1027 literas
4106 981 4228 1045 per

2320 1039 2562 1105 rimum
2596 1060 2915 1124 quemque
2952 1041 3365 1109 tabellionem
3403 1042 3678 1110 fidelem.
3750 1045 3922 1111 Nam
3959 1055 4226 1130 propter

2299 1141 2486 1190 acum
2532 1133 2826 1191 nostrum
2873 1126 3078 1211 glacie
3122 1131 3544 1195 constrictum
3572 1132 3631 1212 ὅ)
3677 1133 3808 1196 rari
3853 1132 3934 1197 ad
3978 1153 4098 1198 1100
4141 1153 4227 1198 ex

2273 1210 2560 1276 Rhaetia
2603 1223 2972 1278 commeant
3017 1235 3226 1298 neque
3270 1216 3476 1281 nostri
3521 1217 3698 1299 ipsos
3732 1218 3993 1282 adeunt.
4082 1219 4223 1283 Ma-

2273 1295 2505 1362 turabo
2548 1307 2769 1362 tamen
2813 1320 2897 1364 ne
2938 1300 3092 1383 quid
3137 1300 3460 1386 negligam
3507 1302 3812 1386 maligne.

2446 1384 2767 1448 Amemus
2803 1405 2922 1450 nos
2959 1399 3205 1462 mutuo,
3255 1387 3527 1467 Calvine,
3564 1397 3632 1451 et
3664 1392 3985 1454 iuvemus.
4051 1388 4223 1462 Nam

2272 1488 2553 1553 magnae
2596 1467 2782 1534 nobis
2823 1468 3099 1536 insidiae
3143 1482 3492 1538 struuntur
3534 1476 3614 1540 ab
3661 1474 4002 1540 hominum
4046 1481 4222 1541 astu-

2274 1554 2542 1622 tissimis
2587 1563 2656 1620 et
2695 1554 3171 1639 impurissimis.
3261 1558 3619 1625 Constituit
3663 1559 3902 1626 Caesar
3947 1581 4063 1643 pro
4106 1581 4225 1626 0110,

3181 1665 3252 1708 re
3304 1646 3670 1711 concilium.
3760 1646 3896 1711 Nee
3951 1645 4222 1713 dubium

2273 1737 2377 1791 est
2418 1728 2574 1809 quin
2635 1748 2755 1793 nos
2811 1728 3033 1794 hostes
3143 1730 3333 1795 bristi
3391 1733 3758 1797 accusaturi
3824 1742 3893 1797 et
3953 1732 4227 1815 petituri

2274 1812 2425 1877 sint.
2516 1817 2734 1896 Atque
2777 1816 3027 1879 utinam
3064 1817 3206 1898 ipse
3244 1815 3482 1881 Caesar
3511 1839 3641 1883 non
3686 1819 3952 1884 simulet
3994 1838 4067 1883 se
4108 1839 4225 1882 ex-

2273 1896 2666 1982 peditionem
2708 1900 2921 1965 facere
2963 1903 3031 1965 in
3070 1902 3336 1979 Turcas,
3381 1923 3583 1985 quum
3619 1915 3845 1987 postea
3885 1911 4228 1969 convertat

2273 1985 2509 2068 partim
2556 1986 2625 2049 in
2660 1985 3218 2053 Pedemontanam
3259 1991 3491 2071 partim
3539 1990 3606 2054 in
3633 1989 4027 2055 Helvetiam.
4091 1990 4225 2055 No-

2273 2081 2383 2135 tus
2426 2079 2531 2135 001
2571 2071 2750 2135 enim
2794 2073 2931 2137 suis
2976 2093 3058 2137 ex
3092 2073 3357 2139 artibus.
3427 2074 3563 2141 Nec
3599 2074 3866 2141 dubium
3918 2087 4018 2141 est
4059 2078 4218 2160 quin

2274 2155 2453 2221 aliud
2498 2156 2619 2223 1100
2661 2157 2936 2222 concilio
2980 2170 3113 2224 tam
3182 2160 3377 2225 anxie
3429 2170 3650 2227 coacto
3708 2172 3980 2245 quaerat
4023 2183 4217 2245 quam

2275 2241 2387 2308 vul
2436 2264 2476 2308 o
2522 2254 2849 2327 appareat.
2939 2243 3072 2310 Sed
3136 2246 3558 2330 experientur
3612 2248 3837 2332 magni
3896 2248 4219 2331 principes

2274 2338 2387 2393 tan
2436 2349 2572 2406 em,
2628 2329 2918 2413 adeoque
2963 2332 3103 2413 ipse
3152 2331 3387 2397 Gallus
3425 2331 3761 2414 inprimis,
3787 2337 3841 2412 ⁸)
3884 2354 4075 2416 quem
4120 2344 4221 2399 ta·
4288 2389 4296 2402 .

2276 2435 2427 2480 men
2488 2414 2680 2480 audio
2747 2416 3199 2500 imprudenter
3269 2437 3425 2482 sane
3492 2417 3806 2484 adiuvare
3857 2429 3924 2484 et
3986 2440 4222 2485 ornare

2275 2499 2447 2565 velle
2490 2500 2918 2584 proditoriam
2957 2513 3026 2568 et
3065 2503 3383 2586 pestilens
3426 2501 3586 2568 illud
3623 2503 3987 2571 concilium.
4057 2503 4217 2570 001·-

2273 2587 2600 2651 tissimum
2636 2597 2739 2652 est
2775 2587 3107 2654 Gaesarem
3149 2588 3322 2653 velle
3355 2590 3528 2653 inter
3561 2609 3632 2654 00
3665 2611 3784 2673 per
3816 2590 4222 2658 occasionem

2272 2673 2526 2739 concilii
2571 2673 2979 2739 committere
3021 2674 3364 2740 Helvetios
3419 2696 3547 2758 quo
3593 2676 3811 2742 minus
3853 2675 4083 2741 auxilii
4126 2677 4220 2742 fe-

2273 2767 2426 2824 rant
2473 2758 2674 2838 Galle,
2719 2759 2849 2825 imo
2894 2770 2971 2825 ut
3012 2761 3153 2843 ipse
3192 2780 3303 2826 eos
3347 2759 3612 2826 tandem
3649 2772 3920 2844 occupet
3952 2761 4217 2828 laceros.

2273 2842 2409 2911 Sed
2456 2843 2632 2910 Galli
2686 2865 2820 2910 non
2874 2845 3179 2924 credunt,
3246 2846 3410 2911 nihil
3456 2847 3714 2923 vident,
3780 2848 3975 2912 etiam
4019 2868 4218 2930 quum

2272 2930 2368 2996 eis
2410 2929 2573 2996 haec
2605 2928 2689 2996 ad
2732 2930 2992 2996 oculum
3027 2941 3642 2999 commonstrantur.
3707 2932 4034 2999 Dominus
4069 2954 4222 3016 ape-

2272 3017 2403 3081 riat
2444 3016 2664 3083 0011100
2707 3017 3125 3101 magnatibus
3183 3026 3257 3083 ut
3319 3026 3596 3084 cernant
3638 3018 3791 3101 quid
3837 3021 4061 3103 vipera
4104 3038 4222 3085 sua

2273 3101 2663 3168 absconsum
2721 3113 2942 3168 teneat
2985 3102 3325 3186 Hispanus
3388 3113 3453 3168 ct
3510 3103 3663 3187 quid
3719 3104 4019 3170 instituat
4072 3103 4221 3169 *vul-

2275 3187 2521 3272 pecula.
2626 3186 2761 3254 Sed
2816 3198 2973 3254 sunt
3035 3187 3299 3272 quidam
3353 3196 3499 3272 post
3551 3191 3790 3256 factum
3845 3188 4220 3273 prudentes.

2273 3275 2592 3340 Nostrum
2650 3276 2846 3340 fuerit
2904 3283 3284 3340 constanter
3336 3275 3588 3357 precari
3641 3273 3874 3341 faeiem
3931 3273 4218 3355 Domini,

2272 3381 2499 3426 omnes
2543 3361 2828 3426 invitare
2882 3360 2962 3426 ad
3011 3360 3479 3444 poenitentiam
3535 3369 3603 3426 et
3664 3362 4094 3428 constantiam
4149 3360 4221 3426 in

2273 3447 2419 3522 fide,
2468 3445 2938 3529 traducereque
2983 3446 3439 3531 sanguinarios
3493 3446 3642 3513 illos
3699 3459 3764 3513 et
3822 3446 3988 3513 dolis
4030 3446 4234 3530 plena

2271 3532 2562 3598 consilia.
2633 3531 2817 3597 Vale.
2886 3532 3200 3598 Salutant
3233 3545 3299 3597 te
3343 3532 3592 3597 fratres.
3664 3531 3900 3598 Saluta
3935 3541 4006 3598 tu
4042 3554 4075 3599 s
4190 3567 4222 3581 ·

2272 3629 2524 3703 mystas
2568 3639 2812 3684 omnes.
2902 3617 3229 3685 Dominus
3285 3617 3626 3685 benedicat
3669 3618 3854 3685 nobis
3898 3616 4079 3683 omni
4126 3639 4220 3684 us.

2271 3704 2504 3789 Tiguri
2549 3704 2881 3790 7.„Martii
2924 3724 3100 3769 anno
3151 3709 3328 3769 1661.

3399 3789 3831 3872 Bullingerus
3876 3797 4047 3855 tuus.

3163 4334 3346 4407 1461.

2670 4490 3340 4562 BULLINGERUS
3386 4488 3833 4558 VADIANO.

2455 4667 2747 4733 Graviter
2786 4666 3126 4748 aegrotanti
3180 4665 3368 4731 mittit
3418 4662 3735 4746 exemplar
3789 4659 4230 4729 Gon-sensionis

2276 4760 2336 4820 et
2376 4753 2661 4822 decadem
2710 4749 3092 4817 Semnonum.

2483 4977 2545 5116 «ιζ
2580 4975 2656 5032 Ν.
2694 4974 2831 5030 1450
2862 4982 2973 5031 aot.
3010 4974 3042 5028 ’ἵ
3087 4980 3138 5030 et
3166 4972 3217 5028 8.

2482 5047 2518 5102 6
2574 5061 2752 5129 mense
2789 5045 3029 5127 'Bias-tio!
3070 5114 3084 5127 .
3266 5112 3278 5125 ⁹
4021 5105 4032 5117 ι

2481 5116 2537 5179 6)
2577 5115 2686 5170 Hic
2728 5121 2912 5185 utique
2953 5114 3173 5180 fallitur
3217 5127 3303 5167 ver
3350 5125 3619 5165 mutum
3681 5103 4129 5186 Reatina-neus
4172 5108 4228 5161 a

2280 5187 2494 5269 Romae
2538 5190 2589 5239 et
2635 5183 2884 5238 Tridena·
2922 5199 3023 5266 per
3068 5183 3296 5253 1090111111
3346 5196 3506 5262 suana
3550 5178 4224 5308 protemmeeom

2273 5253 2699 5392 mmm
2730 5257 3235 5377 ,1191111310
3262 5249 3544 5375 'tm
3563 5259 3865 5453 sag...
