4900 6167
244 464 346 527 389

241 649 398 714 visus
437 648 775 732 ingressus
817 647 1041 712 omnia
1080 644 1466 731 perturbata
1521 652 1590 711 et
1643 644 1956 730 perieulis
2009 643 2170 730 glis-

242 736 432 800 centia
484 734 726 799 inveni.
825 733 1017 802 Uxor
1068 732 1464 798 rumusculis
1517 733 1690 799 clam
1748 733 1951 798 variis
2010 731 2168 798 locis

239 820 525 905 depositis
567 821 975 906 apparitores
1017 820 1386 903 irrupturos
1428 839 1467 883 e
1736 816 1868 883 bat.
1957 817 2168 883 Audi·

239 916 362 972 erat
401 904 573 970 enim
618 926 860 989 regem,
902 905 1118 989 legato
1151 905 1474 988 papistico
1603 902 1889 970 rbonicis
1923 911 1994 968 et
2025 924 2168 969 car-

239 992 432 1057 dinale
455 991 720 1058 thari
860 990 1026 1055 mihi
1052 1011 1227 1057 nunc
1246 991 1687 1067 infestissime,
1733 988 2095 1055 anlardo
2114 992 2169 1062 ⁹)

237 1099 466 1163 quoque
509 1098 658 1143 cum
789 1078 1043 1142 vocatis
1087 1077 1223 1141 suis
1268 1076 1526 1154 auditis,
1583 1077 1918 1160 negotium
1972 1074 2055 1139 ad
2100 1095 2170 1140 se

237 1185 440 1230 mense
482 1163 663 1228 Maio
706 1171 1050 1228 evocatum
1098 1161 1182 1227 ad
1235 1172 1536 1227 senatum
1579 1160 2022 1228 Parisiensem
2064 1181 2168 1226 re-

235 1250 487 1327 misisse,
531 1259 601 1313 et
643 1249 911 1315 iussisse
947 1257 1179 1313 contra
1214 1269 1321 1313 me
1357 1260 1549 1313 extra
1579 1247 1878 1312 ordinem
1908 1266 2168 1311 reorum

235 1356 394 1401 more
437 1335 716 1418 procedi.
805 1335 972 1400 Erat
1015 1343 1234 1399 autem
1280 1335 1349 1398 in
1399 1334 1634 1410 animo,
1680 1335 1997 1398 bonorum
2041 1332 2168 1396 sal-

236 1428 349 1486 tem
417 1421 787 1504 quadrante
846 1419 1181 1487 divendito
1198 1472 1213 1499 ,
1280 1439 1557 1485 uxorem
1616 1427 1683 1485 et
1740 1426 1873 1485 tres
1931 1417 2170 1485 liberos

235 1528 360 1574 cum
404 1515 593 1591 parte
637 1505 956 1572 librorum
1017 1506 1324 1572 evehere:
1384 1504 1498 1571 sed
1557 1525 1839 1588 prorsus·
1881 1502 2169 1568 ἀδύνατον

233 1593 353 1657 fuit.
443 1593 582 1657 Nec
622 1595 802 1658 enim
836 1592 1133 1676 palmum
1176 1613 1384 1657 unum
1427 1601 1643 1656 terrae
1676 1590 1966 1656 vendere
2008 1590 2170 1655 licu-

233 1680 390 1754 isset,
435 1689 506 1742 et
548 1678 759 1744 multo
801 1679 1020 1743 minus
1065 1676 1145 1743 de
1191 1677 1337 1742 aliis
1389 1675 1722 1743 reditibus.
1813 1675 1919 1742 De
1960 1676 2171 1741 mobi-

233 1763 391 1830 libus
444 1775 685 1841 autem‚
743 1777 820 1829 ut
869 1784 976 1829 res
1034 1773 1193 1843 erat,
1253 1763 1434 1828 mille
1488 1762 1689 1828 libras
1746 1762 1983 1828 elicere
2040 1783 2171 1827 non

231 1852 546 1935 potuisset.
659 1850 836 1915 Filia
898 1850 1094 1915 unica
1156 1850 1337 1915 febre
1399 1848 1706 1913 laborans
1780 1848 1973 1913 evehi
2040 1869 2172 1913 non

232 1944 470 2019 poterat
513 1936 774 2001 etiamsi
818 1936 1124 2002 licuisset.
1214 1936 1352 2001 Nec
1395 1935 1594 2002 celari
1636 1937 1705 1998 in
1752 1955 1830 1999 ea
1873 1935 2174 2018 peristasi

234 2021 503 2087 familiae
562 2023 781 2088 exitus
839 2022 1158 2105 potuisset
1225 2033 1293 2086 et
1347 2022 1568 2086 omnia
1622 2020 1905 2104 praedae
1962 2021 2176 2104 magis

233 2110 602 2191 patuissent.
671 2109 962 2173 Tertiam
996 2117 1258 2173 tantum
1293 2105 1606 2172 librorum
1641 2115 1893 2189 partem
1917 2107 2176 2189 seposui

235 2205 298 2258 ut
334 2193 414 2259 ad
457 2215 565 2259 me
611 2194 932 2279 ocyssime
973 2194 1416 2270 mitterentur,
1473 2212 1608 2257 una
1657 2213 1810 2260 cum
1867 2192 2172 2258 lucubra-

236 2281 507 2347 tionibus
543 2281 728 2358 meis,
775 2284 861 2353 εἰς
903 2278 1319 2363 ἐπανόρθωμα
1360 2281 1465 2341 τοῦ
1505 2286 1758 2358 νομίμου
1795 2287 1865 2343 et
1906 2279 1976 2341 in
2001 2278 2175 2343 Gon-

236 2365 637 2445 suetudines,
696 2387 861 2450 quae
918 2368 1050 2431 iam
1109 2367 1176 2431 in
1235 2364 1427 2430 aliam
1488 2364 1788 2442 domum,
1848 2374 1924 2428 ut
1965 2364 2178 2430 tutius

236 2461 455 2528 essent,
504 2452 862 2518 translatae
887 2461 1092 2516 erant.
1160 2451 1582 2517 Nunciabant
1604 2451 1795 2515 amici
1817 2450 2176 2515 adventum

234 2559 436 2603 meum
475 2539 546 2602 in
585 2539 814 2604 urbem
851 2539 1213 2603 innotuisse
1248 2537 1662 2615 adversariis,
1708 2547 1774 2601 et
1808 2537 1928 2601 sub
1963 2536 2176 2600 lucem

236 2635 290 2689 et
325 2635 582 2690 noctem
628 2646 713 2691 ex
760 2624 1073 2689 loratores
1117 2623 1395 2690 circuire
1429 2622 1611 2689 vicos
1647 2622 1867 2687 domui
1903 2621 2174 2688 vicinos.

235 2710 499 2776 Mutatis
569 2708 861 2777 vestibus
931 2711 997 2775 in
1079 2710 1218 2793 ipso
1301 2706 1573 2773 meridie
1655 2706 1922 2773 domum
1999 2707 2176 2773 solus

235 2817 520 2880 egressus
564 2809 755 2862 extra
799 2805 1050 2878 portam
1096 2794 1281 2879 equis
1322 2794 1695 2860 conscensis
1738 2792 1920 2872 redii,
1979 2793 2177 2859 biduo

234 2882 479 2965 quidem
523 2881 877 2947 festinans:
925 2881 1038 2947 sed
1084 2881 1187 2946 die
1230 2882 1423 2946 tertio
1465 2879 1687 2959 febris,
1733 2899 1861 2962 qua
1901 2880 2176 2945 Parisiis

233 2979 559 3053 correptus
617 2967 906 3046 fueram,
969 2968 1372 3051 equitantem
1451 2965 1613 3031 adeo
1667 2966 1904 3030 afflixit
1964 2974 2043 3030 ut
2104 2967 2177 3031 in

236 3052 499 3136 quodam
541 3062 760 3122 castro
803 3054 1072 3118 seorsim
1121 3053 1204 3118 ab
1247 3054 1483 3118 itinere
1539 3062 1819 3135 quatuor
1871 3050 2010 3116 dies
2063 3050 2177 3117 de·

233 3140 522 3207 cumbere
565 3149 829 3206 coactus
871 3140 1127 3205 fuerim.
1215 3139 1544 3222 Deinceps
1587 3158 1793 3203 unum
1851 3137 1956 3203 vel
2015 3137 2178 3203 alte-

233 3245 369 3290 rum
413 3227 592 3292 diem
634 3225 935 3309 equitans
979 3225 1262 3305 (duobus
1303 3231 1421 3290 aut
1462 3223 1676 3289 tribus
1710 3222 2177 3306 quiescendum

235 3317 388 3388 erat)
453 3332 749 3378 seorsum
814 3311 896 3376 ab
952 3311 1235 3394 hospitio
1293 3308 1592 3375 domibus
1651 3309 2008 3375 amicorum
2067 3330 2179 3374 ex-

233 3409 466 3479 ceptus,
508 3398 709 3463 etiam
755 3418 919 3481 quos
964 3417 1304 3479 nunquam
1346 3395 1631 3461 antehac
1668 3415 2002 3472 noveram,
2065 3396 2177 3478 qui

233 3501 326 3568 me
365 3486 595 3549 favore
616 3483 942 3568 evangelii
966 3482 1434 3549 officiosissime
1456 3490 1928 3547 tractaverunt.
1998 3480 2175 3546 Mul-

233 3579 322 3634 tos
361 3569 658 3653 undique
697 3571 769 3634 in
813 3568 1034 3635 Gallia
1078 3587 1392 3633 noveram
1435 3568 1637 3633 verbo
1682 3567 1808 3632 Dei
1862 3566 2176 3645 faventes,

233 3655 332 3719 sed
383 3655 607 3722 adhuc
664 3655 897 3720 ultimo
955 3655 1077 3721 hoc
1136 3652 1352 3721 reditu
1408 3652 1633 3738 plures
1696 3651 1861 3718 alios
1917 3653 2174 3737 agnovi.

233 3738 442 3825 Usque
488 3741 653 3807 adeo
697 3741 921 3808 Gallia
965 3741 1092 3806 Dei
1135 3740 1449 3806 beneficio
1492 3738 1781 3821 undique
1823 3738 1960 3803 fere
1982 3738 2178 3804 Ohri·

232 3828 451 3894 stianis
519 3847 790 3910 aspersa
853 3837 982 3902 est,
1045 3839 1182 3891 tam
1247 3845 1329 3890 ex
1397 3822 1727 3890 nobilibus
1785 3844 1906 3908 per
1962 3844 2176 3907 agros,

234 3931 415 3994 quam
463 3933 548 3978 ex
593 3915 939 3996 praefectis
995 3913 1127 3977 iuri
1192 3910 1474 3978 dicundo
1529 3923 1597 3976 et
1650 3908 2178 3976 honoratioribus

232 3998 472 4066 civibus
516 4020 637 4084 per
679 3999 934 4082 oppida.
1023 3997 1260 4064 Plures
1300 3996 1464 4062 mihi
1504 4004 1721 4062 castra
1761 3995 2031 4079 locaque
2074 4016 2177 4062 se-

233 4092 394 4151 mota
437 4097 507 4151 et
535 4097 682 4150 tuta
710 4085 1106 4161 obtulerunt,
1153 4094 1231 4149 ut
1257 4082 1338 4148 ob
1360 4081 1704 4148 adversam
1729 4080 2176 4148 valetudinem

233 4169 532 4254 hyemem
578 4169 762 4236 libris
804 4192 882 4236 eo
936 4171 1181 4236 evectis
1238 4169 1692 4253 transigerem.
1782 4165 1920 4233 Sed
1970 4166 2174 4246 nolui,

234 4276 351 4322 non
395 4267 581 4322 metu
622 4255 931 4335 hostium,
976 4254 1091 4322 sed
1134 4263 1214 4321 ut
1253 4276 1405 4322 cum
1454 4253 1683 4320 amicis
1725 4254 1857 4318 iam
1899 4254 2176 4320 Parisiis

236 4340 557 4408 decretum
619 4363 1012 4426 exsequerer
1029 4394 1043 4420 ,
1112 4341 1418 4408 videlicet
1487 4349 1563 4405 ut
1627 4338 1710 4405 ad
1764 4353 1831 4405 te
1882 4346 2174 4422 tuosque,

237 4426 633 4495 doctissimos
677 4437 748 4494 et
779 4428 1288 4494 humanissimos
1323 4426 1518 4506 viros,
1562 4426 1640 4492 'Pi
1734 4446 1885 4490 rum
1905 4433 2175 4491 conten-

238 4512 463 4580 derem.
549 4514 792 4580 Inveni
835 4512 1146 4599 Lugduni
1202 4514 1270 4578 in
1316 4511 1533 4578 medio
1587 4512 2000 4578 inimicorum
2046 4512 2175 4589 (vi-

239 4598 458 4666 delicet
498 4600 853 4666 cardinalis
903 4599 1223 4666 Tuo-nonii
1265 4606 1333 4663 et
1374 4598 1702 4664 Matthaei
1754 4596 1918 4679 Orys
1959 4596 2175 4681 inqui-

238 4686 460 4766 sitoris,
517 4710 558 4753 a
600 4707 746 4770 quo,
802 4686 908 4754 vel
963 4684 1107 4751 eius
1154 4687 1328 4751 vices
1371 4693 1659 4769 gerente,
1720 4691 2034 4765 tanquam
2093 4684 2174 4750 ab

237 4768 426 4839 abusu
474 4771 980 4858 appellaveram,
1023 4770 1180 4854 quia
1222 4790 1262 4834 a
1305 4789 1478 4853 papa
1510 4787 1756 4852 suoque
1790 4769 2177 4835 consistorio

236 4854 440 4925 iussus
479 4869 584 4926 est
626 4860 696 4923 in
740 4880 845 4923 me
879 4855 1187 5007 scriberff
1222 4856 1335 4937 qui
1355 4876 1509 4921 mox
1529 4854 1652 4920 hos
1697 4855 1813 4919 itio
1834 4852 2177 4938 abreptum

239 4942 301 5007 in
341 4945 533 5012 aliam
578 4943 845 5011 domum
891 4953 1109 5010 transt
1179 4951 1393 5008 erunt.
1482 4941 1578 5006 Et
1636 4876 1744 5006 <fio
1795 4940 1993 5005 tertia
2050 4940 2179 5020 (in-

239 5029 420 5095 terim
463 5031 635 5097 enim
697 5029 968 5095 medicis
1020 5028 1339 5094 utendum
1382 5028 1557 5110 erat)
1616 5034 1771 5092 ante
1822 5025 2038 5091 lucem
2092 5024 2179 5090 ad

239 5114 403 5198 ripas
447 5138 577 5183 una
620 5137 797 5182 nunc
839 5115 1046 5181 altera
1100 5113 1312 5180 cimba
1363 5121 1551 5178 trans
1594 5110 1846 5178 leucam
1891 5109 1973 5176 ab
2014 5110 2177 5177 urbe

249 5254 370 5263 *—

429 5321 490 5389 9)
527 5322 723 5376 Petrus
759 5319 1064 5389 Βνιιεῑανά,
1115 5325 1225 5374 um
1269 5323 1330 5373 ut
1374 5316 1589 5372 videtur
1626 5322 1955 5386 procurator
1983 5321 2176 5387 postea

239 5393 543 5444 maurim
578 5395 770 5446 statua

1939 458 2101 522 1552
2146 454 2473 526 OOTOB.

4100 466 4233 534 390

2268 648 2663 727 emiserunt,
2721 646 2834 714 ubi
2876 648 3163 716 inventis
3216 648 3409 733 equis
3453 648 3560 714 die
3615 650 3811 716 tertia
3865 651 3998 719 hue
4047 655 4225 722 veni.

2270 734 2420 803 Scri
2539 743 2697 800 runt
2751 734 2953 800 etiam
3011 734 3202 799 amici
3257 755 3296 799 e
3349 735 3682 820 Lugduno
3738 736 3965 803 literas
4020 738 4104 804 ad
4161 753 4233 807 te

2271 829 2340 886 et
2394 756 2560 887 ιῗιθιξε
2661 820 3087 886 raecellentes
3134 821 3309 886 viros
3367 822 3624 905 Tiguri,
3690 843 3850 906 quos
3904 821 4231 891 dederunt

2271 906 2535 974 cuidam
2578 841 2986 990 Sgaphusiae
3020 906 3147 972 civi
3182 907 3293 990 qui
3328 927 3436 971 me
3470 908 3792 991 'Pigurum
3828 907 4229 978 deducturus

2273 1000 2434 1060 erat.
2521 993 2669 1077 Ego
2713 1013 2868 1057 vero
2910 992 3021 1059 hic
3061 990 3322 1058 illectus
3366 992 3447 1059 ab
3492 994 3719 1061 amicis
3770 1002 3837 1060 et
3879 992 4237 1064 deterritus

2271 1079 2356 1145 ob
2397 1079 2787 1144 instantiam
2821 1077 3077 1144 itineris
3097 1087 3166 1142 et
3205 1079 3375 1144 aeris
3409 1079 3600 1145 timui
3631 1080 3808 1147 istuc
3828 1081 3926 1146 ire
3964 1090 4237 1166 propter

2274 1173 2604 1232 recentem
2647 1163 3095 1230 valetudinem
3141 1171 3209 1229 et
3250 1164 3573 1249 triplicem
3633 1165 3938 1250 hyemem
3995 1168 4233 1236 aetatis

2273 1250 2545 1348 (quippe
2589 1251 2719 1350 qui·
2740 1249 2875 1315 iam
2930 1270 3152 1350 unum·
3181 1257 3249 1316 et
3300 1251 3920 1351 quinquagesimum
3980 1274 4231 1321 annum

2272 1335 2724 1504 &mm
2766 1343 3288 1504 §mmffis
3326 1337 4233 1501 ..tffflnffiefflffnffpssgi

2271 1509 2622 1594 fugientes,
2667 1514 2745 1572 ut
2775 1506 3057 1573 Flaccus
3100 1508 3225 1572 ait:
3285 1528 3446 1590 quos
3500 1508 3773 1591 proinde
3811 1510 4072 1593 parcius
4118 1532 4235 1577 cu·

2271 1615 2424 1660 rare
2443 1603 2718 1676 oportet,
2765 1613 2969 1675 eoque
2989 1593 3201 1675 magis
3223 1593 3398 1676 quod
3441 1593 3752 1660 ecclesiae
3793 1595 4123 1662 iuvandae
4164 1605 4234 1662 et

2274 1680 2563 1745 inimicis
2580 1730 2596 1758 ,
2656 1679 2713 1743 si
2764 1698 2930 1762 opus
2973 1679 3092 1757 sit,
3152 1680 3566 1745 confutandis
3607 1679 3919 1764 librisque
3961 1681 4234 1750 edendis

2275 1763 2657 1850 impendere
2702 1766 2920 1829 statui.

2450 1851 2758 1935 Triginta
2783 1851 2865 1930 ¹⁰)
2923 1857 3096 1915 totos
3155 1870 3364 1915 annos
3434 1852 3716 1916 officium
3785 1852 4232 1920 advocationis

2278 1938 2555 2005 Parisiis
2599 1955 3024 2002 exercueram
3123 1935 3337 2001 uando
3392 1934 3482 1999 ibi
3538 1936 3777 2002 bellum
3841 1957 3926 2022 pa
3968 1939 4230 2005 isticum

2279 2033 2513 2091 contra
2553 2043 2660 2088 me
2702 2022 2965 2088 exarsit.
3121 2021 3295 2086 ultos
3335 2019 3538 2088 libros
3580 2031 3717 2087 tam
3774 2024 3842 2088 in
3894 1957 4233 2090 efflasset-.-

2279 2111 2467 2177 dines
2490 2161 2504 2188 ,
2569 2117 2638 2174 et
2690 2108 2922 2192 stylum
2962 2108 3271 2189 forensem
3293 2105 3375 2192 11)
3442 2128 3636 2189 quam
3689 2111 3760 2173 in
3823 2109 3978 2174 Iure
4039 2109 4233 2175 edidi.

2282 2195 2390 2262 Ad
2426 2195 2590 2261 haec
2623 2215 2756 2260 non
2794 2194 3007 2260 solum
3041 2204 3352 2259 externae
3386 2193 3501 2258 sed
3536 2194 3746 2259 multo
3782 2195 3994 2279 magis
4028 2196 4238 2262 chris-

2282 2283 2505 2347 tianae
2562 2279 2957 2380 reipublicae
3013 2280 3334 2344 inservire
3392 2280 3750 2378 cupiebam.
3813 2281 4073 2364 ·Itaque
4131 2301 4237 2345 ar-

2279 2363 3553 2536 Irfftflsusceptbossgrigesipgtlzlopefetggz
3577 2363 3862 2516 (gilliam
3900 2364 4239 2536 gvuilgavi.

2285 2538 2517 2605 Contra
2578 2538 2817 2603 abusus
2886 2538 3101 2602 curiae
3155 2556 3457 2601 romanae
3509 2542 3565 2601 et
3612 2557 3965 2619 papanem,
4024 2538 4237 2603 multo

2282 2624 2613 2691 efficacius
2673 2632 2852 2689 certo
2904 2640 3105 2706 quam
3151 2631 3473 2705 putaram,
3524 2623 3811 2687 Domino
3866 2625 4237 2688 incremen-

2281 2719 2427 2776 tum
2484 2710 2682 2775 dante
2726 2717 2796 2774 et
2838 2707 3170 2774 laboribus
3215 2709 3378 2773 meis
3418 2709 3494 2773 in
3537 2708 4000 2774 afflictionibus
4043 2710 4239 2775 bene·

2281 2796 2556 2862 dicente.
2646 2796 3000 2879 Nunquam
3046 2794 3224 2860 enim
3269 2795 3395 2859 fuit
3437 2796 3509 2858 in
3546 2794 3770 2860 Gallia
3810 2793 3975 2859 liber

2281 2884 2410 2948 tior
2449 2903 2573 2947 nec
2612 2880 2911 2964 cupidius
2966 2888 3230 2964 emptus
3273 2889 3388 2946 aut
3439 2879 3648 2945 lectus
3666 2931 3681 2958 ,
3741 2881 3938 2945 etiam
3995 2882 4075 2948 ab
4132 2881 4239 2948 lus

2281 2969 2394 3052 qui
2439 2967 2773 3052 papisticis
2809 2963 3140 3031 erroribus
3176 2965 3655 3044 detinebantur,
3701 2967 3992 3050 exceptis
4025 2986 4239 3050 papae

2281 3054 2645 3120 coniuratis
2688 3052 3027 3118 duntaxat.
3115 3051 3346 3117 Prima
3378 3052 3711 3136 aggressio
3751 3052 3876 3116 fuit
3918 3051 4001 3116 ad
4037 3054 4240 3118 finem

2281 3141 2532 3207 Martii.
2621 3138 2930 3217 Vocatus,
2975 3155 3191 3203 coram
3234 3137 3440 3222 Regis
3482 3136 3818 3203 advocatis
3853 3137 4239 3203 exstimula-

2281 3228 2367 3292 tis
2410 3247 2450 3291 a
2494 3225 2825 3302 Sorbona,
2882 3244 3049 3308 quae
3090 3223 3186 3287 eis
3227 3221 3468 3287 librum
3512 3243 3665 3289 cum
3709 3221 4034 3288 atrocibus
4078 3243 4238 3306 que-

2281 3312 2439 3379 relis
2476 3312 2763 3389 dederat,
2806 3310 2979 3375 illico
3013 3311 3365 3393 comparui,
3405 3309 3662 3393 agnovi.
3753 3309 4055 3393 Rogatus
4088 3311 4242 3393 (ag-

2281 3398 2642 3464 noscebant
2682 3397 2859 3461 enim
2901 3416 3043 3460 sese
3086 3413 3265 3460 meos
3307 3395 3506 3459 fuisse
3541 3392 3893 3477 discipulos
3926 3405 3996 3460 et
4027 3413 4240 3478 quan-

2281 3491 2426 3549 tum
2486 3490 2793 3568 poterant
2844 3481 3013 3546 mihi
3066 3479 3475 3565 deferebant)
3530 3480 3871 3563 epistolam
3933 3479 4239 3565 gallicam

2282 3569 2627 3635 detrahere
2669 3575 2749 3633 ut
2789 3567 3128 3633 sedaretur
3172 3566 3439 3651 Lysetus
3481 3568 3592 3650 qui
3636 3565 3960 3633 clamabat
4003 3565 4240 3632 adver-

2281 3676 2397 3721 sus
2457 3654 2699 3720 librum
2756 3674 2947 3718 suum
3002 3654 3239 3718 factam
3258 3704 3273 3729 ,
3339 3653 3639 3718 recusavi
3698 3652 3922 3718 dicens
3965 3651 4235 3716 omnino

2282 3740 2453 3807 velle
2498 3761 2604 3805 me
2641 3761 2682 3804 a
2716 3739 2902 3831 Rege
2945 3758 3092 3803 eam
3135 3738 3285 3823 legi.
3376 3737 3512 3804 Sed
3545 3741 3676 3802 iam
3711 3737 3860 3801 Rex
3893 3737 3965 3801 in
4003 3737 4235 3803 castris

2281 3847 2428 3892 eam
2489 3826 2813 3904 audierat,
2871 3843 3071 3909 opera
3111 3833 3179 3889 et
3221 3823 3655 3890 sollicitudine
3710 3823 3913 3907 legati
3969 3821 4153 3887 illius
4195 3842 4237 3887 a

2282 3913 2507 3991 latere,
2552 3912 2666 3996 qui
2711 3911 2996 3975 Romam
3038 3923 3341 3994 repetens
3383 3929 3502 3993 per
3536 3908 3937 3991 Lugdunum
3982 3910 4238 3973 excitus

2282 3999 2366 4063 ab
2400 3999 2636 4064 infesto
2669 3995 2833 4062 mihi
2868 3995 3043 4062 clero
3077 4001 3333 4073 (contra
3365 4013 3557 4077 quem
3595 4013 3713 4075 pro
3737 3992 4239 4076 ptochotrophio

2280 4083 2707 4169 Lugdunensi
2752 4081 3108 4148 advocatus
3149 4082 3427 4158 fueram)
3487 4087 3935 4163 comparatum
3993 4078 4237 4145 librum

2282 4192 2488 4236 unum
2543 4190 2694 4236 cum
2748 4168 3077 4234 atrocibus
3188 4164 3428 4231 uerelis
3498 4164 3582 4229 ad
3636 4165 3739 4229 Re
3787 4186 3892 4230 em
3946 4165 4236 4244 miserat,

2281 4257 2395 4340 qui
2448 4257 2641 4322 initio
2698 4253 2998 4319 irritatus
3053 4272 3093 4316 a
3186 4252 3277 4316 'ta
3331 4251 3606 4334 epistola
3786 4251 3910 4315 lica
3967 4259 4238 4334 pacatus

2281 4343 2425 4422 fuit,
2471 4353 2546 4407 ut
2587 4362 2758 4406 unus
2801 4340 2913 4423 qui
2956 4339 3029 4402 in
3078 4357 3156 4401 eo
3211 4336 3483 4403 consilio
3527 4337 3733 4422 Regis
3788 4336 4016 4402 aderat
4071 4334 4238 4401 mihi

2281 4427 2699 4579 pli-gintssfitgzvit.
2798 4426 3058 4575 {thirsus
3127 4430 3539 4573 ιιιοιιιιειιῖιιιΐ1
3595 4420 4004 4574 Βὲἒζιοιιαωθι
4039 4421 4239 4487 valde

2278 4535 2303 4578 ι
2622 4529 3614 4576 :romeousesseuios
3736 4528 3898 4574 irem
4084 4527 4239 4573 uos-

2281 4598 2433 4664 dam
2477 4599 2685 4663 articu
2712 4618 2784 4663 os
2828 4615 2991 4680 quos
3021 4531 3358 4660 pnotarant
3413 4593 3495 4660 de
3551 4592 3717 4659 libro
3773 4527 4104 4660 domm-031
4162 4600 4238 4658 ut

2278 4686 2716 4771 placarentur,
2764 4681 3003 4766 alioqui
3047 4681 3563 4765 pertinacissime
3605 4700 4047 4764 aggressuros,
4093 4698 4235 4743 me-

2280 4792 2407 4855 que
2450 4770 2534 4835 ad
2578 4768 2926 4835 minimum
2968 4769 3037 4832 in
3081 4766 3419 4832 sinistram
3476 4766 3849 4849 opinionem
3900 4784 4059 4850 erga
4099 4763 4236 4828 Re-

2280 4877 2434 4941 gem
2479 4854 2780 4922 timidum
2823 4863 2890 4920 et
2933 4853 3464 4937 superstitiosum
3507 4850 3904 4918 adducturos
3921 4900 3935 4927 ,
3992 4867 4232 4932 meque

2280 4949 2756 5025 consequenter
2776 4940 3172 5007 amissurum
3207 4938 3490 5022 gratiam
3528 4957 3839 5023 spemque
3860 4935 4235 5002 futurorum

2413 5112 2549 5195 ⁵10)
2589 5110 2878 5182 sequ-m
2916 5109 3201 5179 Ερεηοιω
3245 5108 3490 5164 N.1618
3521 5109 3719 5178 opt-‘m
3749 5104 4114 5162 mamae
4144 5105 4237 5163 ιιι.

2450 5220 2542 5317 115
2576 5249 2780 5304 Oomm.
2827 5249 2885 5302 in
2931 5246 3359 5302 eonsuetudines
3404 5245 3738 5300 Parisienses
3786 5240 3923 5297 1539
3957 5243 4050 5298 fol.
4120 5241 4233 5301 Ea.

2276 5336 2425 5403 ”poa
2458 5317 2613 5374 1558.
2650 5345 2712 5355 —
2748 5316 2913 5399 Stilus
2948 5316 3205 5387 antiquus
3240 5330 3523 5440 Ἢωιο
3556 5312 3739 5367 curiae
3771 5311 4099 5383 parlamenti
4122 5312 4235 5368 Pa-

2277 5389 2521 5444 risiensis
2558 5403 2678 5442 cum
2713 5402 2871 5441 novis
2904 5391 3112 5440 annott.
3150 5385 3212 5440 P.
3248 5384 3279 5438 1
3389 5421 3400 5434 .
3436 5381 3488 5437 4.
3674 5405 3681 5415 ·
3713 5466 3814 5521 25·
