4900 6167
224 452 324 515 529

361 633 934 702 Excellentissimo
977 633 1229 701 Chn‘sti
1273 631 1522 699 famulo
1566 631 1684 697 Do.
1707 631 1944 698 Ioanni
1991 629 2146 698 Cal·

218 726 351 788 vino
423 720 842 788 Genevensis
920 720 1232 787 ecclesiae
1311 719 1557 801 pastori
1635 718 2144 802 vigilantissimo

217 810 380 876 fiatri
423 816 492 873 et
534 809 854 890 compatri
896 804 1307 872 observando
1636 890 1969 957 Gemma·

361 1030 433 1099 S.
480 1043 549 1096 et
581 1050 843 1095 omnem
878 1030 1131 1112 gratiae
1165 1028 1638 1094 abundantiam
1673 1035 1751 1092 ut
1771 1026 2144 1093 felicissime

215 1118 508 1186 eximium
569 1137 608 1181 o
653 1138 733 1181 us
792 1114 964 1200 quod
1006 1116 1076 1180 in
1121 1123 1187 1180 te
1230 1115 1443 1197 coepit
1486 1122 1721 1198 pergat
1766 1111 2139 1179 absolvere!

215 1205 304 1270 De
336 1136 747 1289 aegritudine
803 1222 953 1266 mea
996 1199 1244 1284 aliquid
1289 1199 1630 1266 audivisti:
1681 1197 1763 1264 de
1807 1199 2145 1266 convales-

215 1291 404 1357 centia
447 1310 580 1354 non
625 1288 860 1353 minus.
932 1286 1205 1352 Gratias
1249 1306 1448 1371 agere
1493 1285 1806 1351 debemus
1839 1285 2146 1364 Domino,

214 1400 384 1463 quam
431 1376 486 1442 si
531 1375 635 1441 bis
676 1381 1012 1439 mortuum
1053 1394 1163 1438 me
1207 1373 1588 1439 excitasset:
1644 1371 1741 1436 ita
1781 1372 2000 1437 visum
2044 1380 2147 1436 est

215 1468 402 1551 primo
446 1482 706 1527 mecum
749 1459 858 1525 vel
907 1460 1183 1524 minimo
1230 1458 1688 1524 beneficiorum
1732 1477 2001 1523 suorum
2042 1458 2149 1522 in-

216 1549 581 1636 dignissimo
623 1543 1133 1612 misericorditer
1176 1565 1391 1629 agere,
1434 1544 1591 1610 licet
1623 1564 1964 1627 nunquam
2004 1563 2146 1608 ma-

255 1641 267 1651 “
338 1641 646 1701 contento
687 1632 1085 1715 pacificoque
1142 1632 1364 1696 auimo
1422 1630 1715 1713 requiem
1771 1629 1956 1694 illam
1995 1648 2147 1696 cum

216 1659 459 1822 Christo
535 1717 1036 1803 percupiverim.
1149 1714 1431 1798 Quando
1505 1717 1598 1781 ita
1665 1714 1911 1797 placuit
1975 1715 2146 1799 patri

214 1830 350 1874 mox
403 1809 485 1872 ab
546 1802 958 1887 aegritudine
1016 1803 1221 1886 patris
1280 1803 1407 1867 mei
1436 1807 1480 1880 ¹)
1538 1821 1644 1865 me
1698 1821 1953 1884 quoque
2007 1810 2146 1866 tam

212 1895 470 1978 benigne
519 1890 821 1967 visitare,
867 1909 1014 1967 ora,
1059 1888 1351 1969 obsecro,
1415 1895 1483 1954 et
1527 1895 1600 1952 tu
1644 1895 1712 1951 et
1753 1886 2020 1964 fratres,
2069 1892 2147 1951 ut

213 1982 538 2062 utriusque
584 1976 765 2041 velut
809 1975 1197 2040 resurrectio
1233 1976 1305 2039 in
1342 1974 1591 2059 gloriae
1627 1972 1899 2037 Domini
1943 1972 2145 2039 maio-

213 2089 335 2132 rem
378 2063 860 2150 promotionem
904 2071 970 2127 et
1012 2061 1324 2127 ecclesiae
1368 2060 1510 2125 eius
1552 2058 1922 2126 uberiorem
1967 2057 2145 2124 aedi-

212 2155 562 2220 ficationem
613 2147 820 2215 cedat.
910 2146 1260 2213 Caeterum
1318 2148 1416 2212 tui
1459 2145 1826 2212 absentiam
1870 2164 1948 2210 eo
1989 2143 2146 2211 faci-

213 2240 323 2305 lius
378 2237 689 2314 tulimus,
749 2255 877 2318 quo
921 2233 1358 2316 praesentiam
1404 2230 1701 2298 hostibus
1746 2228 1998 2297 Christi
2042 2250 2146 2297 eo·

213 2325 428 2390 clesiae
469 2322 796 2387 unitatem
842 2319 1108 2385 turbare
1152 2319 1574 2385 molientibus
1616 2315 1908 2383 odiosam
1948 2315 2146 2383 fuisse

213 2423 370 2478 certo
416 2405 819 2476 coniicimus.
908 2404 1093 2470 Nihil
1152 2403 1529 2471 conclusum
1589 2411 1721 2484 est,
1781 2400 1898 2469 sed
1947 2401 2020 2467 in
2069 2405 2146 2466 15

214 2496 333 2563 dics
374 2495 602 2561 omnia
643 2490 1056 2559 distulerunt,
1078 2489 1134 2577 ²)
1222 2490 1548 2557 Dominus
1591 2487 1781 2556 nobis
1828 2488 2015 2555 adsit.

361 2583 606 2647 Frater
662 2578 771 2644 hic
827 2578 972 2661 pius
1028 2597 1266 2643 coenae
1321 2596 1543 2643 sacrae
1597 2573 1792 2642 isthic
1834 2575 2150 2640 interesse

214 2670 392 2753 cupit.
485 2663 672 2731 Nihil
716 2672 815 2730 est
858 2661 1059 2748 (quod
1102 2664 1415 2740 sciamus)
1459 2661 1643 2729 cuius
1687 2661 1900 2746 gratia
1943 2658 2027 2726 ab
2072 2679 2152 2726 ea

214 2755 288 2822 sit
325 2750 738 2819 reficiendus.
813 2747 891 2816 Si
927 2748 1256 2815 Dominus
1298 2769 1405 2814 me
1447 2747 1806 2813 firmiorem
1851 2744 2149 2812 reddide-

217 2842 321 2918 rit,
363 2853 435 2906 et
475 2851 667 2922 pater
710 2857 900 2901 meus
944 2835 1164 2900 omnia
1207 2836 1415 2901 fusius
1459 2833 1542 2900 ad
1585 2842 1653 2898 te
1697 2849 1827 2898 non
1873 2833 2149 2916 scripse-

215 2931 320 3002 rit,
377 2928 521 3008 ipse
566 2923 868 2989 scribam.
954 2921 1152 2999 Vale,
1214 2919 1515 2986 salutatis
1577 2919 1843 3003 collegis
1901 2927 1969 2983 et
2027 2918 2151 3001 piis

216 3012 530 3084 omnibus,
592 3009 797 3092 ipsius
852 3027 1000 3071 meo
1044 3022 1108 3071 et
1155 3006 1423 3072 Fatonis
1465 3006 1748 3071 nomine.
1837 3004 2150 3070 Neocomi

221 3103 305 3164 16.
349 3099 513 3164 Maii
574 3098 753 3159 1553.

950 3215 1135 3279 Tuus
1180 3211 1700 3295 christophorus
1743 3209 1977 3274 Faber.

370 3390 696 3466 Obsecro,
779 3387 1136 3452 Dominum
1227 3383 1531 3448 Varenia-

217 3498 366 3555 num,
421 3477 780 3541 Dominum
820 3471 1305 3546 Normandium,
1362 3469 1534 3535 Oris-

209 3565 453 3644 pinum‚
543 3560 906 3626 Robertum
991 3556 1376 3637 Stephanum
1468 3565 1537 3619 et

217 3650 487 3714 maxime
532 3656 883 3731 cognatum
928 3663 1077 3710 cum
1123 3651 1396 3725 utraque
1441 3642 1535 3706 fa-

216 3735 378 3800 milia
429 3733 647 3798 salvos
691 3752 833 3797 esse
874 3728 1092 3794 iubeto
1136 3731 1201 3792 in
1229 3728 1533 3792 Domino.

217 3818 354 3885 Non
399 3822 550 3885 licet
596 3815 679 3883 ad
722 3837 836 3882 eos
871 3814 1182 3894 scribere;
1228 3812 1342 3878 sed
1378 3813 1538 3878 haec

218 3907 316 3971 vix
339 3905 678 3972 absolvere
700 3901 887 3968 licuit
919 3913 1049 3966 tam
1077 3921 1224 3965 sum
1248 3896 1534 3965 flacidus.

217 4159 370 4216 1⁷86.
401 4162 460 4226 1)
500 4161 728 4225 Farclli,
801 4175 918 4213 uem
951 4157 1127 4212 medio
1171 4157 1378 4211 Martio
1414 4161 1722 4222 coarctasse
1755 4169 1929 4222 supra
1962 4152 2153 4220 lcqisti.

219 4231 334 4298 Ipse
367 4247 496 4300 erqo
531 4247 599 4285 m.
634 4230 688 4282 A
801 4230 825 4283 i
858 4227 1174 4283 decubuisse
1211 4227 1443 4280 videtur.

408 4301 465 4364 2)
509 4300 782 4369 Loquitur
847 4297 914 4350 dc
968 4295 1191 4366 synodo
1247 4293 1610 4351 Neocomensi
1660 4293 1903 4360 primum
1957 4288 2155 4344 Idibus

221 4367 384 4421 Παῦε
419 4367 757 4432 celebrando,
811 4371 1028 4434 postca,
1073 4371 1133 4420 ul
1180 4367 1297 4434 ipsc
1334 4363 1484 4429 dicit,
1520 4362 1596 4416 ad
1636 4362 1798 4426 finem
1832 4360 2036 4413 mensis
2069 4374 2151 4412 re·

217 4439 386 4491 saissa.
478 4435 628 4506 Quos
669 4435 1107 4503 conscripserant
1163 4450 1230 4486 m.
1283 4432 1496 4486 Martio
1543 4428 1679 4485 1550
1724 4430 1985 4484 articulos
1998 4468 2012 4494 ,
2066 4441 2156 4481 cos

214 4508 514 4573 praefectus
551 4505 621 4559 G.
660 4505 727 4557 de
766 4503 920 4568 Rivc,
957 4511 1016 4557 ut
1049 4502 1293 4570 vidam,
1343 4503 1560 4555 sancire
1589 4503 1959 4554 recusaverat.
2031 4495 2156 4549 lom

218 4589 272 4628 co
303 4583 511 4631 mortuo
558 4588 836 4636 &accessor
870 4573 937 4627 dc
971 4573 1288 4627 Boustcttcn
1337 4570 1390 4624 d.
1425 4568 1508 4623 25.
1546 4568 1652 4623 Iul.
1694 4565 1827 4621 1553
1872 4582 1939 4620 a
1985 4570 2158 4619 mente

223 4640 421 4713 Synodi
451 4645 751 4713 publicavit
785 4642 1055 4697 decretum
1093 4641 1160 4695 dc
1193 4640 1492 4707 disciplina
1526 4637 1886 4692 ecclesiastica
1919 4633 2156 4702 (Consti-

219 4715 411 4767 tutions
448 4723 505 4767 et
538 4713 912 4767 ordonnances
948 4711 1086 4764 evan
1122 4708 1377 4778 eliques),
1414 4707 1478 4761 dc
1512 4704 1835 4763 celebranda
1870 4719 2055 4771 coena,
2090 4702 2157 4757 dc

221 4783 546 4837 mutatione
573 4796 899 4851 puerorum,
946 4779 1012 4833 dc
1057 4725 1310 4833 affictione
1347 4783 1637 4846 postorum
1671 4781 1721 4830 ct
1755 4775 2158 4843 macies-orum,

221 4848 280 4904 de
300 4853 666 4973 fflpiismate,
708 4848 1077 4913 matronas-io,
1126 4846 1192 4900 dc
1237 4845 1380 4913 festo
1423 4845 1695 4900 dominico
1730 4848 1823 4898 etc.
1893 4839 2154 4909 (Kirchh.

219 4933 266 4987 p.
432 4929 524 4984 ss.)

418 5468 638 5524 Calvisii
663 5483 848 5538 opem.
929 5466 1039 5521 Vol
1078 5464 1248 5521 XIV.

2009 445 2173 506 1553
2221 443 2418 510 MAI.

4079 449 4209 514 530

3134 633 3318 705 1737.

2713 787 3134 856 BERGIER
3162 795 3214 869 ¹)
3261 793 3323 855 A
3367 788 3739 858 CALVIN.

2431 959 2705 1043 Quoique
2759 960 3007 1044 resim&
3062 981 3152 1026 au
3206 967 3481 1046 moi-hyrc
3533 963 3586 1028 il
3637 963 3895 1030 sollicite
3936 985 4058 1031 une
4100 964 4209 1032 ἀέ-

2252 1043 2500 1112 marche
2543 1066 2621 1111 cn
2662 1067 2741 1111 sa
2778 1047 3021 1128 fovear.

2252 1216 2638 1286 (Autographe
2674 1216 2744 1270 de
2783 1217 2836 1270 la
2871 1217 3249 1288 bibliotheque
3302 1219 3371 1272 de
3408 1219 3460 1271 la
3496 1219 3623 1272 ville
3660 1220 3727 1273 de
3765 1220 3845 1274 St.
3873 1217 4012 1290 Gau,
4049 1222 4207 1281 MSS.

2546 1286 2714 1339 Tome
2750 1283 2834 1352 36,
2872 1286 3010 1356 Epp.
3050 1287 3182 1356 Vn,
3216 1288 3307 1342 fol.
3345 1286 3448 1341 214
3483 1305 3607 1341 sans
3644 1289 3902 1356 adresse.)

2422 1456 2587 1524 Mon
2611 1456 2740 1522 bon
2770 1457 3076 1543 seigneur
3104 1468 3171 1523 et
3196 1480 3365 1544 amy.
3405 1458 3590 1525 Nous
3614 1459 3846 1526 louons
3875 1468 3942 1527 et
3962 1483 4210 1529 remer-

2250 1543 2430 1610 cions
2455 1542 2891 1627 grandement
2918 1552 3142 1610 nostre
3169 1543 3298 1610 bon
3322 1544 3500 1610 Dieu
3533 1552 3601 1611 et
3633 1567 3791 1630 pere
3814 1547 4049 1614 celeste
4069 1548 4211 1633 quil

2250 1652 2420 1696 nous
2440 1628 2566 1694 fait
2585 1628 2650 1693 la
2673 1650 2865 1714 grace
2886 1651 3010 1711 que
3047 1629 3322 1696 dautant
3343 1651 3469 1714 que
3500 1630 3596 1698 les
3620 1632 3966 1699 afflictione
3989 1633 4213 1719 qu'en-

2250 1715 2499 1782 durons
2531 1735 2700 1798 pour
2723 1713 2950 1781 Christ
2982 1714 3363 1783 habendent
3383 1738 3467 1782 en
3503 1738 3688 1795 nous,
3726 1717 4003 1784 dautant
4035 1722 4217 1787 aussi

2250 1800 2633 1868 habondent
2654 1823 2736 1867 en
2771 1822 2936 1866 nous
2970 1799 3339 1886 davantage
3367 1802 3466 1868 les
3500 1804 3933 1870 consolatione
3957 1804 4215 1873 divines

2250 1897 2319 1953 et
2352 1886 2765 1971 spirituelles.
2838 1884 2971 1953 Car
3004 1887 3300 1953 combien
3336 1910 3462 1972 que
3510 1888 3830 1956 vendredi
3877 1889 4141 1958 dernier
4175 1911 4217 1957 a

2252 1974 2459 2039 heure
2504 1972 2584 2039 de
2630 1972 2851 2039 disner
2903 1992 3010 2037 me
3053 1972 3153 2038 fut
3197 1972 3294 2038 dit
3335 1995 3462 2057 que
3504 1974 3568 2040 le
3613 1974 3903 2062 Samedy
3948 1976 4218 2044 debvoit

2251 2059 2406 2126 finir
2423 2081 2536 2125 ma
2561 2060 2669 2125 vie
2697 2068 2764 2124 et
2802 2079 3050 2125 mesme
3073 2079 3198 2143 que
3224 2057 3385 2126 ledit
3412 2059 3730 2127 vendredi
3761 2083 3845 2127 au
3872 2064 4007 2129 soir
4028 2064 4215 2146 prins

2249 2145 2541 2211 chemise
2584 2142 2895 2225 blanche,
2951 2143 3300 2211 attendant
3353 2167 3520 2229 pour
3577 2148 3828 2213 certain
3877 2147 4107 2216 d’aller
4149 2150 4214 2217 le

2248 2227 2625 2298 lendemain
2679 2249 2722 2294 a
2778 2229 2846 2296 la
2883 2239 3078 2296 mort.
3172 2229 3347 2297 Dieu
3391 2232 3762 2317 toutesfoys
3806 2237 3940 2298 m’a
3980 2235 4105 2301 fait
4147 2235 4216 2303 la

2251 2337 2445 2403 grace
2499 2338 2624 2400 que
2680 2336 2848 2400 pour
2900 2323 3047 2382 tout
3102 2317 3244 2383 cela
3301 2321 3453 2402 n’ay
3495 2338 3578 2383 en
3622 2320 3763 2384 rien
3806 2319 4017 2402 perdu
4063 2342 4216 2388 cou-

2371 2423 2408 2468 e
2425 2454 2441 2481 ,
2498 2402 2667 2469 mais
2719 2401 3005 2487 plustost
3044 2401 3178 2488 l'ay
3221 2403 3407 2486 prins
3453 2402 3602 2487 plus
3645 2403 3858 2489 grand
3900 2426 4027 2490 que
4071 2412 4217 2475 n'a-

2252 2509 2394 2555 vois
2439 2488 2561 2554 fait
2605 2508 2692 2553 au
2734 2497 3078 2573 paravant.
3170 2488 3355 2554 Dont
3397 2490 3457 2554 ie
3502 2491 3638 2556 suis
3684 2489 3770 2556 du
3807 2498 3954 2558 tout
3994 2493 4214 2560 resolu

2252 2582 2322 2640 et
2362 2573 2516 2640 bien
2559 2594 2822 2640 asseure
2867 2595 2986 2656 par
3028 2573 3203 2652 cela,
3263 2596 3392 2658 que
3446 2576 3504 2640 si
3561 2595 3602 2640 a
3651 2586 3825 2641 ceste
3868 2578 4017 2661 foys
4057 2601 4213 2646 mon

2253 2660 2462 2726 heure
2506 2668 2608 2725 est
2653 2680 2866 2725 venue
2921 2657 3150 2725 d‘aller
3209 2683 3249 2725 a
3289 2661 3464 2726 Dieu
3519 2684 3645 2745 que
3687 2671 3863 2729 certe
3906 2665 3967 2728 ie
4011 2666 4216 2732 senti-

2253 2766 2376 2830 ray
2393 2797 2410 2825 ,
2458 2745 2639 2810 voire
2681 2765 2768 2811 au
2809 2744 2961 2829 plus
3003 2746 3135 2812 fort
3176 2745 3292 2812 des
3336 2757 3661 2828 tormens,
3719 2747 4105 2818 lassistance
4147 2758 4217 2818 et

2255 2829 2426 2915 ayde
2447 2830 2530 2897 de
2552 2831 2726 2896 Dieu
2773 2831 2829 2896 si
2871 2829 3121 2915 grande
3162 2831 3360 2913 qu'un
3405 2831 3689 2900 chascuu
3736 2855 3900 2900 aura
3941 2838 4217 2903 matiere

2258 2916 2337 2982 de
2396 2916 2529 2982 l’en
2588 2916 2890 3000 glorifier.
2993 2917 3084 2981 Et
3134 2927 3311 2982 certe
3362 2919 3531 2983 Dieu
3593 2921 3756 2986 scait
3810 2922 4001 3004 qu'en
4060 2943 4216 3009 moy

2255 3023 2503 3069 mesme
2564 3024 2647 3086 ay
2705 3010 2842 3068 este
2900 3003 3215 3068 contristo
3271 3025 3397 3087 que
3453 3003 3519 3070 la
3561 3005 3756 3071 chose
3801 3028 3885 3071 ne
3924 3009 4028 3073 fut
4068 3008 4218 3075 hier

2255 3089 2413 3156 faite
2475 3087 2642 3154 ainsi
2697 3092 2914 3172 qu’on
2949 3109 3056 3154 me
3115 3087 3336 3154 l’avoit
3393 3089 3507 3154 dit.
3614 3091 3999 3177 Toutesfoys
4057 3095 4212 3179 puis

2255 3196 2381 3259 que
2424 3195 2592 3239 nous
2636 3193 2917 3248 sommes
2960 3174 3114 3239 bien
3158 3195 3458 3240 aseeurez
3515 3196 3643 3259 que
3699 3176 3869 3243 l’oeil
3927 3178 4014 3244 du
4066 3178 4217 3246 Sei-

2259 3281 2471 3345 gneur
2493 3271 2561 3324 et
2583 3260 2649 3325 la
2682 3258 3072 3343 providence
3108 3260 3334 3326 divine
3368 3271 3470 3326 est
3509 3262 3851 3328 tellement
3892 3286 4008 3331 sur
4045 3286 4217 3332 nous

2256 3367 2384 3431 que
2425 3347 2569 3411 rien
2616 3366 2700 3410 ue
2743 3364 2912 3409 nous
2957 3343 3317 3412 adviendra
3362 3356 3430 3412 et
3472 3348 3613 3412 rien
3650 3369 3735 3413 ne
3778 3370 3926 3415 sera
3967 3351 4089 3416 fait
4131 3351 4221 3426 de,

2256 3452 2422 3497 nous
2490 3452 2615 3516 que
2660 3429 2834 3496 Dieu
2892 3451 2974 3495 ne
3032 3429 3095 3495 le
3156 3441 3496 3514 permette,
3565 3454 3730 3515 pour
3786 3446 3959 3502 ceste
4017 3458 4212 3504 cause

2178 3601 2186 3608 ·
2254 3512 2319 3583 ie
2363 3517 2425 3582 le
2468 3517 2614 3600 prio
2658 3536 2785 3599 que
2830 3536 2905 3581 sa
2939 3516 3211 3582 volunte
3247 3521 3377 3584 soit
3410 3519 3586 3584 faite.
3657 3520 3747 3585 Et
3779 3523 3948 3587 crois
3982 3528 4210 3606 qu’en·

2256 3624 2407 3669 core
2467 3607 2599 3666 m’a
2662 3623 2921 3667 reserve
2995 3622 3164 3684 pour
3230 3605 3509 3688 quelque
3580 3615 3822 3686 temps:
3899 3629 3973 3672 or
4042 3629 4210 3693 pour

2256 3689 2474 3772 quelle
2533 3708 2726 3754 cause
2781 3694 2848 3753 et
2900 3689 3153 3767 raison,
3212 3690 3326 3774 luy
3384 3690 3521 3756 seul
3585 3690 3649 3756 le
3705 3694 3871 3757 scait
3928 3705 3997 3759 et
4055 3715 4212 3760 con·

2256 3776 2461 3859 gnoit.
2529 3773 2919 3859 Cependant
2939 3795 3106 3856 pour
3142 3787 3388 3852 autaut,
3435 3777 3925 3861 Monseigneur‚
3973 3801 4102 3862 que
4145 3803 4220 3847 ce

2255 3859 2591 3945 iourdhuy
2645 3861 2853 3925 matin
2919 3859 3254 3943 quelquun
3322 3869 3454 3926 m’a
3507 3860 3599 3925 dit
3656 3867 4001 3945 qu’encore
4059 3868 4216 3951 qu'il

2257 3946 2352 4011 ait
2393 3957 2530 4011 este
2576 3945 2854 4029 quelque
2897 3944 3074 4010 bruit
3128 3946 3209 4010 de
3264 3968 3337 4012 ce
3381 3968 3507 4030 que
3551 3969 3716 4014 vous
3761 3971 3847 4033 ay
3892 3954 4089 4018 escrit
4133 3974 4219 4038 cy

2258 4031 2508 4108 dessus,
2556 4053 2680 4115 que
2726 4032 3088 4116 toutesfoys
3147 4053 3186 4095 a
3229 4033 3291 4097 la
3349 4034 3555 4098 verite
3614 4055 3697 4098 on
3754 4039 3903 4101 n’en
3963 4042 4218 4105 scavoit

2259 4119 2437 4197 rien,
2496 4127 2564 4184 et
2614 4138 2861 4183 mesme
2920 4138 3049 4200 qua
3107 4119 3299 4202 peine
3357 4140 3428 4191 se
3482 4121 3774 4185 trouvoit
3818 4124 4089 4191 nombre
4136 4125 4216 4190 de

2258 4204 2663 4271 conseilliers
2722 4204 3025 4269 suffisant
3083 4205 3194 4285 qui
3268 4205 3642 4271 vousissent
3715 4208 3940 4292 signer
3997 4233 4036 4275 a
4106 4234 4217 4277 ma

2259 4297 2453 4366 mort,
2499 4291 2867 4374 craignans‚
2913 4290 3059 4371 puis
3101 4289 3542 4375 qu'autrefoys
3585 4290 3645 4356 le
3690 4294 3843 4378 Roy
3886 4298 4066 4361 avoit
4108 4320 4218 4363 ac-

2258 4545 2435 4602 1787.
2473 4546 2531 4613 1)
2567 4545 2756 4599 Pieri-e
2792 4545 3018 4616 Bergier
3067 4544 3212 4598 uatif
3248 4547 3318 4600 de
3357 4549 3463 4600 Bar
3497 4565 3589 4602 sur
3623 4547 3807 4610 Scine,
3857 4552 4111 4620 putissier
4145 4553 4214 4607 de

2258 4633 2360 4670 son
2395 4616 2620 4668 mestier
2656 4621 2838 4668 estant
2872 4632 3015 4668 venu
3056 4614 3344 4669 domeurer
3391 4617 3459 4670 de
3494 4617 3630 4671 Lion
3667 4616 3701 4672 a
3735 4618 3970 4682 Cenem,
4006 4638 4214 4676 comme

2257 4685 2300 4739 il
2335 4684 2503 4738 estoit
2537 4684 2643 4739 alle
2690 4683 2829 4737 faire
2868 4700 2942 4737 un
2977 4699 3186 4753 voyage
3232 4685 3265 4738 a
3300 4686 3438 4740 Lion
3485 4703 3622 4756 pour
3669 4704 3755 4741 ses
3800 4689 4013 4744 affair-es
4056 4708 4093 4759 y
4128 4691 4214 4744 fut

2259 4752 2607 4823 emptisonne
2653 4753 2704 4806 le
2749 4751 2818 4806 30
2861 4753 2930 4806 de
2974 4752 3100 4822 May
3147 4752 3282 4808 1552
3332 4763 3498 4823 ayant
3547 4773 3685 4826 pour
3728 4774 4096 4828 compagnons
4140 4776 4212 4813 en

2257 4839 2464 4877 mesme
2499 4837 2657 4876 caum
2693 4821 2773 4876 les
2808 4822 2933 4892 cinq
2957 4822 3248 4877 escholiers
3285 4824 3353 4877 de
3376 4825 3659 4878 Lausanue
3695 4826 3789 4894 qui
3824 4827 3919 4896 luy
3940 4828 4213 4881 servirent

2259 4892 2422 4945 d’une
2477 4890 2769 4960 singuliere
2826 4892 3163 4947 consolation
3217 4907 3422 4945 comme
3474 4893 3565 4961 luy
3615 4895 3757 4946 aussi
3811 4893 3844 4947 a
3887 4912 4011 4950 eux.
4097 4897 4208 4951 Son

2259 4961 2481 5015 dernier
2527 4960 2801 5029 triomphe
2843 4960 2927 5013 fut
3010 4976 3077 5014 eu
3125 4976 3285 5028 apres
3332 4961 3412 5013 les
3458 4962 3542 5015 cin
3629 4962 3947 5019 dessusdits.
4026 4963 4208 5033 (Hm.

2258 4977 3507 5110 ccclds.L89.)Oonp.AE'st.dcsMon91-s
3567 5028 3720 5084 ,250
3763 5031 4213 5089 oul’ontrouoc

2258 5114 2371 5152 unc
2403 5099 2556 5155 lettre
2590 5099 2656 5154 dc
2685 5098 2916 5167 Boreion·
2949 5100 2989 5152 ὰ
3020 5113 3087 5152 so
3118 5098 3324 5165 femme,
3359 5105 3411 5153 ct
3444 5099 3539 5152 des
3571 5101 3753 5153 lettres
3785 5100 3853 5153 ds
3885 5099 4213 5175 Boiu-ovina

2257 5165 2984 5225 “asamar-MR&
3028 5165 3112 5217 ⁶.
3192 5167 3289 5222 Lo
3331 5165 3458 5221 date
3502 5165 4217 5242 ausonam-’mm

2260 5244 2461 5304 exacte,
2498 5252 2598 5292 coo·
2631 5233 2761 5302 ddja
2795 5235 2843 5289 lc
2879 5233 2945 5289 16
2979 5181 3378 5304 &Reciso-cs
3422 5236 3500 5289 du
3538 5234 3755 5290 Gor-sea
3791 5240 4015 5305 par-lent
4047 5240 4215 5299 d’m

2259 5308 2490 5363 missio„
2521 5320 2591 5359 ca
2623 5320 2690 5358 sa
2720 5304 2935 5370 favem-
3011 5303 3098 5358 On
3129 5322 3169 5375 y
3213 5321 3423 5374 savoya
3465 5319 3656 5361 encore
3704 5305 3903 5359 Pon-in
3949 5323 4027 5363 ou
4069 5313 4221 5366 mois

2257 5374 2562 5431 d’Octobrc.
2634 5373 2727 5429 La
2759 5373 2888 5428 date
2920 5372 2988 5428 dc
3020 5390 3121 5429 son
3155 5374 3396 5444 supplice
3428 5372 3564 5429 n'cst
3591 5389 3699 5441 pas
3731 5373 4001 5445 indiquds.
