4900 6167
684 414 819 479 6⁸9

678 609 835 666 tum
883 608 1023 665 tum
1067 598 1258 664 licuit
1312 620 1431 681 per
1496 597 1722 664 turbas
1763 598 2178 681 negotiorum
2221 604 2288 661 et
2325 596 2646 661 festinan-

688 688 891 751 tiam:
950 685 1257 769 quoniam
1302 704 1458 749 vero
1517 683 1686 750 nihil
1742 683 2084 748 literarum
2142 705 2182 747 a
2238 691 2304 748 te
2359 682 2649 748 vicissim

690 771 956 854 accipie,
1004 768 1228 835 dubito
1272 789 1434 835 num
1477 790 1663 835 meae
1707 769 1829 835 tibi
1873 770 2009 834 sint
2049 767 2360 834 redditae.
2428 770 2528 833 Ac
2563 788 2650 832 ne

684 854 849 939 quid
890 855 1263 938 ignorares,
1325 855 1699 939 exemplum
1758 862 2022 921 nostrae
2079 855 2519 937 responsionis
2571 854 2644 918 in

687 963 894 1008 eausa
917 940 1289 1006 Servetana
1331 940 1450 1005 tibi
1487 962 1745 1025 quoque
1780 940 2277 1006 destinaveram.
2342 940 2421 1004 In
2460 959 2649 1022 prae-

690 1028 869 1093 senti
910 1029 1100 1092 mitto
1145 1027 1439 1105 alterum,
1485 1036 1561 1092 ut
1603 1028 1660 1093 si
1703 1027 1888 1111 prius
1930 1047 2065 1090 non
2109 1027 2467 1108 receperis,
2525 1024 2649 1091 hoc

692 1134 738 1177 a
778 1133 887 1177 me
932 1113 1190 1178 habeas.
1260 1111 1451 1193 Quod
1499 1122 1719 1178 autem
1762 1114 1828 1177 in
1866 1112 2094 1194 primis
2135 1111 2268 1176 illis
2312 1113 2475 1176 meis
2509 1131 2549 1175 a
2583 1119 2649 1176 te

695 1199 1201 1282 postulaveram,
1248 1198 1314 1261 id
1360 1219 1537 1265 nunc
1593 1218 1853 1281 quoque
1910 1206 2153 1281 repeto,
2244 1195 2381 1263 Oro
2424 1205 2509 1274 te,
2555 1197 2649 1261 mi

692 1285 918 1361 frater,
966 1292 1041 1349 ut
1094 1284 1333 1349 librum
1382 1283 1623 1349 Serveti
1678 1282 1837 1347 mihi
1898 1303 2234 1365 compares
2293 1292 2360 1348 et
2402 1285 2647 1358 mittas,

694 1391 850 1435 eum
910 1378 1068 1454 puto
1125 1390 1316 1451 quem
1374 1369 1488 1434 ille
1543 1370 1622 1435 de
1670 1370 2108 1452 Reparatione
2153 1367 2650 1434 Christianismi

694 1454 922 1533 edidit,
967 1463 1034 1519 et
1076 1457 1259 1521 cuius
1295 1456 1671 1540 exemplum
1718 1455 2160 1538 amplissimus
2203 1454 2314 1519 ille
2359 1452 2648 1521 Senatus

694 1551 919 1606 vester
964 1541 1046 1606 ad
1091 1562 1209 1606 nos
1253 1542 1447 1606 misit.
1468 1542 1526 1625 ²)
1613 1541 1891 1617 Deinde,
1937 1549 2015 1604 ut
2057 1548 2125 1605 et
2164 1540 2475 1606 articulos
2500 1539 2647 1606 Ser-

694 1627 817 1691 veta:
859 1636 1217 1704 extractos,
1279 1634 1345 1691 et
1393 1627 1629 1692 Servati
1685 1628 2035 1709 scriptum,
2082 1634 2337 1691 vestras
2392 1646 2649 1709 quoque

694 1712 1141 1789 refutationes,
1187 1732 1318 1776 una
1360 1734 1505 1778 cum
1548 1713 1782 1779 Servati
1817 1711 2103 1777 Scholiis
2143 1713 2225 1776 ad
2269 1733 2389 1777 nos
2432 1720 2648 1778 trans-

696 1798 949 1862 missa*
1006 1819 1121 1879 per
1178 1807 1529 1875 vestrates,
1608 1799 1883 1865 describi
1953 1817 2156 1875 cures,
2223 1796 2420 1882 idque
2487 1799 2650 1863 meis

698 1883 1091 1963 sumptibus,
1148 1894 1213 1948 et
1253 1885 1481 1949 mittas
1524 1884 1823 1949 involuta
1868 1893 1935 1948 et
1975 1880 2314 1967 obsignata
2356 1885 2648 1950 Bernam

701 1968 784 2034 ad
831 1968 1164 2034 Hallerum
1209 1979 1533 2047 nostrum,
1592 1970 1703 2052 qui
1748 1969 2027 2034 fideliter
2083 1971 2335 2034 curabit
2390 1969 2506 2034 illa
2564 1969 2644 2035 ad

694 2075 803 2118 me
847 2053 1101 2119 deferri.
1192 2055 1337 2120 Hac
1382 2057 1451 2119 in
1494 2078 1568 2121 re
1612 2056 1811 2121 facies
1864 2056 2025 2119 mihi
2073 2076 2212 2120 rem
2256 2056 2451 2138 longe
2496 2077 2644 2141 gra·

693 2140 1040 2218 tissimum,
1064 2162 1274 2223 neque
1301 2162 1460 2207 vero
1484 2142 1814 2225 ingratum
1833 2143 2102 2216 senties,
2140 2142 2345 2206 sicubi
2391 2152 2458 2205 et
2492 2154 2645 2207 tuae

693 2226 1088 2290 humanitati
1132 2236 1353 2308 potero
1397 2228 1771 2310 gratificari.
1840 2228 1932 2291 Et
1964 2228 2268 2309 quoniam
2313 2226 2419 2293 hic
2449 2226 2644 2292 valde

690 2310 951 2377 solliciti
974 2334 1203 2377 sumus
1225 2312 1305 2376 de
1326 2333 1521 2378 causa
1537 2311 1921 2393 Servetana,
1946 2312 2251 2379 liberabis
2269 2333 2389 2377 nos
2403 2333 2644 2398 magna

687 2397 1006 2471 molestia,
1052 2399 1108 2461 si
1145 2398 1498 2480 scripseris,
1542 2398 1716 2464 luem
1741 2399 1921 2464 illam
1945 2420 2086 2463 esse
2108 2419 2504 2482 oppressam,
2531 2408 2645 2464 aut

684 2483 848 2633 guid
914 2483 1179 2547 tandem
1244 2504 1394 2549 cum
1475 2483 1850 2567 blasphemo
1895 2484 2180 2557 ,homine
2247 2486 2335 2549 sit
2400 2494 2639 2550 actum.

756 2589 976 2633 remus
1013 2569 1375 2634 Dominum
1420 2579 1486 2634 et
1530 2571 1920 2636 salvatorem
1967 2580 2265 2636 nostrum
2304 2579 2380 2635 ut
2422 2571 2644 2636 omnia

686 2652 856 2718 bene
900 2662 1135 2719 vertat.

866 2738 1104 2805 Caesar
1146 2742 1409 2806 comitia
1431 2764 1604 2809 nova
1625 2742 1991 2824 imperialia.
2032 2740 2348 2808 indicavit
2386 2742 2467 2806 ad
2512 2743 2641 2807 fes-

682 2832 832 2890 tum
876 2825 1078 2890 trium
1124 2826 1385 2910 Regum
1432 2827 1823 2895 celebranda
1870 2829 2223 2911 Augustae.
2248 2832 2306 2904 3)
2393 2828 2642 2892 Misera

683 2931 843 2993 ergo
889 2910 1250 2977 Germania
1293 2934 1499 2980 novas
1543 2912 1913 2981 exactiones
1955 2924 2022 2979 et
2058 2914 2524 2996 expeditiones,
2567 2922 2643 2978 ut

684 2995 856 3060 nihil
910 2996 1085 3062 aliud
1133 2999 1364 3074 dicam,
1411 3008 1765 3083 exspectat.
1852 3000 2179 3064 Dominus
2224 3000 2393 3065 adsit
2436 2999 2640 3065 eccle-

682 3082 823 3149 siae
868 3104 1042 3150 suae.
1134 3084 1303 3150 Vale
1346 3107 1483 3150 una
1524 3108 1677 3152 cum
1721 3085 2023 3151 omnibus
2080 3087 2150 3150 in
2195 3085 2462 3151 Christo
2506 3085 2638 3149 fra·

679 3166 915 3234 tribus.
933 3199 955 3206 >·
1005 3171 1271 3236 Literas
1328 3191 1409 3235 ex
1454 3170 1694 3256 Anglia
1751 3178 2048 3255 acceptas
2107 3179 2174 3236 et
2233 3171 2347 3236 tibi
2403 3172 2637 3236 missas

680 3275 801 3337 per
857 3276 963 3319 me
1036 3276 1225 3338 spero
1301 3270 1364 3322 te
1431 3258 1771 3340 accepisse.
1877 3258 2107 3340 Tiguri
2173 3261 2271 3320 28.
2331 3255 2636 3323 Octobris

678 3342 882 3405 Anno
926 3339 1011 3404 D.
1070 3347 1250 3406 1553.
2469 3338 2478 3347 ⁰

1814 3480 2241 3565 Bullingerus
2288 3490 2458 3548 tuus.

1559 3973 1752 4044 1842.

1153 4125 1674 4193 VERMILIUS
1723 4127 2153 4196 CALVINO.

857 4297 1103 4363 Relicta
1128 4298 1369 4383 Anglia
1413 4305 1469 4363 et
1509 4300 1672 4365 velut
1713 4320 1788 4365 ex
1818 4301 2114 4383 faucibus
2156 4300 2347 4367 leonis
2386 4306 2630 4385 ereptus

674 4383 1094 4467 Argentinam
1153 4384 1428 4467 appubit:
1485 4406 1569 4449 an
1625 4405 1767 4450 vero
1819 4387 1920 4452 hic
1962 4387 2186 4469 pedem
2237 4387 2493 4469 fixurus
2545 4389 2630 4453 sit

668 4469 879 4536 adhuc
911 4470 1183 4555 ambiyit.

674 4641 791 4707 (Ex
845 4660 878 4695 a
918 4643 1146 4711 pendice
1200 4645 1467 4699 Locorum
1524 4645 1885 4698 communium
1948 4643 2010 4697 P.
2070 4643 2143 4697 M.
2197 4644 2442 4698 Vermilii
2503 4662 2625 4699 cum

744 4727 875 4780 prae
900 4752 912 4764 .
949 4712 1091 4766 Rud.
1129 4712 1409 4767 Gualtheri
1448 4713 1565 4783 Tig.
1604 4711 1757 4781 1580,
1790 4713 1885 4766 fol.
1923 4713 2191 4766 editorum
2228 4714 2317 4767 fol.
2352 4712 2456 4767 576
2492 4715 2569 4781 v.)

846 4883 997 4964 Qua
1031 4886 1304 4964 ratione,
1343 4884 1469 4951 Vir
1501 4886 1880 4965 clarissime,
1925 4884 2111 4951 Deus
2154 4886 2474 4970 eripuerit
2514 4907 2623 4952 me

672 4967 757 5033 de
795 4991 907 5034 ore
964 4971 1207 5051 leonis,
1272 4993 1392 5037 nec
1449 4972 1587 5056 ipse
1647 4972 1860 5038 adhuc
1928 4971 2135 5038 habeo
2194 4980 2620 5056 compertum,

875 5261 932 5323 2)
975 5262 1058 5330 Cf.
1099 5260 1237 5330 opp.
1292 5262 1455 5317 VIII.
1486 5280 1545 5333 p.
1578 5263 1695 5318 804.

873 5330 935 5397 3)
977 5329 1145 5385 Sleid.
1183 5331 1275 5385 111.
1311 5331 1427 5387 460.

2206 406 2733 477 EPISTOLAE
2781 410 3200 473 1841—1845

4554 415 4661 480 660

2752 594 2992 660 nedum
3038 596 3160 662 tibi
3206 615 3438 679 queam
3481 595 3884 680 significare:
3942 594 4055 661 sed
4100 602 4172 660 ut
4215 595 4455 661 Petrus
4493 597 4662 666 educ-

2752 690 2861 747 tus
2902 703 2940 747 e
2984 702 3242 748 carcere
3300 700 3419 764 per
3473 681 3781 766 angelum
3825 681 4089 763 putavit
4128 702 4199 746 se
4242 702 4408 763 quae
4449 684 4667 751 fiebant

2752 787 2872 851 per
2929 769 3256 833 somnium
3315 767 3537 832 videre
3554 818 3569 844 ,
3637 768 3732 831 ita
3801 787 3923 851 ego
3974 767 4090 831 vix
4146 766 4362 831 adhuc
4417 770 4670 837 arbitror

2753 872 2896 918 esse
2936 874 3170 919 verum
3214 851 3384 936 quod
3428 854 3767 918 evaserim.
3856 850 4022 918 Sum
4079 858 4366 917 attamen
4417 852 4519 920 hic
4558 858 4670 921 Ar-

2754 939 3063 1023 gentinae
3104 939 3331 1004 salvus
3387 948 3456 1003 et
3507 938 3881 1004 incolumis:
3939 937 4111 1021 quod
4165 958 4322 1004 sane
4377 938 4514 1004 ideo
4561 942 4670 1008 tibi

2752 1045 2901 1089 cum
2947 1024 3174 1106 primis
3218 1023 3504 1089 indicare
3550 1024 3751 1100 volui,
3809 1033 3886 1088 ut
3941 1043 4077 1089 una
4115 1044 4376 1089 mecum
4419 1047 4673 1110 cumque

2753 1110 2900 1175 aliis
2944 1110 3129 1175 bonis
3160 1108 3474 1175 fratribus
3495 1110 3639 1176 Deo
3673 1110 3920 1193 gratias
3956 1130 4115 1193 agas
4157 1117 4467 1193 tuamque
4505 1133 4673 1178 sanc-

2753 1206 2888 1262 tam
2935 1196 3274 1262 ecclesiam
3320 1196 3600 1261 horteris
3643 1197 3997 1278 plurimum
4041 1203 4118 1260 ut
4162 1216 4202 1260 a
4242 1196 4385 1262 Deo
4428 1206 4674 1262 conten·

2755 1280 2915 1345 dant
2956 1282 3431 1347 ardentissimis
3464 1283 3765 1364 precibus
3799 1282 4113 1346 auxilium
4151 1281 4519 1363 impetrare,
4561 1304 4675 1367 quo

2752 1369 2980 1450 gravia
3035 1369 3209 1432 mala
3267 1388 3434 1451 quae
3457 1444 3468 1461 κ
3489 1368 3927 1451 Anglicanam
3992 1367 4335 1433 ecclesiam
4387 1378 4676 1451 premunt

2749 1453 3099 1518 leniantur.
3170 1452 3271 1518 Ibi
3316 1454 3781 1536 archiepiscopi
3834 1451 4308 1522 cantuariensis
4348 1463 4418 1519 et
4450 1453 4674 1519 Ebora-

2749 1541 2968 1618 censis,
3013 1541 3297 1622 episcopi
3350 1540 3786 1622 Viqorniensis
3828 1548 3894 1603 et
3916 1538 4319 1618 Exoniensis,
4363 1560 4511 1605 cum
4551 1541 4676 1624 ple-

2751 1624 2971 1708 risque
3029 1626 3175 1689 aliis
3240 1625 3445 1691 doctis
3504 1634 3570 1690 et
3620 1627 3743 1708 piis
3801 1626 4361 1690 concionatoribus
4430 1639 4681 1709 propter

2752 1711 3167 1794 evangelium
3224 1722 3379 1776 sunt
3430 1713 3498 1776 in
3566 1710 3873 1789 vinculis,
3940 1718 4008 1775 et
4062 1731 4198 1774 una
4254 1732 4403 1776 cum
4467 1711 4678 1777 multis

2752 1797 2900 1862 aliis
2942 1798 3185 1863 sanctis
3231 1806 3575 1862 versantur
3617 1796 3687 1860 in
3734 1808 4029 1862 extremo
4072 1794 4466 1862 discrimine.
4538 1796 4682 1864 Scio

2754 1883 2943 1961 haec,
3000 1904 3167 1965 quae
3212 1891 3326 1948 tua
3368 1883 3573 1965 pietas
3616 1891 3742 1961 est,
3801 1884 4033 1966 gravia
4076 1881 4196 1946 tibi
4237 1903 4382 1947 esse
4427 1882 4676 1948 auditu:

2752 1968 2868 2034 sed
2932 1990 3109 2034 nunc
3175 1969 3302 2033 duo
3367 1969 3644 2033 referam
3710 1988 3873 2052 quae
3952 1968 4314 2034 molestiam
4394 1967 4683 2034 nonnihil

2751 2064 2994 2138 queant
3059 2056 3378 2138 mitigare.
3489 2055 3821 2132 Primum,
3901 2055 4055 2120 licet
4112 2054 4482 2138 aliquorum
4550 2074 4685 2121 sese

2749 2141 3003 2224 prodat,
3052 2142 3431 2219 infirmitas,
3515 2148 3802 2205 attamen
3872 2140 4066 2225 longe
4133 2139 4424 2223 plurium
4496 2160 4684 2223 quam

2747 2235 3159 2310 putassemus
3201 2236 3305 2291 est
3347 2246 3585 2310 magna
3626 2228 4018 2304 constantia,
4064 2226 4161 2290 ita
4203 2234 4280 2290 ut
4322 2248 4460 2291 non
4505 2225 4684 2291 dubi-

2745 2320 2880 2376 tem
2926 2313 3287 2396 complures
3334 2332 3453 2376 nos
3495 2312 3833 2393 habituros
3878 2310 4194 2377 inclitos*
4235 2323 4587 2396 martyres,
4630 2311 4685 2376 si

2763 2399 3209 2475 Vintoniens48‚
3279 2398 3387 2479 qui
3444 2399 3575 2462 iam
3635 2398 3856 2462 omnia
3924 2409 4163 2480 potest,
4235 2419 4356 2481 pro
4422 2397 4683 2462 libidine

2746 2484 3031 2568 coeperit
3073 2484 3347 2549 saevire.
3437 2484 3736 2548 Alterum
3783 2495 3899 2561 est,
3945 2482 4258 2550 iudicium
4303 2484 4512 2549 ferme
4554 2505 4681 2548 om·

2746 2571 2927 2634 nium
2987 2590 3129 2635 esse
3185 2569 3619 2633 calamitatem
3680 2569 3851 2635 hanc
3905 2590 4034 2634 non
4093 2569 4229 2634 fore
4275 2568 4682 2634 diuturnam:

2745 2657 2885 2738 qui,
2943 2667 3021 2719 ut
3063 2662 3218 2720 sunt
3261 2654 3644 2737 prudentes,
3708 2655 4079 2720 huiusmodi
4122 2675 4278 2720 suae
4321 2656 4684 2721 sententiae

2745 2762 2876 2805 non
2934 2740 3114 2806 leves
3175 2739 3425 2805 habent
3480 2742 3902 2805 coniecturas.
4007 2739 4232 2821 Quare
4299 2763 4424 2807 nos
4492 2742 4686 2806 etiam

2744 2827 2961 2891 Deum
3007 2847 3310 2910 rogemus
3355 2835 3431 2891 ut
3491 2828 3615 2891 cito
3660 2826 3978 2891 satanam
4026 2827 4146 2892 sub
4191 2826 4470 2909 pedibus
4514 2826 4684 2892 illius

2733 2912 3051 3001 ecclesiae
3092 2920 3404 2977 conterat.
3673 2988 3674 2991 Ἴ

2917 2996 3112 3078 Quod
3156 3018 3315 3062 vero
3361 2996 3443 3061 ad
3487 3018 3592 3061 me
3636 2998 3900 3076 attinet,
3947 2996 4162 3064 adhuc
4206 3020 4352 3081 sum
4400 2999 4688 3064 incertus

2744 3103 2829 3147 an
2902 3084 3008 3151 hic
3068 3084 3477 3168 Argentinae
3545 3083 3668 3148 sim
3734 3092 4271 3150 commoraturus.
4377 3083 4688 3151 Obstabit

2742 3168 2906 3234 mihi
2969 3170 3137 3234 forte
3202 3168 3504 3234 nonnihil
3571 3171 4076 3234 sacramentaria
4139 3171 4612 3236 controversia.
4637 3172 4690 3254 ¹)

2741 3255 2994 3320 Verum
3042 3254 3122 3320 de
3166 3256 3288 3320 hoc
3346 3276 3483 3319 non
3543 3254 3821 3320 multum
3868 3254 4107 3321 laboro.
4197 3255 4278 3320 Id
4321 3277 4464 3321 non
4509 3253 4686 3321 vide-

2740 3350 2849 3405 tur
2889 3361 3123 3425 parum
3171 3339 3344 3425 quod
3389 3340 3689 3407 meliores
3748 3348 3814 3407 et
3871 3341 4191 3407 doctiores
4246 3363 4354 3406 me
4401 3343 4690 3408 retinere

2736 3427 3030 3510 cupiunt.
3104 3428 3204 3492 Eo
3250 3434 3466 3492 autem
3512 3426 3795 3492 libenter
3828 3449 3934 3492 me
3976 3429 4309 3494 conferam
4344 3448 4482 3512 quo
4507 3426 4690 3493 Deus

2735 3512 3016 3579 vocabit.
3105 3515 3425 3579 Attamen
3470 3512 3591 3579 hoc
3634 3534 3765 3577 non
3821 3534 4054 3596 parum
4100 3512 4308 3579 doluit
4350 3513 4531 3596 quod
4578 3513 4690 3579 Ia·

2737 3599 2915 3665 cobus
2963 3600 3313 3676 &uo-mins,
3375 3599 3483 3663 cui
3538 3607 3604 3664 et
3645 3599 4013 3681 respublica
4070 3610 4136 3663 et
4189 3600 4418 3666 schola
4463 3606 4710 3665 nostra-

2738 3685 3024 3749 multum
3071 3685 3291 3762 debet,
3351 3683 3464 3749 illo
3510 3689 3643 3766 eo'f
3702 3686 3805 3750 die
3864 3683 4143 3751 decessit
4198 3706 4327 3768 quo
4372 3707 4504 3771 ego
4547 3706 4691 3751 sum

2737 3770 2909 3837 hanc
2975 3772 3203 3836 urbem
3265 3772 3635 3854 ingressus,
3698 3775 3778 3833 30
3857 3771 4122 3853 inquam
4184 3770 4286 3836 die
4354 3770 4688 3838 Octobris.

2735 3857 2901 3922 Eius
2945 3867 3164 3922 autem
3207 3858 3424 3933 frater,
3471 3856 3785 3921 nimirum
3834 3856 4064 3922 Petrus
4109 3856 4466 3936 Sturmius,
4515 3857 4692 3924 exis-

2737 3944 3008 4007 timatur
3051 3942 3149 4006 illi
3193 3941 3614 4008 sufficiendus
3670 3942 3845 4006 inter
3888 3941 4318 4008 scholarchas.
4414 3944 4692 4010 Ioannes

2735 4049 2894 4094 vero
2941 4027 3294 4105 Sturmius,
3339 4027 3601 4093 scholae
3645 4035 3889 4105 rector,
3935 4028 4156 4093 studet
4196 4029 4512 4095 omnibus
4558 4050 4692 4093 mo-

2737 4112 2837 4179 dis
2881 4123 2954 4178 ut
3015 4115 3122 4178 hic
3177 4114 3483 4180 retinear.
3575 4112 3751 4194 Quid
3810 4135 3963 4178 vero
4018 4114 4104 4179 sit
4155 4124 4695 4199 consequuturus

2732 4201 2949 4266 nescio
2967 4201 3023 4284 ²)
3120 4199 3201 4265 Id
3259 4199 3682 4265 nihilominus
3732 4206 3945 4265 tacere
4000 4221 4284 4283 nequeo,
4343 4222 4582 4266 meum
4624 4201 4696 4264 in

2730 4285 2968 4352 itinere
3028 4287 3230 4352 fuisse
3288 4285 3627 4351 consilium
3686 4284 4031 4352 Genevam
4086 4286 4428 4366 accedere,
4496 4296 4700 4369 atque

2732 4371 2880 4435 istic
2903 4371 3372 4455 aliquantisper
3407 4383 3523 4435 tua
3556 4368 4024 4436 consuetudine
4045 4373 4190 4438 frui.
4252 4371 4390 4438 Sed
4428 4373 4691 4457 hyems,

2731 4478 2896 4540 quae
2940 4459 3074 4523 iam
3116 4477 3236 4521 nos
3289 4457 3628 4540 opprimit,
3691 4479 3730 4522 a
3781 4459 3890 4521 via
3931 4458 4372 4542 longinquiori
4418 4480 4538 4524 me
4585 4455 4702 4522 de-

2731 4544 2986 4607 terruit.
3078 4543 3330 4607 Verum
3390 4541 3563 4625 quod
3617 4565 3792 4608 nunc
3851 4541 4076 4609 distuli
4135 4565 4241 4627 me
4284 4566 4487 4627 spero
4537 4562 4699 4611 vere

2729 4780 2997 4846 18421)
3035 4780 3147 4835 Per
3182 4782 3408 4851 aliquod
3440 4787 3650 4850 tempus
3697 4784 3841 4836 inter
3874 4798 3994 4836 eum
4030 4788 4082 4836 et
4117 4781 4518 4840 Marbaehium
4558 4782 4704 4839 sati·

2729 4852 2859 4906 bene
2903 4851 3250 4905 conveniebat
3264 4892 3277 4916 ‚
3323 4866 3506 4905 veriam
3549 4867 3603 4905 a.
3648 4849 3785 4904 1566
3829 4859 4009 4906 ortum
4063 4858 4144 4904 est
4192 4851 4501 4907 discidium
4548 4850 4705 4923 quod

2747 4921 3050 4975 Vermilium
3082 4922 3348 4986 permovit
3381 4925 3444 4973 ut
3476 4919 3586 4975 alio
3620 4936 3678 4974 se
3709 4926 4050 4974 converteret.

2935 4987 2996 5050 2)
3034 4989 3388 5057 Aryemorati
3426 4990 3633 5043 mansit
3672 5005 3843 5058 usque
3894 4989 3971 5042 ad
4004 5005 4057 5042 a.
4117 4986 4277 5055 1556,
4323 4990 4428 5044 ubi
4463 5006 4530 5045 eo
4567 4995 4704 5045 tan-

2722 5072 2873 5125 pore,
2907 5059 3011 5110 etsi
3034 5058 3292 5124 pluribus
3326 5057 3622 5123 defunctis,
3669 5074 3781 5113 noa
3805 5060 3980 5125 pauci
4009 5063 4212 5111 veteres
4240 5059 4571 5125 famarm-es
4603 5074 4700 5112 aa·

2722 5127 2975 5194 pentius
2991 5132 3179 5180 erant.-
3215 5126 3299 5181 Io.
3324 5125 3613 5193 Summus,
3654 5126 3964 5188 Sleo'damm
3997 5125 4060 5179 D
4235 5127 4379 5194 dius,
4565 5129 4576 5140 ”

2727 5194 3045 5250 Hubertuo:
3090 5194 3310 5249 advenit
3342 5202 3394 5250 et
3428 5195 3683 5251 Zaa-clm
3717 5210 3870 5264 quem
3906 5194 4023 5250 Iac.
4064 5194 4341 5251 Stamina
4372 5201 4704 5265 morat,

2723 5265 2849 5318 item
2892 5262 3133 5318 Ochinus
3166 5280 3291 5318 moa·
3338 5265 3593 5319 Turicum
3634 5265 4011 5332 prolecturus,
4056 5272 4108 5319 ct
4145 5264 4482 5320 Tremellius.
4565 5264 4706 5335 Ipse

2723 5348 2761 5385 a
2800 5330 3140 5387 Scholarchis
3172 5350 3240 5385 m.
3276 5332 3567 5390 Decembre
3596 5334 3878 5401 professor
3909 5340 4126 5389 creatus
4159 5341 4252 5389 est.
