4900 6167
657 410 782 471 639

652 614 910 662 oomme
954 614 1093 678 ung
1148 612 1368 677 corps,
1425 600 1495 656 et
1550 613 1676 674 que
1732 614 1894 658 vous
1952 592 2122 658 soiez
2179 614 2446 678 separes
2492 592 2608 659 des

652 680 987 747 idolatriae
1030 678 1169 761 quil
1225 688 1376 744 nest
1425 678 1612 761 point
1668 678 1842 743 licite
1901 676 1983 745 de
2026 679 2264 745 mesler
2306 700 2468 744 avec
2509 679 2607 744 les

654 766 885 835 choses
930 764 1234 832 sainctes.
1323 763 1609 830 Mesmes
1668 763 1717 827 il
1770 787 1854 828 ne
1911 767 2114 830 seroit
2168 785 2287 851 pas
2343 765 2523 830 licite
2567 785 2608 829 a

859 851 1121 916 homme
1185 850 1267 914 de
1331 871 1496 914 vous
1561 849 1978 916 administrer
2042 852 2138 917 les
2216 871 2603 928 sacremens,

651 937 850 1005 sinon
872 941 955 1015 ¹¹)
990 936 1126 1020 quil
1162 956 1327 1001 vous
1360 937 1771 1019 recognoisse
1806 956 2055 1001 comme
2078 958 2216 1020 ung
2239 949 2605 1020 trouppeau

653 1022 737 1089 de
793 1023 982 1089 Iesus
1041 1020 1300 1099 Christ,
1368 1029 1434 1085 et
1496 1021 1629 1103 quil
1695 1029 1929 1087 trouve
1996 1030 2181 1087 entre
2249 1043 2410 1088 vous
2475 1043 2606 1086 une

650 1108 864 1175 forme
908 1108 1198 1192 dEglise.
1278 1105 1373 1172 Oe
1415 1105 1708 1190 pendant
1750 1128 1988 1188 prenez
2033 1129 2315 1193 courage
2359 1130 2399 1172 a
2442 1129 2606 1173 vous

654 1193 883 1260 dedier
926 1191 1015 1259 du
1060 1201 1207 1258 tout
1248 1212 1287 1256 a
1332 1192 1495 1257 Dieu
1554 1193 1765 1276 lequel
1824 1214 1992 1257 nous
2037 1215 2078 1258 a
2120 1195 2177 1258 si
2223 1194 2606 1260 cherement

654 1282 879 1364 aequis
923 1301 1043 1362 par
1077 1300 1199 1345 son
1236 1299 1467 1361 propre
1504 1278 1626 1355 filz,
1674 1289 1738 1343 et
1782 1278 2019 1343 rendez
2055 1279 2170 1364 luy
2196 1283 2277 1355 ¹²)
2324 1278 2604 1363 homage

654 1365 738 1432 de
798 1387 987 1448 corps
1051 1374 1120 1430 et
1174 1364 1398 1443 dame,
1462 1372 1802 1429 montrans
1859 1385 1985 1445 que
2052 1386 2217 1432 vous
2280 1376 2468 1431 tenez
2531 1387 2605 1430 sa

654 1449 864 1538 gleire
907 1452 1058 1534 plus
1093 1450 1429 1534 precieuse
1472 1470 1599 1532 que
1643 1459 1783 1513 tout
1827 1471 1900 1514 ce
1935 1452 2047 1532 qui
2084 1462 2183 1516 est
2219 1450 2308 1515 du
2344 1449 2603 1527 monde,

654 1544 727 1604 et
764 1558 890 1622 que
935 1558 1095 1603 vous
1138 1538 1417 1601 extimez
1462 1536 1610 1618 plus
1669 1536 1729 1599 le
1776 1538 1950 1599 ⁸salut
1990 1537 2238 1601 eternel
2283 1538 2397 1621 qui
2436 1557 2604 1602 vous

663 1629 769 1689 est
809 1644 848 1688 a
896 1631 1112 1706 preste
1155 1642 1237 1686 au
1285 1621 1405 1686 ciel
1450 1643 1573 1703 quc
1620 1641 1790 1686 ceste
1841 1624 1937 1683 vic
1983 1623 2330 1703 caducque.

886 1730 1174 1792 urquoy,
1233 1716 1369 1772 tres
1428 1707 1640 1772 chiers
1700 1709 1935 1785 freres,
1998 1711 2239 1773 faisans
2295 1710 2385 1773 fin
2443 1730 2484 1771 a
2541 1708 2605 1772 la

653 1805 990 1879 presente,
1044 1813 1208 1859 nous
1251 1794 1550 1875 prierons
1606 1814 1679 1858 66
1739 1795 1865 1859 bon
1913 1793 2085 1859 Dieu
2131 1794 2488 1878 dacomplir
2532 1815 2605 1859 66

656 1880 798 1964 quil
841 1900 881 1944 a
922 1899 1295 1945 6616616666
1340 1900 1424 1944 66
1484 1898 1678 1954 vous,
1740 1879 1820 1944 de
1884 1900 2044 1944 vous
2088 1891 2477 1964 augmentet
2521 1902 2604 1943 en

655 1972 810 2031 tous
855 1966 1038 2032 biens
1093 1987 1125 2030 s
1172 1965 1457 2041 irituelz,
1517 1976 1584 2029 et
1638 1986 1804 2029 vous
1863 1966 2046 2030 avoir
2100 1988 2181 2030 en
2241 1987 2313 2031 sa
2358 1967 2606 2031 saincte

654 2053 1037 2137 protection.
1187 2072 1222 2113 e
1276 2055 1420 2113 12“Μ
1467 2048 1774 2115 doctobre
1826 2055 2006 2115 1553.

1296 2185 1797 2270 Soubzscriptes
1843 2187 2123 2253 Oharles
2166 2188 2542 2271 despeville,

1241 2298 1389 2354 tant
1431 2312 1511 2354 en
1559 2310 1677 2354 son
1722 2310 1875 2354 nom
1916 2312 2042 2373 que
2088 2290 2168 2355 de
2212 2311 2316 2356 ses
2358 2292 2582 2355 freres.

2189 402 2715 472 EPIS'POLAE
2767 406 3183 469 1825—1829

2605 2488 2614 2497 ι

1535 2802 1726 2872 1826.

1092 2956 1566 3024 GALVINUS
1612 2954 2166 3023 LIBER'PETO.

832 3129 1228 3197 Omnmendat
1282 3131 1341 3193 ei
1402 3128 1756 3196 Salomonis
1810 3130 2145 3195 cuiusdam
2202 3129 2608 3194 Aureliensis

654 3218 978 3302 mot-zum.

763 3389 873 3454 (Ex
911 3387 1246 3456 autographo
1284 3387 1656 3441 Bibliothecae
1691 3392 1972 3456 pastorum
2010 3382 2506 3451 Neocomensium.)

654 3559 871 3625 Fideli
918 3558 1168 3626 Christi
1228 3580 1417 3623 servo
1473 3556 1947 3640 Christophoro
1990 3557 2240 3637 Fabro,
2299 3560 2609 3626 ecclesiae

654 3646 1122 3713 Neocomensis
1165 3643 1430 3726 pastori,
1475 3645 1664 3707 fratri
1708 3652 1775 3707 et
1810 3652 2216 3729 symmystae
2250 3646 2606 3711 carissimo,

827 3784 897 3848 S.
1002 3781 1281 3862 Quando
1374 3779 1655 3845 Solomon
1735 3780 2171 3866 Aureliensis‚
2262 3783 2604 3848 consilium

651 3878 842 3935 tuum
885 3878 1220 3951 sequutus,
1266 3881 1557 3948 tempore
1593 3865 1715 3930 sibi
1755 3865 1943 3931 valde
1987 3867 2396 3933 incommodo
2433 3869 2604 3935 11666

649 3953 1121 4038 profectionem
1179 3952 1463 4035 suscepit
1479 4003 1493 4023 .
1568 3973 1699 4015 non
1769 3971 1928 4035 rogo
1993 3962 2067 4017 ut
2133 3954 2274 4019 eius
2339 3976 2604 4020 causam

650 4040 988 4122 suscipias.
1077 4038 1248 4103 Nam
1292 4052 1355 4102 te
1412 4048 1643 4120 sponte
1698 4038 2024 4103 facturum
2069 4044 2233 4117 scio„
2291 4039 2604 4123 quidquid

654 4126 773 4191 abs
827 4138 890 4188 te
946 4123 1426 4189 contenderem.
1526 4123 1669 4187 Imo
1727 4125 1873 4206 plus
1931 4123 2223 4201 dimidi0‚
2284 4146 2482 4209 quam
2540 4136 2605 4190 te

651 4231 886 4296 rogare
932 4210 1148 4274 ausim
1192 4230 1267 4274 ac
1325 4208 1532 4292 pudor
1575 4230 1760 4275 meus
1800 4212 2000 4285 ferat,
2057 4232 2411 4293 persuasus
2456 4233 2604 4276 sum

652 4304 723 4362 te
765 4296 1107 4362 facturum.
1196 4295 1555 4359 Hominem
1613 4316 1744 4359 non
1790 4295 2039 4360 malum
2093 4306 2161 4361 et
2201 4296 2599 4362 industrium

655 4382 857 4448 variis
902 4379 1111 4447 modis
1154 4391 1416 4445 exercet
1461 4379 1805 4445 Dominus.
1879 4381 2142 4448 Graves
2186 4384 2361 4447 intra
2403 4384 2601 4449 breve

650 4474 916 4551 tempus
975 4474 1042 4530 et
1097 4466 1213 4530 vix
1272 4464 1395 4532 sibi
1440 4466 1807 4532 tolerabiles
1852 4467 2138 4533 iacturas
2191 4469 2359 4535 fecit.
2448 4468 2600 4550 Quo

652 4552 915 4639 dig-nior
970 4560 1073 4616 est
1126 4551 1614 4630 sublevatione,
1686 4553 1742 4616 61
1800 4574 1932 4634 qua
1987 4555 2058 4617 in
2114 4576 2319 4620 manu
2376 4569 2602 4620 nostra

652 4643 797 4706 erit.
902 4635 1048 4702 'ribi
1116 4659 1272 4703 vero
1339 4639 1642 4722 privatim
1709 4639 1851 4721 opis
1929 4640 2024 4703 illi
2087 4638 2394 4706 ferendae
2468 4664 2598 4707 666

652 4725 876 4790 minus
917 4725 1093 4788 iusta
1135 4732 1235 4788 est
1277 4744 1352 4790 ac
1411 4724 1685 4791 honesta
1740 4725 2105 4803 excusatio,
2163 4748 2361 4809 quam
2403 4747 2603 4794 causa

652 4810 1039 4875 necessaria.
1129 4808 1235 4874 De
1276 4810 1471 4875 rebus
1514 4812 1754 4876 nostris
1798 4833 1878 4875 ex
1927 4809 2186 4877 Farello
2228 4822 2454 4878 nostro
2498 4815 2601 4878 16-

650 4895 929 4979 telliges.
958 4897 1008 4976 ¹)
1077 4895 1370 4962 Uxorem
1415 4905 1480 4960 et
1522 4896 1838 4961 familiam
1877 4918 2019 4962 meo
2055 4901 2321 4963 nomine
2367 4900 2600 4965 saluta.

768 5070 873 5077 --ψ---ι
910 5069 1063 5078 ἰο-μ-

820 5186 918 5247 11)
956 5204 1082 5240 sans
1120 5187 1209 5240 Be.

826 5256 915 5322 12)
951 5273 1061 5322 ung
1098 5255 1189 5311 Bt.

654 5322 832 5381 mae.
857 5326 916 5388 1)
958 5324 1042 5393 Of.
1078 5331 1395 5394 sequentem

4533 408 4646 467 640

2709 590 3041 657 Dominus
3086 615 3201 659 vos
3244 590 3568 677 praesidio
3611 612 3728 657 suo
3774 599 4038 656 tueatur
4079 598 4148 657 et
4181 592 4420 676 spiritu
4453 600 4643 675 regat.

2708 678 2895 750 Vale.
2941 687 3276 763 compater
3320 677 3730 744 amicissime.
3838 677 4155 744 Genevae
4212 684 4303 742 14.
4351 676 4643 744 Octobris

2721 768 2899 829 1553·
3619 848 3901 914 Ioannes
3946 846 4268 915 Calvinus
4312 858 4484 915 tuus.

3659 951 3685 979 Ο

3483 1196 3744 1204 ’.Ἧι-ιιι·-
3788 1196 3856 1203 .-.-
3881 1198 3890 1202 -

3583 1466 3766 1537 1827.

3189 1621 3661 1688 GALVINUS
3708 1621 4169 1688 FARELLO.

2885 1793 3115 1874 Ipsum
3158 1800 3212 1857 et
3275 1794 3554 1858 Viretum
3608 1800 3786 1877 νομαί
3840 1800 3909 1859 ut
3951 1795 4164 1861 adsint
4214 1794 4492 1862 Genevae
4535 1800 4662 1859 tam

2708 1900 2832 1962 quo
2878 1884 3141 1960 tempore
3184 1881 3346 1944 serio
3388 1879 3464 1944 de
3510 1879 3753 1945 Serveto
3796 1886 4040 1964 ayetur.
4095 1901 4288 1963 quam
4329 1902 4449 1962 quo
4491 1882 4661 1947 diri-

2708 1970 2907 2031 metur
2960 1968 3029 2028 in
3072 1972 3292 2031 senatu
3335 1967 3643 2048 neyotium
3684 1968 4053 2032 consistorii.
4159 1966 4439 2031 Viretum
4469 1988 4664 2049 prae-

2707 2056 2872 2116 terea
2914 2052 2999 2115 ad
3040 2052 3301 2132 nuptias
3343 2050 3673 2116 Ber-nardi
3713 2053 4082 2134 adfuturum
4122 2059 4350 2136 sperat.

2714 2240 2824 2303 (Ex
2861 2239 3197 2309 autographo
3231 2239 3359 2293 Cod.
3398 2240 3600 2293 Geuev.
3652 2239 3803 2304 107⁸,
3851 2241 3942 2293 fol.
3992 2239 4077 2293 62.
4115 2270 4179 2279 --
4218 2240 4347 2295 Ood.
4396 2241 4492 2294 111
4515 2283 4532 2306 ,
4575 2242 4664 2295 fol.

2710 2307 2830 2374 273,
2866 2308 3005 2378 Epp.
3026 2310 3185 2361 Bern.
3226 2308 3324 2361 Vl.
3363 2326 3413 2377 p.
3446 2307 3578 2430 322,Ι
3581 2309 3817 2441 Ι,81ι11ι1ἰ1661ἶ
3840 2310 3963 2363 vol.
3999 2307 4083 2363 80.
4155 2310 4257 2363 Ed.
4292 2311 4434 2379 angl.
4465 2310 4668 2364 Edinb.

2713 2549 2980 2614 Eximio
3019 2549 3285 2614 Domini
3333 2550 3538 2614 nostri
3572 2549 3726 2614 Iesu
3772 2549 4024 2614 Christi
4068 2572 4256 2617 servo
4301 2548 4667 2616 Guillelmo

2713 2635 3009 2714 Farello,
3067 2635 3530 2701 Neocomensis
3588 2635 3897 2702 ecclesiae
3959 2636 4337 2702 fidelissimo
4396 2638 4667 2719 pastori,

2713 2721 2898 2785 fratri
2961 2720 3127 2786 mihi
3192 2721 3494 2804 inprimis
3551 2721 3827 2873 &wilgiso
3892 2730 3959 2787 et
4022 2722 4416 2789 amicissimo
4480 2743 4667 2808 sym-

3620 2829 3700 2892 ys
3810 2859 3824 2871 .

2888 2944 2958 3009 S.
3027 2943 3174 3008 Non
3219 2945 3448 3023 habeo,
3494 2945 3585 3008 mi
3631 2945 3907 3022 Farelle,
3969 2946 4204 3028 quibus
4266 2946 4481 3012 verbis
4547 2944 4666 3011 tibi

2713 3030 2957 3178 {ratius
3002 3051 3191 3113 agam
3238 3051 3353 3113 pro
3397 3030 3715 3114 singulari
3769 3053 3841 3095 er
3891 3054 3927 3095 a
3985 3054 4103 3096 nos
4146 3032 4360 3097 studio
4404 3041 4472 3097 et
4517 3033 4668 3116 pari

2762 3115 2909 3181 uius
2951 3116 3257 3181 ecclesiae
3300 3136 3477 3181 cura.
3497 3120 3546 3193 ¹)
3637 3116 3858 3183 Consu
3887 3126 3953 3182 to
3997 3139 4037 3182 a
4075 3117 4416 3183 scribendo
4460 3118 4669 3184 absti-

2714 3222 2989 3267 nueram
3008 3253 3023 3279 ,
3080 3201 3184 3265 vel
3230 3202 3462 3266 saltem
3518 3204 3767 3267 fueram
3831 3204 4115 3285 parcior,
4176 3205 4329 3288 quia
4384 3203 4669 3269 verebar

2713 3288 2935 3351 statim
2980 3309 3240 3369 equum,
3286 3295 3360 3353 ut
3402 3288 3629 3367 fecisti,
3674 3288 4160 3354 conscenderes.
4179 3291 4235 3371 2)
4323 3290 4470 3374 Ego
4507 3311 4668 3355 vero

2714 3381 2867 3438 ante
2922 3382 3288 3438 extremum
3336 3382 3593 3457 tempus
3647 3375 3949 3441 nolebam
3986 3374 4295 3445 molestus
4328 3375 4451 3440 tibi
4495 3396 4664 3443 esee.

2713 3457 2906 3539 Quod
2952 3460 3070 3525 tibi
3113 3469 3380 3542 gratum
3419 3461 3554 3526 fore
3588 3455 3810 3545 negas,
3856 3461 3913 3526 si
3956 3460 4077 3526 tibi
4111 3481 4492 3546 pepercero:
4543 3483 4668 3547 ego

2712 3564 2871 3609 vero
2907 3547 3064 3610 satis
3098 3545 3270 3624 novi,
3316 3567 3391 3612 ac
3427 3547 3624 3610 etiam
3661 3554 3970 3630 expertus
4006 3566 4171 3625 sum,
4216 3568 4412 3631 quam
4449 3547 4669 3614 liben-

2713 3638 2842 3707 ter,
2890 3631 3020 3696 imo
3060 3631 3320 3714 cupide,
3381 3631 3642 3715 quidvis
3696 3633 4013 3717 suscipias
4068 3632 4305 3700 laboris
4358 3654 4484 3718 pro
4531 3633 4666 3700 Dei

2711 3716 3015 3795 ecclesia,
3079 3725 3147 3781 et
3210 3738 3408 3801 quam
3473 3726 3773 3801 promtus
3838 3718 3929 3784 616
3989 3718 4070 3784 ad
4134 3740 4256 3785 nos
4311 3717 4664 3786 iuvandos.

2712 3800 2864 3882 Quo
2908 3824 3082 3867 61166
3122 3803 3193 3867 16
3236 3803 3444 3868 statu'
3473 3825 3578 3869 res
3635 3805 3798 3884 sint,
3858 3805 4201 3870 certiorem
4244 3816 4310 3869 te
4352 3826 4393 3870 a
4453 3806 4668 3871 Vin-eto

2711 3888 2957 3953 factum
3000 3909 3142 3954 esse
3185 3889 3485 3966 arbitror,
3533 3890 3639 3954 vel
3673 3890 3892 3973 potius
3925 3890 4093 3956 meis
4126 3890 4210 3956 ad
4253 3892 4275 3954 i
4321 3912 4472 3957 sum
4518 3892 4669 3957 lite—

2711 3973 2831 4051 ris,
2854 3974 2911 4056 3)
2970 3995 3133 4056 quas
3192 3995 3270 4038 eo
3325 3975 3597 4041 consilio
3639 3978 4059 4058 scripseram,
4118 3988 4194 4042 ut
4237 3979 4286 4041 ti
4331 3978 4355 4042 i
4396 3998 4664 4061 quoque

2711 4068 2932 4124 essent
2974 4081 3371 4126 communes.
3438 4060 3728 4127 Omnino
3764 4062 3895 4128 huc
3936 4064 4170 4128 intenti
4212 4071 4369 4128 sunt
4411 4063 4663 4141 hostes,

2710 4154 2788 4209 ut
2823 4146 3224 4211 tumultuose
3268 4146 3514 4229 aliquid
3549 4149 3725 4214 circa
3766 4148 3915 4213 idus
3950 4148 4354 4215 Novembres
4395 4149 4474 4214 in
4518 4170 4664 4215 ma-

2709 4230 2842 4295 iore
2865 4241 3098 4296 senatu
3121 4230 3525 4298 decernatur.
3547 4238 3602 4312 ⁴)
3657 4235 3759 4299 Eo
3799 4246 4091 4319 tempore
4113 4234 4340 4301 adesse
4379 4234 4666 4301 Virdum

2709 4318 2868 4381 utile
2891 4338 3033 4383 esse
3053 4318 3381 4401 putabam.
3421 4319 3515 4384 Te
3539 4341 3694 4385 vero
3721 4320 3914 4385 citius
3936 4341 4289 4404 properare
4325 4323 4664 4404 optabam,

2705 4425 2831 4485 quo
2856 4416 3147 4487 tempore
3170 4408 3337 4470 serio
3371 4418 3602 4488 agetur
3622 4405 3702 4470 de
3729 4405 3989 4473 Servate.
4011 4411 4060 4484 ⁸)
4126 4405 4322 4488 Quod
4361 4409 4665 4475 futurum

2706 4509 2898 4571 spero
2942 4498 3095 4554 ante
3153 4492 3353 4554 finem
3411 4492 3747 4573 proximae
3793 4490 4231 4559 hebdomadis.
4319 4492 4458 4560 Sed
4503 4495 4666 4579 quia

2707 4779 2884 4930 1827.
2914 4780 2975 4914 ἐξ
3013 4780 3506 4905 ffingrielgaezitvltsum
3565 4860 3885 4934 assequutus
3937 4853 4271 4935 681141191116
4288 4877 4302 4904 .·
4363 4872 4424 4909 as
4467 4855 4494 4910 1
4541 4872 4662 4907 was

2710 4918 2882 4971 afraid
2919 4927 2976 4971 to
3011 4921 3138 4972 take
3174 4919 3488 4987 horsoback,
3526 4937 3686 4991 quast
3722 4937 3839 4990 tpse
3878 4920 4144 4977 &almum
4177 4939 4372 4993 equum
4405 4939 4660 4979 661166611-

2707 4986 2836 5041 dere
2865 4988 3137 5042 voluisset.

2912 5054 2974 5117 3)
3008 5057 3323 5125 deperditis.

2913 5124 2968 5183 4)
3005 5126 3071 5178 de
3116 5127 3494 5181 iurisdictione
3551 5127 3874 5181 consistorii.
3958 5128 4157 5184 Idibus
4209 5129 4353 5184 Nov.
4408 5128 4672 5184 Fau-auus

2714 5191 2965 5247 Genevae
2996 5210 3180 5249 eoram
3215 5202 3408 5250 senatu
3448 5194 3645 5250 Gener.
3679 5196 3844 5250 verba
3873 5198 4018 5264 fecit.

2721 5328 2779 5384 F
2868 5263 2975 5385 ub)
3015 5262 3293 5319 »Sententia
3343 5265 3458 5319 lata
3509 5264 3625 5330 fuit
3674 5281 3727 5319 α.
3782 5265 3837 5319 d.
3909 5266 4007 5323 1⁷1.
4066 5265 4179 5323 Gal.
4236 5267 4381 5322 Nov.
4448 5264 4670 5320 Adeo-ae

2769 5345 2868 5385 are
2907 5347 2988 5385 us.
