4900 6167
608 432 731 495 139

599 634 801 699 quam
855 619 1009 677 ante
1060 608 1395 677 octiduum
1446 606 1517 673 id
1585 608 1806 692 ipsum
1874 606 2132 692 copiose
2188 606 2567 690 exposuerit

488 755 499 770 .
600 697 864 782 scriptis
921 693 1218 781 epistolis
1269 692 1672 761 clarissimus
1731 693 1833 759 vir
1869 691 1955 758 D.
2001 690 2399 778 Rychardus
2446 690 2565 759 Go-

604 804 749 864 oeus,
793 780 1224 850 cancellarius
1269 778 1674 847 oxoniensis
1717 784 1785 843 et
1828 778 2005 862 regis
2082 775 2368 843 nondam
2410 797 2566 861 pae-

605 869 902 956 dagogus
944 887 1121 934 nunc
1165 864 1741 950 eleemosynarius,
1787 884 1864 929 ac
1897 864 1984 929 D.
2086 868 2256 929 etrus
2290 862 2565 947 Μανῠριν,

601 948 2141 1124 312101..,⁹²....010f2.1’¹immisisti&
2159 949 2420 1099 ’Ἤ
2462 949 2567 1098 {¹21

605 1146 763 1191 men
819 1122 900 1189 de
958 1143 1030 1188 re
1086 1123 1109 1186 i
1166 1142 1207 1187 a
1260 1120 1454 1205 gravi
1511 1129 1579 1185 et
1637 1119 1905 1203 perutili
1950 1126 2565 1186 commemorarunt.

604 1211 705 1277 Ea
763 1216 951 1293 parte
1014 1226 1323 1290 magnam
1388 1204 1554 1270 mihi
1630 1204 2136 1271 sollicitudinem
2197 1205 2569 1271 iniecerunt

605 1309 786 1362 tuae:
842 1314 1002 1359 nam
1057 1290 1467 1359 luculentam
1522 1289 1872 1356 utilitatem
1930 1297 2154 1374 aperte
2197 1310 2395 1357 cerno
2411 1342 2428 1369 ,
2496 1297 2568 1355 at

604 1380 763 1468 quid
819 1401 861 1446 a
923 1378 1166 1445 nostris
1231 1375 1356 1442 hoc
1420 1375 1804 1443 difficillimo
1870 1384 2166 1459 tempore
2221 1375 2568 1459 impetrari

602 1466 812 1616 ροῗείι
849 1462 1041 1614 νείἑίἓ
1087 1461 1340 1562 dubito..
1420 1460 1527 1527 De
1586 1460 2190 1612 foederletoineundo
2246 1479 2400 1526 cum
2436 1459 2566 1561 hoc

603 1575 688 1618 ve
755 1571 907 1617 cum
1039 1570 1077 1613 o
1179 1569 1346 1614 nncl
1474 1568 1688 1613 omnis
1731 1567 1803 1611 ee
1952 1566 2120 1630 pern
2194 1565 2373 1629 spes:
2431 1565 2567 1611 uno

603 1637 805 1702 huius
849 1655 1113 1720 pangen
1223 1566 1474 1717 specliees
1537 1631 1646 1698 vel
1689 1630 1972 1715 suspicio
2015 1630 2135 1696 reli
2180 1652 2270 1696 ua
2311 1651 2566 1715 quoque

605 1721 934 1788 amicitiae
1003 1730 1072 1785 et
1134 1717 1576 1785 consensionis
1642 1716 1918 1783 consilia
1980 1652 2302 1795 turbgbit,
2346 1718 2564 1782 timeo.

604 1804 894 1874 Oordate
935 1803 1196 1888 quidem
1242 1822 1317 1869 ac
1372 1824 1557 1882 vere,
1621 1801 1894 1886 perinde
1953 1822 2028 1868 ac
2092 1802 2567 1869 scientissimus

602 1913 865 1959 morum
898 1889 1297 1973 reipublicae
1330 1893 1609 1967 nostrae,
1657 1907 1808 1952 cum
1841 1886 1957 1952 illo
1992 1887 2323 1953 communi
2357 1886 2566 1955 amico

604 1985 674 2044 et
714 1978 918 2042 fratre
959 1984 1183 2041 nostro
1224 1973 1312 2040 D.
1355 1994 1400 2039 a
1442 1973 1645 2040 Lasso
1687 1972 2056 2052 contulisti,
2116 1980 2184 2039 et
2239 1994 2382 2039 rem
2425 1995 2565 2039 om-

604 2083 763 2129 nem
805 2061 906 2126 nti
954 2059 1156 2126 habet
1211 2059 1590 2144 exposuisti.
1607 2061 1665 2136 ²)
1754 2056 1934 2138 Quid
1976 2058 2147 2143 quod
2194 2058 2335 2126 Rex
2389 2080 2568 2125 sere-

602 2149 916 2214 nissimus
957 2145 1154 2211 huius
1194 2143 1439 2228 aliquid
1480 2145 1623 2227 ipse
1665 2144 1950 2208 tentavit
1982 2163 2154 2209 anno
2188 2144 2566 2227 praeterito,

602 2233 674 2299 id
718 2254 801 2298 ue
855 2251 976 2316 per
1032 2248 1448 2296 communem
1506 2229 1790 2295 amicum
1850 2237 2155 2295 nostrum
2209 2230 2296 2294 D.
2343 2230 2440 2300 2D.
2490 2228 2566 2296 Ο.

800 2318 924 2382 ‘um
965 2315 1393 2383 secretarium
1406 2364 1421 2390 ,
1446 2312 1501 2398 ³)
1557 2334 1755 2397 quem
1798 2314 2112 2398 privatim
2152 2336 2303 2380 cum
2356 2314 2570 2380 literis

602 2403 805 2489 regiis
848 2401 1036 2468 misit
1086 2400 1170 2466 ad
1218 2419 1447 2465 omnes
1503 2397 1926 2483 singulasque
1980 2400 2177 2466 urbes
2221 2398 2570 2467 Helvetiae

605 2488 1043 2573 evangelicas.
1131 2485 1268 2553 Sed
1311 2483 1483 2549 nihil
1521 2504 1642 2550 sua
1678 2484 2007 2571 legatione
2043 2484 2324 2570 dignum
2368 2487 2571 2569 impe-

603 2574 820 2641 travit.
908 2573 1010 2638 Ac
1066 2580 1208 2636 tum
1251 2589 1509 2654 quoque
1564 2589 1693 2653 qua
1741 2570 1930 2669 potui
1987 2569 2334 2656 diligentia
2387 2570 2570 2635 labo-

603 2658 835 2726 rabam
875 2665 954 2723 ut
997 2654 1247 2741 aliquid
1288 2655 1692 2738 impetraret,
1736 2676 1810 2719 m
1853 2676 1925 2720 re
1980 2657 2370 2739 praesertim
2432 2663 2570 2720 tam

604 2763 815 2827 aequa
855 2753 924 2808 et
962 2741 1089 2824 pia.
1178 2733 1394 2805 Video
1449 2745 1789 2825 praeterea
1839 2761 2018 2807 nune
2070 2760 2195 2806 nos
2252 2740 2571 2824 temporis

604 2829 951 2912 iniquitate
1009 2822 1458 2910 impediendos
1513 2825 1662 2908 plus
1733 2845 1931 2909 quam
2000 2831 2195 2892 antea
2255 2847 2567 2911 unquam.

605 2913 869 2981 Bellum
932 2913 1112 2978 enim
1255 2910 1500 2978 ntificis
1556 2917 1625 2976 et
1683 2910 1864 2976 Galli
1884 2912 1941 2992 ⁴)
1999 2911 2251 2977 vicinos
2309 2921 2569 2976 nostros

604 2998 954 3066 Helvetios
989 2995 1233 3063 scindit
1274 3003 1344 3062 et
1378 2993 1711 3062 discordes
1746 2994 1961 3062 reddit
2119 2996 2302 3062 viter.
2374 2994 2567 3062 Unde

603 3090 937 3151 nostrates
980 3091 1357 3148 nostrorum
1392 3080 1698 3147 videntes
1734 3101 1969 3148 concor
2013 3102 2143 3146 iam
2187 3080 2335 3164 plus
2369 3101 2569 3166 quam

603 3189 898 3254 unquam
920 3174 1118 3233 antea
1146 3167 1455 3249 clamant,
1492 3166 1814 3233 amicitias
1851 3166 2222 3251 principum
2257 3165 2567 3232 dirimere

602 3263 861 3321 mentes
906 3262 975 3318 et
1015 3250 1427 3318 concordiam
1462 3251 1941 3319 Helvetiorum.
2009 3250 2364 3317 Caeterum
2397 3249 2566 3317 nihil

601 3340 836 3423 loquor
869 3358 1068 3413 nunc,
1104 3338 1221 3415 ais,
1257 3334 1338 3402 de
1372 3335 1664 3404 ineundo
1699 3334 1979 3416 foedere,
2022 3336 2139 3402 sed
2175 3334 2257 3401 de
2291 3356 2566 3404 consen-

604 3427 792 3490 sione
849 3421 1203 3489 doctrinae.
1293 3419 1462 3488 Scin.
1554 3420 1692 3488 Sed
1746 3427 1964 3487 metuo
2018 3442 2106 3488 ne
2166 3423 2374 3488 nostri
2429 3420 2566 3488 dic-

603 3511 744 3577 turi
788 3508 940 3588 sint,
983 3506 1205 3574 omnia
1247 3505 1400 3572 illuc
1443 3515 1739 3590 spectare
1792 3515 1871 3572 ut
1922 3506 2189 3573 tandem
2232 3516 2567 3591 pangatur

604 3595 853 3663 foedus.
944 3593 1093 3658 Hoc
1146 3592 1324 3657 enim
1384 3591 1965 3674 praetendebatur,
2024 3612 2228 3675 quum
2273 3592 2439 3659 nihil
2483 3591 2564 3657 ab

602 3681 732 3747 hoc
773 3679 1112 3747 diversum
1157 3676 1440 3743 Montius
1480 3684 1704 3744 noster
1745 3676 2123 3761 postularet.
2211 3678 2340 3743 His
2382 3698 2564 3745 acce-

606 3766 709 3831 dit
749 3763 926 3848 quod
965 3763 1176 3847 pauci,
1221 3769 1338 3828 aut
1378 3762 1580 3828 etiam
1623 3762 1752 3829 viri
1788 3765 1891 3842 50,
1936 3762 2009 3828 in
2051 3762 2160 3829 his
2201 3763 2364 3830 certi
2407 3782 2564 3830 con-

606 3851 882 3917 stituere
924 3848 1099 3913 nihil
1155 3853 1449 3932 possunt.
1555 3845 1839 3931 Oportet
1896 3847 2275 3915 huiusmodi
2331 3867 2565 3917 causas

604 3954 837 4001 omnes
878 3934 1124 3999 referre
1167 3933 1253 3999 ad
1296 3931 1612 4000 diacosios
1653 3954 1813 4017 quos
1869 3954 1910 3999 a

605 4027 934 4088 senatum.
1022 4016 1161 4084 Sed
1225 4019 1397 4085 mira
1451 4026 1553 4085 est
1594 4019 1665 4084 in
1730 4019 1854 4087 hoc

2088 3940 2207 3999 ant
2249 3933 2567 4002 maiorem

1977 4019 2276 4086 versitas.
2364 4016 2568 4086 Nulla

603 4105 895 4173 mittitur
936 4103 1179 4190 legatio
1222 4103 1350 4170 nisi
1405 4103 1600 4170 huius
1658 4103 2032 4171 autoritate.
2122 4102 2371 4171 Omnia
2410 4104 2566 4172 reli-

603 4190 822 4278 gionis
856 4188 1125 4273 negotia
1158 4207 1378 4255 coram
1415 4187 1540 4256 hoo
1575 4199 1881 4275 aguntur.
1948 4189 2096 4255 Iam
2130 4191 2331 4256 etiam
2364 4211 2568 4276 quum

604 4281 1017 4361 praestantes
1062 4272 1314 4359 aliquot
1369 4273 1495 4340 viri
1537 4294 1674 4341 non
1717 4274 1855 4341 sint
1898 4274 2077 4341 domi
2118 4275 2227 4342 vel
2269 4276 2341 4341 in
2384 4274 2569 4357 urbe,

606 4359 727 4428 sed
768 4360 951 4427 intra
990 4366 1244 4427 certum
1277 4366 1537 4444 tempus
1578 4357 1857 4427 redituri
1891 4366 2371 4446 exspectentur,
2416 4381 2568 4428 cum

606 4445 841 4532 quibus
882 4444 1188 4529 inprimis
1230 4443 1395 4511 haec
1437 4443 1733 4511 conferre
1777 4465 2043 4513 necesse
2085 4454 2205 4526 est,
2249 4467 2425 4528 cum⁸
2442 4447 2570 4515 hoc

602 4532 955 4601 tabellione
997 4529 1168 4597 nihil
1203 4530 1367 4597 certi
1410 4529 1599 4615 potui
1632 4529 1939 4612 scribere,
1985 4538 2060 4597 ut
2101 4532 2217 4617 qui
2337 4530 2569 4600 stridis

604 4639 802 4702 quam
860 4617 992 4683 huc
1054 4616 1237 4683 venit
1290 4613 1606 4684 discessit.
1706 4615 1891 4683 Nihil
1949 4625 2173 4684 tamen
2283 4615 2569 4685 ubitabis

2122 419 2650 489 EPIST-OLAE
2699 424 3123 488 1503-1506

4504 424 4630 489 140

2669 608 2751 674 de
2793 629 2938 674 mea
2979 607 3111 674 fide
3166 615 3237 674 et
3291 607 3649 693 diligentia.
3740 607 4002 676 Ourabo
4063 628 4147 675 ne
4202 608 4365 693 quid
4423 609 4495 675 in
4551 627 4633 675 re

2669 701 2858 760 tanta
2909 714 3058 760 mea
3112 692 3430 777 perdatur
3494 695 3750 761 incuria
3805 702 3923 762 aut
3985 715 4117 779 neg
4146 694 4160 711 ‘
4298 695 4408 760 tia.
4493 693 4634 761 Ubi

2667 801 2826 847 vero
2869 785 3126 846 certum
3167 779 3415 864 aliquid
3457 780 3750 847 habuero
3807 786 4068 846 mature
4238 787 4304 845 te
4345 779 4632 864 perscri-

2668 865 2841 931 bam.
2930 863 3113 932 Satis
3153 864 3450 932 intellexi
3507 867 3653 951 quis
3707 865 3902 932 rebus
3957 865 4361 951 praefigatur
4402 864 4635 931 termi-

2669 971 2796 1018 nus
2815 1001 2831 1029 ,
2875 949 3185 1017 October.
3268 950 3555 1035 Iungam
3607 951 3773 1017 mihi
3830 950 4371 1019 collaboratorem
4412 957 4482 1016 et
4522 969 4635 1017 so-

2670 1036 2845 1102 cium
2888 1035 2959 1100 in
3026 1036 3280 1121 agendo
3330 1035 3743 1103 Gualthermn
3798 1043 4132 1117 nostrum,
4187 1042 4635 1122 symmystam

2670 1122 2942 1187 fratrem
2985 1128 3053 1187 et
3094 1122 3358 1188 affinem
3401 1123 3830 1189 carissimum.

2840 1206 3114 1272 Puellus
3170 1227 3290 1289 per
3347 1216 3414 1273 te
3457 1207 3625 1273 mihi
3690 1207 4180 1275 commendatus
4247 1208 4320 1272 in
4386 1207 4637 1273 vicinia

2671 1290 2943 1358 sortitus
2986 1299 3089 1359 est
3130 1292 3456 1374 hospitem
3510 1293 3729 1359 virum
3772 1292 4153 1358 humanum.
4239 1291 4492 1359 Licebit
4531 1291 4638 1356 illi

2670 1376 2925 1443 versari
2965 1376 3142 1441 inter
3181 1397 3364 1444 meos
3419 1377 3614 1445 filios:
3674 1379 3807 1445 imo
3865 1378 4053 1444 illum
4094 1384 4364 1462 propter
4405 1388 4471 1444 te
4512 1398 4636 1442 ve-

2671 1462 2798 1527 luti
2851 1482 3073 1527 meum
3125 1461 3461 1546 reputabo.
3563 1462 3873 1530 Salutant
3931 1470 3997 1529 te
4063 1473 4129 1529 et
4192 1470 4343 1527 tuos
4400 1483 4637 1528 omnes

2671 1548 2882 1614 nostri
2940 1567 3185 1613 omnes.
3289 1547 3624 1616 Salutabis
3681 1557 3753 1615 tu
3820 1548 4007 1615 nobis
4077 1549 4316 1613 fratres
4381 1567 4635 1624 omnes,

2717 1633 3057 1698 raesertim
3115 1652 3275 1699 vero
3338 1634 3722 1700 Galla-simu.
3809 1633 4022 1699 Fama
4070 1635 4203 1699 huc
4269 1632 4495 1699 attulit
4545 1653 4639 1697 ex

2727 1718 2925 1784 uevia
2967 1718 3269 1785 cohortes
3313 1718 3561 1803 aliquot
3595 1719 3761 1785 duce
3800 1720 4035 1786 comite
4067 1717 4292 1784 Felice
4332 1717 4413 1783 ab
4455 1716 4640 1783 Aroh

2672 1803 2908 1870 missas
2950 1823 2991 1868 a
3034 1802 3441 1870 Ferdinando
3483 1806 3555 1869 in
3596 1804 4015 1888 Hungariam
4059 1825 4098 1869 a
4140 1803 4407 1870 turcicis
4449 1802 4640 1886 equi-

2673 1889 2849 1956 tibus
2910 1909 3055 1955 esse
3114 1889 3509 1973 interceptas
3565 1909 3642 1954 ac
3684 1911 3886 1974 grave
3932 1889 4176 1955 bellum
4237 1888 4515 1955 diversis
4558 1888 4641 1952 in

2716 1974 2971 2041 artibus
3016 1974 3323 2058 Europae
3367 1974 3788 2041 excitandum
3832 1974 3988 2040 fore.
4076 1973 4406 2040 Dominus
4447 1974 4638 2039 inco-

2698 2080 2920 2125 umem
2963 2069 3185 2125 servet
3248 2059 3587 2127 ecelesiam
3647 2079 3836 2127 suam
3878 2066 3946 2125 et
3986 2059 4354 2142 inculpatos
4396 2079 4517 2124 nos
4558 2059 4643 2123 in

2673 2145 2845 2212 diem
2891 2165 3099 2229 usque
3143 2145 3414 2211 Domini
3457 2145 3627 2211 Iesu.
3714 2144 3998 2212 Oremus
4041 2143 4299 2223 sedulo,
4359 2144 4452 2209 mi
4495 2142 4640 2208 fra-

2673 2237 2794 2308 ter,
2838 2231 3221 2309 Dominum,
3265 2238 3341 2296 ut
3380 2231 3439 2298 is
3482 2252 3647 2297 sana
3689 2230 3970 2298 sufficiat
4003 2229 4273 2296 consilia
4307 2249 4383 2296 ac
4416 2229 4638 2295 nostri

2672 2316 3076 2382 misereatur.
3167 2315 3769 2402 Magdeburgenses
3827 2314 4040 2382 adhuc
4100 2314 4360 2380 fortiter
4402 2334 4475 2381 se
4516 2335 4640 2400 ge-

2671 2408 2847 2467 runt.
2935 2398 3265 2468 Dominus
3307 2409 3526 2469 servet
3581 2410 3647 2468 et
3701 2401 3969 2468 adiuvet
4032 2397 4224 2483 ipsos.
4318 2398 4477 2466 Vale
4520 2417 4639 2464 ae-

2672 2493 2955 2565 ternum,
3008 2484 3265 2556 Calvino
3307 2486 3677 2555 doctissime
3720 2494 3787 2554 et
3829 2485 3995 2552 mihi
4027 2485 4361 2552 carissime
4403 2485 4634 2554 frater.

2673 2571 2904 2657 'l'iguri
2946 2575 3048 2638 23.
3095 2573 3270 2639 Iunii
3312 2594 3488 2640 anno
3540 2576 3722 2638 1551.

3905 2706 3993 2773 H.
4029 2706 4456 2792 Bullingerus

3769 2817 3926 2877 tuus
3969 2830 4058 2877 ex
4100 2809 4320 2876 animo
4362 2817 4561 2879 totus.

2848 2980 3202 3080 Theodorus
3225 2978 3744 3132 &writer
3796 2987 3861 3047 te
3904 3001 4009 3048 sa-

2674 3068 2860 3148 lutat,
2905 3073 3067 3132 item
3110 3074 3177 3130 et
3611 3116 3625 3130 .

3459 3357 3869 3368 *fio——

3550 3573 3740 3645 1504.

3117 3727 3685 3798 BADUELLUS
3732 3727 4162 3798 GALVINO.

2845 3900 3131 3968 Ecclesia
3550 3899 3611 3966 is
3668 3900 3740 3965 in
3780 3918 4005 3985 maqm
4063 3906 4356 3969 versatur
4396 3901 4631 3969 discri-

2670 3984 3443 4156 mfflssiw
3491 3985 3783 4052 viro-sin
3836 3984 4633 4069 calumme-§intereas-

3001 4243 3110 4312 (Ex
3146 4241 3486 4313 autographo
3520 4240 3649 4296 Cod.
3687 4240 3892 4295 Genev.
3931 4239 4049 4305 115,
4084 4240 4160 4295 fol
4193 4237 4305 4307 32.)

2670 4413 3070 4482 Doctissimo
3105 4414 3248 4480 viro
3282 4418 3480 4496 atque
3512 4412 3583 4476 in
3734 4412 3936 4479 rrimo
3980 4411 4227 4478 homini
4260 4409 4348 4476 D.
4393 4388 4637 4479 Oarolo

2673 4499 2968 4567 Passelio
3032 4497 3242 4565 amico
3307 4518 3426 4564 suo
3481 4497 3636 4650 {10an
3638 4497 3913 4649 agfflo
3978 4494 4308 4583 diligendo
4373 4505 4441 4561 et
4517 4494 4637 4562 ob-

2843 4721 3083 4787 Paucis
3125 4727 3279 4785 ante
3336 4717 3564 4786 diebus
3619 4716 3771 4785 dedi
3828 4716 3912 4782 ad
3960 4724 4026 4783 te
4068 4717 4290 4784 literas
4314 4717 4365 4802 ¹)
4409 4717 4491 4784 de
4529 4741 4635 4785 re-

2673 4808 2795 4873 bus
2837 4805 3083 4876 nostris
3128 4823 3211 4870 ex
3255 4805 3489 4890 quibus
3532 4803 3697 4870 intel
3728 4804 3743 4819 ⁶
3936 4801 4227 4887 potuisti,
4264 4813 4514 4888 quanta
4555 4806 4630 4871 in

2672 4891 3165 4976 perturbatione
3208 4909 3642 4957 versaremur.
3800 4907 3923 4955 uae
3974 4887 4172 4953 fuerit
4215 4907 4416 4956 causa
4457 4892 4627 4956 tanti

2671 4981 2909 5054 motus,
2955 4981 3201 5059 quanta
3241 4975 3376 5042 odii
3433 4971 3816 5060 magnitudo
3871 4980 3938 5039 et
3978 4972 4296 5040 acerbitas
4337 4976 4631 5042 excitata

2995 5151 3082 5159 *-

2878 5245 2940 5312 5)
2977 5247 3314 5306 Bou-'auden

2673 5316 2937 5386 15041)
2977 5316 3054 5373 N.
3092 5316 3247 5373 1498.
