4900 6167
657 420 738 482 75
1386 385 1399 392 ’
2168 412 2694 484 EPISTOLAE
2745 416 3164 480 1463-1466
3949 429 3954 436 ·
4350 412 4358 421 ·
4588 412 4667 473 76

654 605 1027 691 Hopperum
1078 605 1149 670 in
1207 624 1468 671 oaroere
1524 603 1755 670 teneri.
1777 604 1835 682 6)
1934 603 2081 670 Hoe
2138 602 2392 687 pridem
2454 603 2607 670 sub-

653 692 906 758 veritus
969 692 1241 758 fueram.
1353 690 1414 756 N
1419 711 1547 757 une
1612 710 1874 767 vereor,
1939 711 2022 756 ne
2079 690 2361 775 episoopi
2418 690 2605 772 quasi

652 778 937 844 viatores
999 778 1281 843 ferooius
1334 775 1544 842 multo
1597 776 2010 842 insolescant.
2112 776 2350 859 Itaque
2409 775 2608 841 sieuti

651 862 725 930 in
767 868 1129 928 recusanda
1190 863 1498 929 unctione
1554 862 1695 927 eius
1748 863 2183 929 constantiam
2228 860 2457 939 laudo,
2517 863 2609 926 ita

652 949 735 1015 de
792 948 962 1032 pileo
1018 959 1084 1015 et
1137 958 1317 1014 veste
1362 947 1535 1013 linea
1551 949 1605 1028 ⁶)
1666 947 2043 1015 maluissem
2106 956 2211 1020 (ut
2247 947 2364 1012 illa
2406 947 2605 1013 etiam

652 1055 788 1101 non
832 1035 1131 1117 probem)
1177 1056 1308 1099 non
1366 1053 1568 1116 usque
1621 1032 1782 1098 adeo
1836 1033 2052 1117 ipsum
2111 1052 2437 1118 pugnare:
2507 1033 2605 1098 id-

652 1141 778 1205 que
822 1141 1037 1203 nuper
1080 1117 1451 1186 suadebam.
1522 1118 1773 1185 Multos
1813 1131 1882 1185 et
1916 1127 2213 1202 potentes
2256 1119 2457 1185 habet
2492 1118 2605 1184 ad-

652 1207 1005 1272 versarios:
1036 1271 1043 1284 ,
1076 1225 1196 1272 nee
1252 1203 1477 1270 dubito
1524 1204 1685 1287 quin
1742 1206 1979 1270 aeriter
2035 1205 2117 1270 ad
2178 1226 2325 1270 eum
2384 1206 2605 1288 oppri-

651 1292 963 1357 mendum
1017 1292 1344 1358 insistant.
1444 1288 1580 1356 Sed
1633 1290 1993 1356 Dominum
2058 1290 2155 1355 illi
2224 1290 2605 1356 adfuturum

650 1399 858 1462 spero,
905 1389 974 1442 et
1016 1375 1274 1460 quidem
1322 1397 1397 1440 eo
1441 1377 1684 1460 magis,
1741 1375 1915 1460 quod
1961 1376 2225 1459 perfide,
2273 1386 2349 1440 ut
2390 1375 2602 1453 audie,

650 1462 954 1529 nonnulli
990 1484 1141 1528 eum
1178 1470 1580 1545 oppugnant,
1626 1462 1738 1546 qui
1775 1462 2015 1545 alioqui
2053 1461 2371 1528 simulant
2406 1482 2604 1526 evan-

647 1549 822 1634 gelio
864 1569 935 1614 se
977 1549 1218 1613 favere.

822 1633 1026 1700 Vobis
1083 1632 1512 1717 tranquillum
1581 1634 1890 1700 eeclesiae
1968 1643 2211 1698 statum
2288 1633 2602 1718 gratulor.

648 1718 781 1785 Hie
835 1729 994 1785 sunt
1048 1719 1509 1802 improbissimi
1568 1717 1957 1794 nebulones,
2016 1719 2127 1800 qui
2188 1741 2321 1784 non
2367 1740 2603 1802 parum

648 1803 985 1870 molestiae
1030 1816 1098 1868 et
1141 1805 1479 1871 turbarum
1528 1803 1712 1871 nobis
1742 1805 2104 1870 facessunt:
2131 1807 2184 1878 ⁷)
2229 1805 2466 1887 quibus
2503 1816 2601 1870 ta-

647 1911 799 1956 men
837 1891 1090 1956 exitum
1125 1912 1317 1974 quem
1356 1890 1570 1955 meriti
1608 1899 1768 1956 sunt
1802 1890 2050 1955 instare
2085 1889 2355 1955 confido,
2427 1889 2603 1956 Con-

648 1976 795 2042 silia
816 1975 1244 2060 Imperatoris
1280 1976 1520 2043 multos
1564 1977 1796 2042 anxios
1839 1974 2138 2054 reddunt.
2206 1974 2400 2057 Quod
2440 1996 2601 2040 non-

647 2060 871 2127 nullae
926 2063 1068 2128 eius
1138 2063 1363 2148 eopiae
1434 2084 1612 2129 nune
1670 2061 1874 2145 Alpes
1935 2061 2301 2139 traiieiunt‚
2369 2062 2603 2127 merito

646 2148 1079 2232 suspiciosum
1135 2162 1252 2214 est.
1357 2146 1434 2214 Si
1494 2147 1668 2213 hane
1722 2146 2058 2231 regionem
2113 2145 2411 2225 invadat,
2468 2168 2602 2212 non

648 2231 780 2299 alia
836 2253 951 2318 spe
1009 2254 1113 2298 me
1168 2233 1495 2308 consolor,
1557 2232 1684 2297 nisi
1747 2231 1920 2316 quod
1976 2254 2080 2298 me
2138 2231 2467 2297 Dominus
2519 2254 2604 2297 ex

646 2318 889 2386 misera
953 2319 1078 2386 hae
1143 2320 1282 2384 vita
1360 2318 1611 2401 eripiet.
1722 2316 1987 2383 Interea
2049 2339 2318 2404 gregem
2386 2339 2601 2396 suum,

645 2404 834 2473 euius
892 2426 995 2470 me
1057 2426 1216 2472 eura
1273 2404 1615 2489 praecipue
1673 2405 2034 2481 excruciat,
2093 2425 2223 2469 non
2294 2404 2600 2488 negliget.

646 2489 836 2568 Vale,
893 2491 1309 2557 ornatissime
1358 2492 1457 2555 vir
1499 2500 1564 2555 et
1606 2501 1967 2575 symmysta
2021 2489 2374 2572 plurimum
2439 2488 2604 2554 mihi

646 2575 1074 2654 observande,
1121 2598 1253 2642 una
1286 2596 1437 2643 eum
1476 2576 1806 2654 fratribus,
1851 2595 2015 2659 quos
2050 2584 2275 2640 nostro
2308 2577 2603 2640 omnium
2651 2625 2654 2636 .

645 2662 915 2729 nomine
972 2657 1323 2747 diligenter
1378 2660 1711 2727 salutabis.
1819 2660 2152 2726 Galla-sius
2208 2662 2407 2728 etiam
2466 2660 2600 2744 pri-

648 2746 855 2812 vatim
919 2756 985 2813 te
1039 2748 1302 2814 salutat.
1393 2747 1719 2813 Dominus
1786 2756 1850 2812 te
1906 2768 2133 2830 regere
2183 2755 2415 2830 pergat
2479 2765 2600 2811 suo

644 2832 880 2917 spiritu
898 2884 914 2911 ,
985 2855 1188 2900 manu
1250 2854 1370 2900 sua
1427 2845 1611 2916 prote
1695 2853 1769 2898 re
1793 2882 1808 2908 ,
1875 2852 1951 2898 ao
2004 2831 2386 2898 benedicere
2450 2844 2601 2897 tuos

644 2927 908 2985 sanctos
953 2918 1222 2986 labores.
1291 2925 1523 2984 Amen.
1681 2939 1945 2997 enevae,
1993 2926 2050 2983 4.
2099 2917 2257 2984 Idus
2299 2917 2597 2987 Martias.

1418 3232 1827 3243 —————--—-

1531 3467 1725 3538 14⁶4.

1102 3604 1635 3673 DRYANDER.
1679 3603 2115 3673 CALVINO.

820 3776 1102 3844 mitet·
1129 3777 1440 3845 Osiandri
1472 3797 1700 3845 novum
1733 3779 2043 3861 quendam
2077 3775 2354 3842 libellum
2384 3782 2599 3843 contra
2637 3815 2642 3822 ·

641 3881 828 3948 quem
868 3868 939 3929 ut
978 3864 1210 3930 scribat
1251 3863 1551 3932 hortatur.

959 4034 1071 4098 (Ex
1105 4036 1444 4105 autographo
1479 4035 1610 4090 Ood.
1649 4038 1853 4090 Genev.
1892 4034 2008 4102 112,
2045 4036 2135 4089 fol.
2174 4034 2287 4102 70.)

818 4203 1199 4272 Clarissimo
1240 4206 1387 4272 viro
1432 4206 1515 4271 D.
1563 4206 1799 4273 Ioanni
1843 4205 2128 4274 Calvino

2002 4292 2335 4360 Genevae.

817 4425 888 4495 S.
934 4427 1020 4495 D.
1109 4427 1186 4497 si
1242 4451 1359 4514 per
1406 4431 1862 4515 oeeupationes
1922 4450 2100 4496 meas
2152 4429 2382 4495 liceret
2435 4429 2597 4496 seri·

642 4513 865 4581 berem
910 4512 991 4579 ad
1038 4525 1103 4580 te
1120 4566 1137 4593 ,
1195 4537 1399 4600 quum
1442 4516 1606 4583 alias
1648 4516 1744 4581 fre
1788 4525 2040 4596 uenter,
2094 4524 2239 4582 tum
2282 4514 2483 4582 etiam
2525 4516 2596 4581 in

642 4597 770 4667 hoe
814 4609 1108 4684 tempore
1129 4601 1425 4685 pluribus
1450 4601 1671 4668 verbis
1699 4599 1764 4667 di
1796 4602 1810 4616 ’
1861 4613 2086 4669 enter:
2133 4601 2245 4668 sed
2271 4602 2422 4668 totis
2466 4602 2596 4667 iam

644 4698 790 4753 octo
831 4686 1166 4752 mensibus
1210 4687 1450 4754 affixus
1493 4709 1641 4755 sum
1683 4690 1959 4773 pistrino
2003 4688 2480 4768 molestissimo,
2526 4688 2594 4753 in

642 4793 771 4857 quo
814 4771 1099 4838 arbitror
1142 4772 1397 4840 nullum
1443 4775 1710 4841 Davum
1772 4775 2101 4841 laborasse
2146 4795 2438 4861 unquam
2484 4773 2596 4841 vel

848 4993 910 5063 ὅ)
1038 4996 1259 5052 vincula
1289 4998 1562 5052 eoadem
1594 5012 1661 5053 σε
1697 5004 1920 5053 senam
1953 4996 2162 5054 decreto
2185 4995 2340 5053 dm.
2364 4995 2599 5052 Ianuar.

943 5011 1006 5049 u·

640 5063 908 5121 δῶσι-ωε
938 5063 994 5118 d.
1030 5064 1118 5120 22.
1223 5070 1330 5120 m.

849 5131 913 5197 6)
937 5135 1137 5203 petalo,
1171 5134 1324 5190 birro
1357 5140 1409 5190 et
1442 5135 1753 5191 dalmatica.

822 5200 912 5284 u‘'1)
951 5201 1040 5257 De
1086 5203 1170 5259 bis
1225 5219 1261 5257 a
1301 5203 1378 5258 ud
1430 5209 1679 5259 senatum
1732 5211 2037 5274 queruntur
2105 5204 2352 5259 muri
2402 5201 2457 5257 d.
2515 5200 2597 5256 12.

647 5268 851 5396 Hosto:
887 5270 1045 5340 (Rea.
1078 5219 1384 5396 folvffab
1430 5271 1517 5328 De
1551 5275 1727 5329 turbis
1762 5272 2013 5329 Gen-evae
2062 5274 2163 5331 hoe
2206 5276 2328 5343 ipso
2364 5277 2601 5342 tenpore

2707 601 3043 669 molestius
3083 602 3187 668 vel
3229 601 3532 670 odiosius.
3637 602 3732 668 Et
3783 608 4007 668 tamen
4063 606 4295 668 nactus
4337 600 4662 667 numium

2709 688 2889 753 volui
2932 686 3015 753 ad
3057 697 3124 752 te
3167 687 3469 766 seribere,
3515 696 3592 754 ut
3632 697 3701 754 te
3750 687 4110 754 salutarem
4156 686 4558 753 amicissime
4595 694 4668 751 et

2706 776 3038 840 mitterem
3081 774 3308 840 literas
3362 795 3524 858 quas
3582 772 4026 858 superioribus
4084 771 4312 839 diebus
4356 774 4580 855 aooepi
4624 793 4696 838 a.

2707 860 3016 945 Philippo
3060 858 3525 926 Melanohthone
3552 865 3601 938 ι)
3664 881 3815 927 eum
3867 859 4088 928 libello
4139 857 4545 942 oriundo-ist)
4591 858 4664 922 in

2708 967 2837 1031 quo
2882 945 3129 1014 videbis
3170 946 3503 1014 hominem
3539 946 3947 1014 vehementis
3989 954 4058 1013 et
4096 945 4486 1014 eonfidentis
4528 944 4666 1028 spi·

2707 1034 2871 1098 ritus
2913 1052 3307 1117 pugnaeque
3350 1033 3620 1099 avidum
3678 1054 3810 1100 non
3863 1033 4054 1100 modo
4106 1032 4465 1115 depravare
4509 1029 4666 1098 doe·

2708 1118 2949 1183 trinam
2993 1117 3324 1198 eoelesiae,
3366 1117 3478 1184 sed
3522 1119 3720 1185 etiam
3758 1120 4002 1186 bellum
4034 1116 4322 1184 indieere
4356 1115 4666 1188 omnibus

2708 1205 2833 1287 piis
2891 1214 2957 1269 et
3014 1201 3220 1270 doetis
3276 1203 3650 1271 hominibus
3702 1207 3813 1289 qui
3873 1205 4037 1271 bene
4094 1204 4311 1274 meriti
4361 1214 4523 1270 sunt
4580 1201 4665 1268 de

2709 1287 3008 1356 doetrina
3049 1289 3402 1373 religionis.
3490 1287 3699 1374 Optat
3744 1290 4115 1373 Philippus,
4172 1290 4343 1357 siout
4383 1288 4702 1376 videbis„

2708 1375 3023 1441 exsistere
3067 1374 3348 1458 aliquem
3393 1379 3504 1459 qui
3546 1397 3682 1442 non
3717 1385 3977 1443 tantum
4011 1398 4161 1442 eum
4198 1383 4511 1460 ooarguat
4544 1397 4665 1441 va·
4705 1379 4712 1390 ’

2709 1460 2936 1527 nitatis
2955 1511 2971 1538 ,
3026 1457 3144 1526 sed
3200 1462 3399 1526 etiam
3454 1476 3592 1526 tam
3648 1462 4081 1530 eonfidentem
4127 1462 4413 1529 hominis
4456 1461 4664 1528 auda-

2707 1548 2876 1612 eiam
2909 1544 3237 1611 retundat.
3302 1547 3398 1612 Et
3435 1549 3741 1631 quoniam
3775 1548 4022 1634 ingenii
4061 1549 4157 1613 tui
4194 1548 4660 1614 dexteritatem

2707 1640 2774 1698 et
2815 1631 3176 1699 doetrinam
3237 1635 3423 1697 novit
3444 1684 3458 1709 ‚
3515 1643 3580 1697 te
3635 1636 3939 1719 inprimis
3994 1634 4289 1701 nominat
4331 1633 4416 1699 ad
4458 1655 4662 1718 quem

2707 1740 2841 1784 non
2885 1718 3107 1783 minus
3166 1738 3357 1799 quam
3420 1718 3504 1784 ad
3559 1721 3779 1805 ipsum
3832 1742 3938 1788 res
3994 1721 4255 1786 videtur
4307 1722 4658 1803 pertinere.

2706 1803 3029 1885 Quamvis
3094 1824 3293 1870 eausa
3358 1806 3583 1889 magni
3645 1807 3995 1883 momenti,
4075 1808 4246 1872 sieut
4308 1805 4470 1873 haee
4533 1816 4657 1886 est,

2706 1911 2906 1972 quum
2951 1889 3279 1972 publicam
3315 1891 3621 1958 eeclesiae
3655 1892 4020 1960 doctrinam
4055 1893 4357 1977 attingat,
4402 1891 4488 1958 ad
4522 1894 4660 1959 sin-

2705 1975 2896 2059 gulos
2947 1975 3146 2041 etiam
3204 1975 3536 2061 religionis
3593 1989 3902 2045 amantes·
3940 1979 4269 2062 pertinere
4328 1977 4662 2046 videatur:
4765 1975 4768 1982 ⁴

2705 2061 2869 2127 Peto
2913 2061 3116 2144 igitur
3157 2061 3274 2127 abs
3318 2072 3383 2127 te
3436 2072 3512 2127 ut
3553 2084 3692 2152 rem
3738 2063 4085 2149 diligenter
4126 2063 4532 2140 consideres,
4591 2073 4663 2131 et

2704 2146 2774 2211 in
2817 2148 3144 2213 eommuni
3190 2148 3503 2214 ecelesiae
3545 2170 3739 2215 eausa
3797 2159 4057 2216 tantum
4109 2151 4324 2234 operis
4366 2165 4435 2216 et
4475 2149 4661 2216 labo-

2705 2233 2802 2384 335.
2837 2242 3440 2403 fflffltfflzffffi.
3461 2236 3842 2405 mm
3883 2244 4037 2388 3220-
4083 2235 4663 2389 3⁰⁰3&ssss

2707 2404 2805 2470 bis
2865 2404 2945 2470 de
3000 2413 3114 2470 tuo
3168 2405 3408 2472 iudicio
3461 2416 3529 2471 et
3584 2371 3945 2473 volun-tate.
4032 2341 4218 2474 1130ζέ
4271 2407 4435 2474 vale.
4525 2411 4659 2474 Ar-

2704 2490 3013 2575 gentinae
3067 2493 3159 2553 12.
3204 2491 3432 2557 Martii
3486 2497 3664 2557 1551.

3761 2630 3942 2696 Tuus
3985 2630 4060 2696 F.
4109 2628 4482 2715 Dryander.

2874 2796 3138 2863 Salutat
3215 2807 3280 2880 te
3360 2821 3506 2865 mea
3582 2798 3899 2866 familiola
3974 2811 4041 2866 et

2705 2894 2928 2951 nostro
2965 2887 3229 2951 nomine
3265 2884 3581 2952 salutabis
3615 2907 3844 2953 omnes
3877 2885 4037 2954 fide-

2702 2970 2798 3036 les
2841 2971 3090 3037 fratres.

3475 3201 3596 3206 ..—-—.
3751 3201 3878 3208 ..Q

3581 3434 3774 3505 14⁶5.

3089 3587 3578 3658 MYGONIUS
3623 3589 4256 3659 BULLINGERO.

2837 3757 3095 3828 ‘Morbo
3134 3763 3660 3847 vexatummayis
3701 3764 3890 3829 etiam
3930 3759 4472 3830 vexatGomensio
4515 3764 4654 3845 ipso

2698 3848 2960 3934 neglecto
2998 3848 3186 3929 sada.
4267 3877 4284 3894 .

2696 4020 3068 4142 (Ειωφζῗίῗι
3095 4024 3424 4159 Ἑρέαῗεη
3464 4017 3613 4140 11ἓοῐΑ
3621 4017 3787 4140 ,ἐξῇ
3826 4018 4365 4142 Τιὲῗέιοῐοξιῃὲοῖῐῆί
4376 4017 4495 4154 3⁰¹⁸
4540 4018 4652 4086 1⁵5⁹

2701 4275 2786 4340 D.
2833 4276 3147 4342 Heinrieo
3189 4275 3575 4359 Bullingero
3634 4273 4008 4342 doctissimo
4063 4276 4132 4341 in
4177 4274 4464 4343 Domino
4512 4298 4655 4346 suo.

2872 4411 2943 4479 S.
3033 4412 3274 4479 Vivam
3354 4410 3696 4496 epistolam
3776 4414 4056 4479 remitto.
4165 4412 4372 4478 Plura
4435 4412 4655 4481 dieere

2700 4518 2897 4581 quam
2940 4518 3061 4584 ego
3103 4498 3387 4565 seribere
3430 4497 3698 4563 valebit:
3746 4495 3907 4565 adeo
3950 4508 4105 4563 sunt
4146 4519 4384 4565 manus
4418 4499 4654 4580 lassae,

2698 4790 2884 4845 1404.
2917 4790 2970 4857 1)
3016 4787 3171 4843 Tales
3207 4802 3316 4842 non
3349 4795 3565 4843 exstant
3597 4791 3659 4843 in
3696 4786 4095 4869 eorporessef.

2905 4857 2940 4911 2
3127 4871 3185 4911 es
3230 4862 3446 4912 amnt
3493 4857 3562 4912 de
3691 4860 3701 4870 ‘

2700 4857 3146 4996 eonpagffi.
3209 4925 3332 4979 Nos
3364 4929 3595 4981 maxim
3617 4995 3630 5007 ·
3711 4926 3722 4939 ”
3825 4925 4247 5006 ‘raeco-munos
4278 4927 4657 4995 respiciendo·

2698 5009 2959 5146 alten-ag:-
2968 4994 3361 5144 Ἰαζῦξῆῳῢίζηθ
3381 4995 3660 5145 Ιιοδῖθῗω
3691 4994 4468 5146 .tffit;?¹1¹g·50.dge⁸;izc)gmlbgg
4483 5094 4550 5106 -

2698 5134 2843 5188 filius
2863 5133 2959 5186 Dei
2979 5132 3145 5186 fluent
3160 5132 3518 5186 incarnandus
3552 5149 3598 5185 ιι
3621 5136 3899 5201 peecatum
3917 5147 4026 5186 non
4049 5136 4388 5187 mtroznuet
4410 5151 4469 5188 m
4494 5153 4653 5191 mnn-

2700 5203 2829 5257 dum
2865 5209 2962 5256 ete.
3019 5201 3317 5269 Montes-eg.
3354 5197 3510 5255 1550.
3544 5198 3626 5255 18.
3663 5199 3789 5253 Deo.
3848 5198 4136 5256 Formam
4168 5201 4274 5257 hue
4303 5202 4655 5268 rdmndtm

2705 5269 2929 5326 calvini
2971 5276 3162 5326 eontra
3205 5269 3541 5323 Gaianarum
3583 5267 3923 5324 schediasma
3967 5269 4114 5339 quod
4161 5271 4427 5326 morum
4469 5273 4658 5345 leam-⁶

2708 5337 2872 5395 Temo
2912 5338 2986 5393 X.
3027 5337 3167 5410 Opp.
3211 5339 3364 5393 Part.
3402 5336 3452 5391 1.
3484 5353 3541 5406 p.
3586 5334 3697 5391 165.
