4900 6167
226 426 320 489 525
1970 423 2129 483 1553

221 611 366 677 tenui
458 609 675 676 ietatis
727 616 917 694 gutta
970 628 1312 694 aspersum
1328 658 1344 689 ‚
1401 606 1526 675 sibi
1583 615 1981 692 temperasse
2038 606 2121 673 ab

219 719 279 763 ea
310 717 387 779 pu
470 716 512 760 a
551 714 748 780 quam
790 696 973 779 prius
1015 713 1293 761 uxorem
1337 693 1634 760 duxerat.

352 780 669 848 Ultimum
704 801 780 847 ca
824 791 902 847 ut
933 788 1080 846 erat
1112 779 1194 846 de
1229 779 1518 847 disceoeu
1552 798 1786 863 parum
1823 778 2119 844 honesto.

216 866 301 933 Ad
335 867 485 933 haec
527 803 867 951 responcllt
922 865 1156 934 Vitatis
1171 917 1188 946 ,
1245 887 1317 933 se
1372 887 1572 951 quum
1627 864 1826 963 prior·
1864 875 2121 930 creatus

215 954 353 1018 toret
388 951 760 1038 amplexum
803 952 1008 1019 fuisse
1052 952 1174 1019 hoc
1226 972 1471 1018 munus
1523 961 1602 1017 ut
1642 949 1906 1016 liberior
1947 958 2122 1015 esset

213 1038 278 1103 ad
310 1039 760 1105 monachatum
783 1044 833 1117 ¹)
887 1083 2118 1105 ....................

215 1172 1374 1191 ....................
1413 1123 1683 1190 scivisse
1738 1121 1916 1186 aliud
1962 1131 2120 1187 tunc

213 1261 224 1273 .
258 1261 269 1274 .
306 1260 320 1275 .
361 1260 374 1275 .
410 1261 424 1275 .
467 1261 480 1273 .
532 1260 543 1270 .
588 1217 941 1294 antequam
973 1210 1307 1295 migraret,
1344 1208 1653 1293 praedam
1687 1206 2122 1292 quadraginta

209 1295 1238 1449 ffi'ssfflpoeaemmffioffid
1241 1317 1359 1466 {¹1¹3
1405 1294 1978 1465 ‘mma
2011 1291 2120 1358 ¹¹¹‘'

208 1478 749 1621 fflmoessssssss..
762 1466 1977 1636 ¹232332m3313⁶3010N9500⁸33ffi
2008 1483 2120 1615 ⁰32

207 1646 314 1704 tota
349 1659 542 1706 causa
581 1660 719 1707 non
763 1639 1080 1706 audemus
1135 1640 1584 1723 pronunciare.
1672 1639 1969 1720 Apparet
2010 1657 2120 1702 ve-

206 1735 345 1791 teres
380 1724 698 1809 quasdam
739 1725 945 1791 fuisse
987 1727 1165 1790 inter
1197 1745 1307 1791 eos
1341 1726 1518 1790 rixas
1552 1745 1636 1790 ex
1681 1722 2120 1789 aemulatione

204 1820 395 1876 mutua
434 1821 505 1878 et
667 1811 812 1878 ulsa
855 1811 1144 1877 alterius.
1233 1808 1624 1876 Timendum
1678 1817 1781 1875 est
1835 1829 1920 1874 ne
1962 1806 2121 1892 quid

203 1897 520 1964 simultatis
547 1831 789 1964 'affluo
845 1898 918 1963 in
974 1898 1213 1963 animis
1255 1895 1570 1975 resideat,
1632 1903 1703 1960 et
1742 1902 1966 1960 tamen
2009 1916 2119 1960 su-

201 1983 396 2066 spicari
418 2005 551 2049 non
587 1984 743 2051 licet
769 1981 947 2049 unde
965 2002 1142 2050 nova
1173 1992 1241 2049 et
1275 1991 1413 2048 tam
1434 1983 1654 2048 subita
1674 1980 1887 2047 Fabro
1920 1980 2119 2046 offen·

201 2070 290 2148 sio,
328 2076 401 2134 ut
441 2090 597 2136 eum
629 2071 920 2156 maligne
952 2078 1020 2135 et
1059 2067 1389 2135 hostiliter
1419 2067 1796 2136 testimonio
1831 2088 1949 2133 sno
1981 2064 2117 2131 lae-

203 2154 380 2235 deret,
445 2175 644 2240 quem
701 2156 891 2221 initio
947 2155 1116 2222 forte
1158 2155 1354 2221 nimis
1396 2153 1755 2220 liberaliter
1791 2170 2119 2218 commen-

201 2239 350 2306 davit
402 2251 471 2307 et
525 2242 760 2308 iuvare
825 2250 1099 2307 conatus
1151 2252 1267 2308 est.
1383 2240 1650 2321 Valete,
1709 2237 2118 2323 integerrimi

199 2325 398 2393 frstroe
437 2328 757 2412 nobisque
800 2325 1210 2393 observandi.
1277 2326 1611 2392 Dominus
1643 2323 1827 2392 vobis
1861 2342 2119 2407 semper

199 2411 336 2478 adsit
376 2433 450 2481 ac
495 2414 737 2498 spiritu
782 2432 901 2480 suc
941 2411 1261 2498 gubernet
1302 2419 1725 2495 vestramque
1779 2409 2118 2477 ecclesiam

199 2505 443 2566 tucatur.
536 2499 850 2567 Genevae
894 2505 951 2564 4.
997 2497 1247 2565 calend.
1289 2497 1455 2564 Maii
1505 2500 1684 2562 1553.

1089 2617 1373 2685 Ioannes
1419 2617 1755 2686 Calvinus.

1091 2703 1341 2771 Abelus
1382 2704 1530 2771 Pou
1577 2705 1712 2787 pin.

1093 2788 1402 2857 Nicolaus
1605 2792 1799 2855 asius.

1090 2875 1379 2943 Michael
1423 2875 1668 2960 Oopus.

1085 2960 1497 3028 Raimondus
1540 2959 1872 3028 Oalvetus.

1094 3046 1376 3113 Ioannes
1420 3068 1458 3112 a
1501 3044 1747 3113 Sancto
1793 3043 2072 3112 Andrea.

1093 3133 1490 3200 Franciscus
1531 3133 1967 3218 Borgoignus.

1089 3219 1368 3285 Ioannes
1410 3217 1778 3284 Macardus.

943 3515 1350 3522 -—-——-—----..-—-...

1054 3732 1239 3802 1733.

591 3869 1222 3941 PERREAUDUS
1268 3868 1704 3937 GALVINO.

228 4128 238 4140 ·
347 4046 506 4198 Agit
547 4046 625 4112 de
665 4047 898 4131 neqott'o
942 4043 1251 4109 Matthaei
1292 4042 1638 4119 cuiusdam,
1682 4042 1830 4106 item
1869 4040 2126 4107 deth‘-

196 4127 365 4295 m
507 4129 826 4213 Ecclesia,
882 4129 1131 4197 sesami
1174 4127 1485 4195 B'emensi
1528 4128 1615 4194 ad
1655 4127 1869 4193 vivum
1911 4126 2125 4210 depin-

481 4371 594 4438 (Ex
631 4370 968 4442 autographo
1003 4369 1130 4424 Coa.
1166 4370 1369 4424 Gener.
1411 4367 1532 4435 109,
1569 4367 1662 4425 fol.
1695 4365 1809 4435 59.)

345 4527 411 4592 A
465 4525 660 4593 fidele
726 4533 995 4610 pasteur
1060 4545 1139 4591 en
1216 4523 1444 4609 leglise
1498 4522 1578 4588 de
1631 4524 1804 4589 Dieu
1859 4523 2129 4589 maistre

202 4605 336 4675 Iean
379 4611 622 4678 Calvin

1516 4717 1556 4760 a
1599 4696 1886 4762 Geneve.

591 4833 891 4900 Salutem
935 4853 1054 4918 per
1094 4832 1436 4899 Christum
1479 4831 1720 4898 Iesum.

208 5034 219 5047 .
349 4953 650 5020 Pessime
694 4953 1011 5021 successit
1047 4952 1380 5037 negotium
1429 4949 1743 5018 Matthaei
1784 4949 1957 5036 quod
1996 4970 2130 5016 non

205 5056 462 5120 ignoras.
489 5042 537 5115 1)
627 5039 808 5146 'Heri
865 5039 1190 5123 pollicitus
1242 5056 1423 5103 eram
1477 5056 1582 5102 me
1642 5044 1992 5104 venturum
2047 5036 2131 5106 ad

207 5159 266 5166 -—

206 5207 358 5266 1782.
384 5213 445 5277 1)
488 5210 811 5280 Super-iores
845 5223 1035 5265 versus
1065 5207 1195 5275 folio·
1227 5208 1374 5263 wei
1406 5207 1593 5263 itidem
1627 5210 1876 5263 absciad.

204 5277 1743 5410 }ffl.3n§sffimorms,quaumsiansupm
1786 5277 2133 5333 cimmevm'o

2173 419 2367 486 MAI.
4048 426 4175 488 526

2221 614 2308 683 te,
2352 606 2469 673 sed
2512 627 2646 674 non
2678 608 2981 692 permisit
3012 608 3279 675 morbus
3312 609 3427 693 qui
3468 628 3595 688 me,
3640 609 3720 676 ab
3765 631 3840 676 eo
3883 621 4176 695 tompore

2222 713 2348 776 quo
2391 694 2609 777 accepi
2655 693 2788 760 tale
2831 694 3146 760 nuncium
3190 693 3490 760 detinuit.
3578 693 3762 762 Haec
3797 706 3938 762 erat
3980 717 4176 764 causa

2223 779 2352 844 mei
2407 777 2765 845 adventus:
2822 780 3137 846 sciscitari
3194 801 3233 845 a
3286 788 3353 844 te
3412 801 3501 846 an
3552 780 3688 845 sint
3729 782 4045 866 quaedam
4090 803 4177 848 ex

2222 865 2303 930 iis
2346 884 2512 947 quae
2555 865 2740 932 nobis
2784 862 3074 946 dedistis,
3128 886 3297 949 quae
3338 877 3516 932 certo
3567 867 3826 949 probari
3881 879 4171 951 possunt.

2222 949 2422 1015 Mitto
2465 949 2546 1016 ad
2591 961 2657 1015 te
2700 951 3099 1036 catalogum:
3160 953 3473 1018 rescribes
3529 952 3699 1034 quod
3754 953 3874 1018 tibi
3917 953 4173 1020 videbi-

2221 1047 2350 1101 tur.
2440 1036 2579 1101 Res
2623 1054 2778 1102 sunt
2822 1037 2890 1102 in
2934 1038 3216 1120 pessimo
3274 1047 3480 1103 statu:
3544 1049 3865 1116 attamen,
3928 1040 3985 1104 si
4028 1040 4174 1105 fieri

2220 1123 2444 1275 assit,
2489 1121 2864 1189 curabimus
2922 1135 2999 1188 ut
3056 1122 3385 1207 intelligat
3426 1135 3697 1190 senatus
3741 1127 4040 1207 quisnam
4084 1126 4175 1191 sit

2380 1207 2685 1275 Ecclesia.
2704 1211 2761 1285 2)
2860 1208 3113 1275 Vereor
3181 1210 3361 1274 euim
3414 1231 3499 1275 ne
3557 1219 3829 1293 uterque
3894 1212 4173 1276 fratrum

2221 1296 2332 1378 qui
2389 1295 2612 1360 ierunt
2652 1294 2943 1360 Bernam
3002 1294 3162 1361 adeo
3222 1294 3523 1361 habuerit
3586 1297 3923 1379 privatum
3977 1318 4173 1362 suum

2222 1381 2558 1465 negotium
2602 1381 3126 1446 commendatum
3187 1391 3261 1445 ut
3319 1381 3861 1464 parvipenderint
3901 1382 4171 1464 potiora.

2222 1464 2456 1534 Scribe
2499 1464 2583 1532 ad
2624 1486 2728 1532 me
2763 1465 2917 1549 quid
2962 1467 3081 1531 tibi
3125 1464 3424 1532 videatur
3468 1465 3547 1531 de
3590 1466 3713 1533 hoc
3758 1469 4049 1552 negotio,
4108 1477 4174 1533 et

2265 1572 2350 1617 ua
2397 1553 2508 1621 via
2564 1550 3070 1635 procedendum.
3185 1550 3512 1618 Dominus
3574 1554 3838 1637 frangat
3890 1555 4174 1637 impetus

2278 1646 2529 1714 atanae,
2573 1637 2903 1703 Dominus
2958 1635 3069 1702 det
3131 1639 3269 1702 suis
3328 1638 3635 1722 spiritum
3686 1639 4048 1724 sapientiae
4106 1647 4177 1705 et

2220 1722 2648 1790 fortitudinis.
2738 1722 2905 1789 Vale
2949 1724 3019 1788 in
3063 1720 3353 1789 Domino
3414 1722 3525 1789 diu
3580 1725 3766 1791 nobis
3808 1725 4170 1791 incolumis.

2223 1807 2482 1876 Oroseti
2503 1812 2555 1886 ⁸)
2601 1812 2659 1874 3.
2704 1807 2861 1875 maii
2910 1812 3095 1873 1553.

3148 1946 3330 2011 Tuus
3373 1947 3615 2012 Petrus
3658 1945 4091 2013 Perreaudus.
4114 1949 4173 2022 ⁴)

3104 2456 3290 2528 1784.

2169 2591 2175 2660 ἰ
2647 2612 3158 2680 asomum
3183 2618 3233 2690 1)
3281 2615 3339 2677 A
3384 2611 3751 2677 LEmER.

2169 2739 2175 2858 l
2396 2786 2505 2852 En
2546 2806 2662 2851 vue
2717 2785 2795 2852 de
2850 2805 2927 2851 sa
2970 2782 3311 2868 prochaine
3358 2785 3450 2866 fin
3507 2783 3558 2848 il
3606 2783 3699 2848 lui
3751 2782 4177 2848 recommande

2170 2865 2176 2934 Ξ
2222 2892 2323 2938 see
2353 2873 2642 2955 papiers,
2686 2876 3055 2937 notanment
3096 2870 3159 2935 la
3199 2868 3558 2952 confession.

2169 2959 2177 3110 l
2251 3041 2601 3165 Autcgrffhe
2635 3043 2704 3095 de
2739 3043 2793 3122 la
2826 3040 3196 3123 bibliotheque
3250 3040 3318 3094 de
3368 3041 3420 3093 la
3456 3041 3583 3094 ville
3630 3040 3698 3093 de
3736 3039 3789 3092 S.
3830 3039 3985 3093 Galle
4022 3039 4174 3093 MSS.

2169 3137 2176 3224 ἕ
2227 3127 2522 3234 ᾼῗιωιῖὀιιιο
2555 3111 3003 3249 ἶὲἷιᾞῖωῑιΒγώὲ
3032 3109 3717 3261 ἕρῖἓιῖῗιῖξωΕἷίιζςιΞῑὲιῗθ
3727 3108 4019 3247 ᾱῖῑὲίὸξῖιὲ
4053 3107 4178 3230 «2,ὲὲ

2171 3273 2177 3352 ἱ
2227 3257 2457 3303 ⁶⁶¹¹¹⁸¹¹t
2491 3251 2570 3301 ¹⁹⁸
2604 3254 2783 3371 ‘⁰5:553
2788 3249 2932 3385 ''3122''
2934 3264 3355 3385 ῗὲιῖἳὲιᾈὲῖἓέῗι
3389 3246 3785 3379 {vastam
3790 3253 3815 3298 ⁶
3850 3263 3946 3315 ¹³⁸⁸
3981 3246 4048 3298 ‘³⁰
4087 3245 4178 3299 ‘¹⁰'

2325 3491 2386 3554 A
2433 3509 2586 3555 mon
2632 3489 3064 3555 treshonnore
3108 3489 3415 3572 seigneur
3453 3487 3605 3553 Sire
3648 3486 3810 3552 Iean
3854 3486 4077 3551 Liner.

2173 3587 2179 3714 ξ
2228 3643 2442 3709 Gracc
2488 3652 2552 3707 et
2597 3645 2747 3726 paix
2792 3663 2912 3727 par
2945 3642 3134 3707 Iesus
3170 3642 3399 3707 Christ
3443 3651 3628 3706 notre
3672 3642 3980 3724 seigneur
4013 3660 4180 3705 vous

2388 3731 2513 3794 soit
2555 3727 2916 3812 multiplice
2950 3728 3462 3793 eternellement.
3554 3726 3745 3792 Ainsi
3791 3727 3917 3792 soit
3960 3725 4023 3789 il.

2398 3864 2856 3931 Treshonnore
2921 3865 3261 3951 seigneur,
3339 3886 3527 3947 apros
3605 3869 3870 3928 m’estre
3931 3884 4182 3929 recom-

2228 3950 2469 4018 mande
2511 3973 2552 4016 a
2595 3959 2818 4017 vostre
2873 3951 3088 4017 bonne
3131 3970 3324 4036 grace
3341 4001 3359 4031 ‚
3416 3949 3535 4033 lay
3592 3948 3882 4014 entendu
3941 3970 4063 4033 par
4118 3948 4183 4013 le
4251 4001 4258 4011 .

2228 4038 2358 4105 sire
2401 4036 2652 4104 Arthus
2693 4057 2820 4121 que
2862 4058 3029 4103 vous
3083 4057 3237 4102 avez
3292 4036 3491 4101 retire
3548 4056 3671 4100 noz
3713 4035 3914 4100 livres
3960 4045 4024 4100 et
4066 4056 4183 4119 pa-

2225 4125 2372 4208 piez
2416 4143 2503 4189 en
2546 4133 2766 4189 vostre
2809 4122 2993 4207 logis.
3060 4120 3161 4188 Or
3193 4134 3379 4187 entre
3421 4117 3651 4186 lesditz
3684 4121 3911 4204 papiez
3947 4121 4181 4186 escritz

2228 4230 2339 4275 ma
2379 4209 2750 4277 confession
2768 4208 2824 4294 ²)
2861 4219 2929 4274 et
2970 4228 3314 4292 responses
3346 4230 3390 4292 y
3426 4215 3576 4273 sont
3610 4207 3877 4272 escrites
3912 4205 3994 4272 de
4029 4205 4183 4271 telle

2229 4315 2480 4362 mesme
2537 4295 2700 4360 letre
2757 4315 2886 4378 que
2928 4303 3101 4360 ceste
3144 4300 3466 4379 presante,
3526 4291 3870 4377 lesquelles
3913 4293 4023 4377 iay
4065 4293 4183 4358 fai-

2230 4387 2329 4448 tes
2373 4391 2521 4446 tant
2562 4402 2728 4465 pour
2769 4381 2834 4445 la
2876 4378 3276 4448 consolation
3336 4389 3403 4446 et
3445 4378 3849 4464 ,instruction
3905 4377 3988 4443 de
4046 4397 4185 4443 mes

2435 4654 2500 4720 2)
2540 4654 2607 4710 1⁸
2651 4653 2708 4709 d.
2755 4654 2805 4707 9.
2858 4653 3066 4708 Martii
3106 4670 3144 4708 a
3192 4659 3387 4708 senatu
3431 4666 3652 4708 munere
3698 4651 3998 4712 abdicans,
4045 4651 4187 4719 ipsis

2233 4725 2502 4780 ministris
2533 4723 2927 4793 nuptiantibus,
2959 4722 3173 4777 videtur
3206 4738 3243 4776 a
3263 4722 3602 4777 Ber-natibus
3635 4725 3697 4774 in
3730 4721 3951 4777 classem
3983 4718 4184 4774 Gaien-

2234 4808 2339 4849 cem
2373 4799 2620 4875 receptaq
2652 4793 2840 4859 titisse,
2872 4791 2956 4873 pel
2990 4792 3177 4846 saltem
3210 4791 3316 4847 tale
3347 4789 3405 4845 al
3418 4790 3430 4804 ’
3514 4791 3526 4802 “
3563 4790 3928 4872 sollicitasse.

2356 4932 2367 4944 .
2439 4860 2520 4946 3),
2553 4863 2710 4917 Vocas
2744 4868 2920 4956 est-m
2948 4862 3299 4930 praefectura
3338 4857 3571 4914 Gazam
3606 4859 3905 4929 (Bat'lltaye
3939 4857 4007 4910 de
4045 4855 4184 4923 Ger)

2232 4931 2393 4986 hod„
2425 4930 2777 5064 gepamde
2729 4930 3009 5054 ‘Amffi
3042 4998 3293 5053 mittor
3322 4996 3515 5063 fuisse.
3803 5065 3812 5076 ·

2233 5067 2909 5206 (Ιίἵὸἷᾶὲὲαξπθεῗάέωπα
2944 5066 3225 5217 ὰσῖῃῗηᾞ
3250 5064 3740 5203 Ῑιοιιιῐῖιοιῆἑφθοὲξίεῐ
3759 5079 3883 5185 aaa?
3903 5133 4099 5200 auquel
4136 5132 4187 5185 le

2237 5207 2500 5276 Seigucur
2533 5206 2713 5260 donna
2747 5205 2955 5288 bouche
2990 5222 3044 5286 m
3210 5221 3316 5273 que
3352 5203 3637 5286 (Kartg-trs
3667 5203 3763 5270 fol.
3797 5199 3945 5267 221).

2238 5360 2368 5400 ww
2398 5273 2675 5413 ΡΜ
2707 5281 2791 5397 εί
2807 5289 3002 5398 ,ἔαρι-ο,
2925 5288 3118 5397 “gae
3154 5272 3300 5328 dano
3333 5272 3617 5328 l'Htstotre
3650 5272 3746 5326 des
3785 5270 4039 5340 Mar-tyrs
4073 5270 4108 5326 1.
4141 5286 4186 5326 c.

3927 5060 4187 5117 έειιᾱέαπε
