4900 6167
579 490 619 550 7
2089 480 2616 550 EPIS‘POLAE
2666 485 3083 548 1429—1432
4539 487 4579 550 8

574 693 825 759 poenae
838 674 898 751 ²)
944 670 1372 742 accersendas
1415 693 1611 740 causa
1646 673 1820 739 ultro
1865 678 1933 737 et
1965 669 2116 737 data
2152 691 2530 756 0118181180-

574 756 772 825 cent?
861 758 1007 844 Ego
1051 779 1225 837 vero,
1270 759 1648 842 priusquam
1687 758 2002 824 afferatur
2043 756 2346 837 edictum,
2391 777 2531 822 om-

578 846 736 911 nino
776 844 1069 911 Bernam
1090 845 1147 927 ⁸)
1203 843 1493 909 eundum
1554 864 1803 911 censeo.
1892 842 1968 909 Si
2010 843 2382 926 praefectus
2425 863 2532 908 ac-

577 937 765 1014 cepto
824 929 1132 996 mandato
1178 950 1294 996 vos
1347 928 1428 995 ad
1473 928 1979 1014 publicationem
2040 940 2268 1014 urgeat
2284 979 2299 1005 ,
2346 928 2531 993 Iaco-

577 1016 767 1099 bus⁴)
814 1026 878 1081 te
922 1014 1190 1082 absente
1232 1014 1491 1099 rogabit
1533 1027 1606 1080 ut
1648 1016 1716 1080 in
1760 1023 1949 1079 tuum
2000 1034 2203 1097 usque
2245 1012 2529 1080 reditum

581 1101 859 1167 differat.
948 1101 1119 1166 Nam
1164 1100 1221 1166 si
1265 1113 1330 1165 te
1373 1100 1529 1167 illuc
1573 1100 1959 1178 contuleris,
2029 1101 2333 1183 privatim
2379 1120 2528 1165 cum

577 1187 807 1256 amicis
883 1186 1307 1270 colloquendo
1383 1186 1577 1271 longe
1652 1186 1801 1269 plus
1872 1186 1961 1251 im
2046 1183 2252 1251 trabis
2329 1204 2527 1268 quam

577 1272 634 1338 si
693 1271 915 1338 decem
980 1272 1340 1357 legationes
1405 1273 1843 1360 mitterentur.
2012 1290 2341 1354 nanquam
2398 1270 2527 1335 nisi

574 1358 821 1424 sanctis
884 1357 1429 1424 obtestationibus
1498 1364 1763 1423 strenue
1827 1355 2216 1434 contendas,
2293 1376 2525 1438 parum

575 1444 597 1507 i
644 1465 714 1509 se
759 1443 1075 1527 proficies.
1162 1443 1428 1509 Interea
1485 1442 1607 1509 hoc
1660 1441 1778 1509 tibi
1822 1443 2169 1508 artificium
2213 1440 2526 1507 adhiben-

619 1550 732 1594 um
791 1530 945 1607 erit,
1008 1538 1085 1593 ut
1136 1528 1410 1595 liberum
1472 1529 1630 1613 ipsis
1692 1529 2145 1612 intactumque
2198 1527 2526 1610 relinquas

575 1612 748 1696 quod
793 1615 860 1679 in
896 1613 1058 1679 urbe
1092 1612 1401 1698 expedire
1435 1615 1757 1693 noverint,
1803 1623 2058 1679 tantum
2101 1613 2173 1678 in
2208 1612 2332 1678 bac
2372 1631 2525 1696 pro·

576 1700 791 1766 vincia
807 1701 864 1782 5)
910 1699 1317 1765 demonstres
1352 1719 1482 1765 non
1519 1720 1707 1785 posse
1750 1700 1908 1764 fieri.
1976 1701 2122 1783 Ego
2167 1700 2340 1763 enim
2377 1719 2524 1781 spe·

572 1804 648 1850 ro
691 1787 829 1851 fore
873 1794 949 1851 ut
990 1804 1103 1850 eos
1147 1785 1327 1851 brevi
1373 1806 1529 1851 suae
1573 1785 1860 1851 levitatis
1893 1785 2239 1868 poeniteat.
2328 1783 2391 1848 N
2395 1805 2524 1850 unc

568 1868 744 1955 ‘quod
812 1869 945 1937 illis
1008 1870 1484 1937 inconsiderate
1548 1871 1790 1936 excidit
1852 1870 1925 1935 in
1989 1871 2201 1953 primo
2267 1869 2524 1935 fervore

574 1956 744 2021 tueri
812 1956 1050 2023 volent.
1158 1955 1340 2023 Cave
1407 1957 1612 2041 igitur
1690 1978 1773 2021 ne
1851 1956 2027 2021 ultra
2103 1954 2522 2040 progrediare

570 2062 766 2193 (1υᾶ111
813 2051 888 2107 111
929 2041 1314 2126 particulam
1373 2041 1553 2108 illam
1619 2043 1688 2107 in
1745 2040 1997 2127 gallicis
2056 2040 2285 2108 edictis
2339 2039 2521 2107 eradi

570 2127 639 2192 iu
725 2137 856 2193 ant.

744 2214 845 2279 De
879 2213 1065 2279 festis
1104 2212 1334 2278 diebus
1367 2211 1474 2280 hic
1510 2213 1836 2298 abrogatis
1873 2234 2005 2277 non
2029 2213 2246 2278 subito
2268 2213 2321 2295 ⁰)
2359 2211 2518 2294 quin

569 2297 770 2365 odiosi
816 2320 1147 2365 sermones
1210 2298 1347 2365 illic
1389 2299 1723 2366 iactentur.
1813 2298 1976 2363 Dixi
2019 2297 2231 2363 Besae
2272 2307 2517 2375 nostro,

569 2405 774 2469 quum
817 2407 905 2449 nu
955 2406 1028 2450 er
1071 2406 1192 2451 nos
1234 2384 1479 2461 invisit,
1524 2405 1630 2449 me
1674 2385 1874 2450 inscio
1917 2392 1985 2448 et
2025 2382 2192 2449 nihil
2238 2382 2369 2448 tale
2411 2403 2523 2465 op-

572 2480 752 2535 tante
806 2471 911 2554 ple
959 2471 1218 2536 iscitum
1279 2470 1479 2536 fuisse
1522 2470 1783 2537 factum.
1876 2468 2049 2551 Quia
2093 2478 2310 2533 tamen
2355 2468 2517 2533 effu·

570 2576 724 2640 gere
770 2576 1020 2640 nequeo
1065 2558 1224 2640 quin
1280 2565 1471 2620 autor
1527 2557 1898 2635 existimer,
1955 2555 2224 2620 sinistra
2279 2553 2519 2619 iudicia

569 2663 687 2707 cur
729 2662 860 2705 non
906 2662 1136 2707 secure
1180 2640 1710 2708 contemnerem?

740 2727 1004 2792 Literas
1048 2725 1130 2792 ad
1178 2726 1512 2792 Hallerum
1554 2727 1671 2793 tibi
1717 2728 1905 2792 mitto
1950 2748 2083 2791 non
2119 2725 2514 2809 obsignatas.

569 2813 670 2877 Tu
714 2813 1066 2895 exemplar,
1111 2812 1167 2877 si
1215 2811 1570 2889 videbitur,
1614 2810 2109 2879 describendum
2149 2812 2406 2878 curabis
2449 2818 2519 2875 et

569 2891 826 2963 Farello
860 2898 931 2962 in
964 2897 1180 2963 reditu
1216 2897 1534 2964 ostendes.
1606 2898 1791 2973 Vale,
1835 2898 2258 2983 integerrime
2290 2897 2515 2962 frater.

567 2982 861 3049 Uxorem
906 2995 972 3048 81
1015 2983 1248 3049 filiolas
1291 2983 1648 3067 plurimum
1692 2984 2007 3049 salutabis
2042 3003 2186 3049 meo
2227 2982 2513 3047 nomine.

568 3066 814 3134 Omnia
858 3091 1033 3136 nunc
1077 3069 1253 3135 domi
1313 3079 1487 3135 recte
1540 3070 1782 3135 babere
1826 3068 2097 3154 gaudeo.
2187 3067 2514 3133 Dominus

566 3160 632 3220 te
665 3154 735 3219 in
780 3153 905 3221 boc
962 3175 1269 3239 prospero
1324 3161 1499 3221 statu
1558 3154 1671 3221 diu
1729 3164 2070 3222 conservet
2134 3175 2210 3221 ac
2259 3152 2514 3219 labores

567 3247 712 3306 tuos
746 3239 1104 3308 benedicat.
1178 3239 1524 3307 Fratribus
1568 3261 1713 3308 meo
1748 3242 2010 3307 nomine
2046 3240 2328 3307 salutem
2370 3237 2515 3323 plu·

564 3326 799 3391 rimam
855 3324 1048 3393 dices.
1152 3325 1458 3411 Collegae
1514 3328 1643 3392 mei
1707 3335 1774 3393 et
1831 3326 2096 3410 plurimi
2154 3326 2391 3391 fratres
2447 3331 2514 3390 te

564 3410 822 3477 salvum
907 3419 1188 3497 optant.¹
1273 3411 1584 3479 Genevae
1666 3412 1876 3497 pridie
1961 3431 2168 3479 nonas
2240 3410 2507 3476 Ianuar.

1470 3582 1753 3649 Ioannes
1795 3581 2120 3650 Calvinus
2168 3595 2337 3649 tuus.

1914 3693 1921 3736 1

1445 4092 1633 4163 1430.

1041 4228 1506 4298 CALVINUS
1553 4229 2011 4298 FARELLO.

728 4400 830 4466 De
878 4399 1201 4466 Fornezeto
1258 4401 1344 4465 ad
1404 4401 1802 4467 diaconatum
1850 4396 2256 4468 Neoeomense
2297 4409 2505 4468 vocato

543 4488 988 4655 mm&
1016 4485 1366 4568 phrenetico
1399 4487 1668 4569 quodam
1702 4489 1987 4569 queritur
2020 4489 2151 4569 ipsi
2191 4487 2505 4554 moles-tias

554 4847 650 4902 uei
758 4776 820 4841 2)
853 4792 965 4847 qua
998 4776 1880 4901 σννααῶὁωαῐῗήᾶαὺώοηων,
1926 4776 2073 4848 quod
2105 4778 2502 4859 crypta-catho-

648 4861 677 4901 s
702 4852 1019 4980 pffims‘i‘cutz·
1053 4860 1243 4983 {ww
1288 4885 1470 4970 mana.
1548 4862 1911 4970 &sudatum
1960 4921 2039 4970 sse
2073 4854 2502 4983 ἰηιηίθὶῖιοῖοίοέἕζ

554 4990 699 5038 tasse
732 5000 767 5036 a
806 4982 953 5036 Besa
1117 4999 1234 5037 sam
1268 4999 1476 5065 quoque
1507 5000 1591 5051 ep.
1621 4983 1773 5066 piselo
1819 4983 2145 5067 destinabat.
2221 4983 2504 5040 Castu-nm·

552 5051 697 5121 quod
726 5052 986 5132 ‘vocabulo
1020 5052 1277 5106 afferatur
1313 5059 1500 5118 maur,
1538 5058 1758 5122 respuent
1790 5051 1867 5107 ad
1890 5052 2121 5121 aauaecas
2139 5052 2502 5108 Ber-nemum

551 5121 816 5254 ecclesisis)
835 5121 1151 5244 ”affigi-zum
1188 5121 1423 5175 eundum
1456 5136 1584 5176 vero
1616 5120 1694 5176 ad
1741 5122 1978 5176 Voretum
2012 5128 2234 5191 spectat.

756 5257 816 5324 5)
849 5230 1076 5328 φῶκαί,
1126 5275 1290 5328 quam
1337 5256 1739 5328 quodammodo
1764 5265 1827 5312 ut
1861 5274 2018 5312 suam
2062 5259 2387 5329 respiciebat
2415 5259 2501 5327 fo-

552 5327 825 5462 vebatqze).
854 5394 948 5452 Sic
980 5401 1142 5452 autor
1174 5411 1242 5451 sc
1275 5396 1437 5467 tapes
1469 5396 1684 5453 adami.
1758 5394 2050 5452 Fae-vina
2084 5395 2400 5452 emendatio.

2637 670 2744 737 (Ex
2779 669 3114 740 autographo
3150 669 3279 725 Cod.
3318 670 3588 725 'l'ronchin
3640 671 3731 725 fol.
3768 671 3825 727 4.
3895 671 4083 727 Edidit
4115 671 4257 726 Besa
4327 672 4422 726 sed
4471 688 4580 727 non

2635 739 2905 810 integram
2954 738 3088 792 Gen.
3134 755 3186 808 p.
3236 735 3322 877 θέ,
3356 737 3793 879 llaaznaApisglg,
3819 738 4050 875 51331107.
4098 757 4153 810 p.
4196 716 4325 810 241,
4370 739 4583 796 Cbcnet

2634 977 2897 1046 Eximio
2942 978 3211 1044 Domini
3257 981 3463 1046 nostri
3511 980 3665 1047 Iesu
3700 979 3954 1047 Christi
4009 1000 4202 1047 servo
4247 980 4580 1047 Guilelmo

2631 1065 2897 1132 Farello
2917 1065 3379 1132 Neocomensis
3412 1065 3725 1132 ecclesiae
3767 1066 4014 1150 pastori
4056 1066 4248 1132 fratri
4289 1076 4356 1132 et
4400 1088 4579 1151 sym-

2707 1159 2963 1236 mystae
3007 1151 3444 1217 sincerissimo
3487 1160 3555 1217 et
3596 1151 3762 1217 mihi
3805 1171 4062 1236 semper
4106 1151 4503 1218 honorando.

2800 1286 3041 1352 Petrus
3085 1285 3480 1353 Forneletus
3515 1293 3564 1364 ¹)
3608 1288 3832 1355 literas
3872 1288 4034 1354 mibi
4084 1297 4229 1355 tuas
4272 1289 4576 1370 ostendit,

2631 1372 2866 1456 quibus
2930 1371 3014 1438 ad
3071 1372 3556 1456 suscipiendum
3622 1373 3796 1458 apud
3863 1395 3982 1441 vos
4038 1373 4292 1442 diaconi
4336 1396 4579 1441 munus

2630 1477 2780 1523 eum
2824 1459 3084 1524 invitas.
3158 1456 3333 1539 Quia
3374 1479 3481 1525 me
3522 1480 3774 1544 quoque
3809 1460 4055 1527 sciebat
4089 1460 4205 1527 abs
4245 1472 4310 1527 te
4352 1461 4576 1527 literas

2628 1545 2971 1627 accepisse,
3017 1543 3287 1628 putabat
3327 1544 3396 1610 in
3455 1544 3588 1610 illis
3630 1545 3875 1630 aliquid
3920 1545 4091 1630 quod
4134 1544 4215 1611 ad
4260 1567 4331 1613 88
4372 1547 4574 1631 perti-

2625 1639 2815 1696 neret
2875 1631 3212 1696 contineri.
3312 1630 3677 1713 Respondi‚
3744 1630 3913 1715 quod
3969 1652 4073 1697 res
4130 1643 4299 1710 erat,
4368 1643 4433 1699 te
4489 1653 4575 1699 ne

2628 1713 2827 1781 verbo
2928 1714 3143 1781 uidem
3208 1716 3601 1782 meminisse.
3705 1717 4072 1783 Consilium
4116 1719 4322 1801 petiit.
4426 1719 4574 1784 Non

2629 1803 2811 1883 potui
2856 1822 2895 1866 a
2920 1801 3031 1866 iud
3089 1800 3275 1878 dare,
3343 1801 3472 1867 nisi
3515 1810 3589 1867 ut
3647 1823 3762 1868 vos
3813 1803 4151 1882 inviseret,
4219 1805 4408 1887 quasi
4450 1803 4573 1872 hoc

2627 1896 2886 1951 tantum
2931 1899 3229 1963 acturus,
3285 1899 3359 1951 ut
3402 1888 3587 1954 vobis
3629 1888 3928 1955 salutatis
3974 1889 4055 1954 ad
4099 1910 4339 1956 munus
4381 1912 4573 1955 suum

2626 1970 2888 2037 rediret.
2959 1973 3066 2037 Ex
3102 1994 3228 2055 (1110
3262 1972 3344 2037 8(1
3387 1993 3507 2038 1108
3543 1973 3753 2054 rediit,
3795 1974 4097 2040 nonnihil
4131 1995 4239 2040 me
4272 1996 4574 2059 peccasse

2625 2058 2869 2136 fateor,
2924 2056 3093 2141 quod
3151 2079 3280 2124 non
3348 2058 3733 2124 familiarius
3776 2080 3927 2126 811111
3973 2059 4053 2125 (18
4096 2061 4416 2127 anteactis
4459 2061 4574 2128 ad-

2624 2144 2867 2209 monui.
2957 2143 3172 2209 Multa
3214 2142 3475 2226 quidem
3519 2145 3946 2211 obstiterunt:
3992 2145 4104 2211 sed
4141 2145 4304 2211 1111111
4341 2148 4571 2231 magis,

2620 2230 2745 2293 nisi
2786 2228 2957 2313 quod
3002 2231 3274 2295 verebar
3321 2251 3403 2294 ne
3459 2231 3580 2296 sibi
3626 2233 3930 2309 iniuriam
3976 2233 4115 2297 fieri
4161 2248 4453 2315 putaret,
4513 2234 4570 2299 si

2623 2325 2841 2396 partes
2925 2315 3270 2379 monitoris
3353 2315 3527 2399 apud
3616 2338 3762 2382 eum
3839 2319 4168 2401 suscipere
4242 2318 4570 2386 auderem.

2624 2401 2803 2484 Ergo
2835 2409 3174 2484 peccatum
3210 2421 3507 2485 agnosce,
3553 2401 3721 2484 quod
3766 2403 3974 2468 stulta
4017 2403 4410 2470 verecundia
4444 2406 4569 2470 im-

2623 2485 2883 2569 peditus
2939 2487 3160 2551 fratris
3215 2487 3498 2552 officium
3544 2488 3750 2553 omisi.
3838 2489 3946 2553 Ex
3991 2510 4119 2571 quo
4174 2489 4256 2553 ad
4301 2510 4421 2556 nos
4464 2511 4568 2556 re-

2622 2592 2850 2638 versus
2892 2582 2994 2636 est
3035 2572 3284 2655 placide
3323 2581 3390 2636 et
3433 2571 3721 2638 modeste
3764 2594 3836 2639 88
3879 2576 4097 2658 gessit.

2792 2656 2992 2723 Aliud
3050 2657 3222 2741 quod
3280 2657 3556 2723 scribam
3612 2661 3683 2723 in
3742 2662 4107 2742 praesentia
4162 2681 4291 2726 non
4336 2661 4564 2727 habeo.

2622 2741 2699 2808 Si
2754 2763 3047 2808 essemus
3105 2764 3271 2818 una,
3331 2744 3540 2808 multa
3597 2766 3955 2810 narrarem.
4049 2745 4277 2812 Petrus
4317 2745 4434 2811 tibi
4477 2745 4559 2813 de

2621 2828 2861 2893 misero
2932 2828 3213 2910 quodam
3281 2829 3542 2895 Britone
3614 2831 3938 2907 narrabit,
4006 2832 4119 2914 (1111
4182 2832 4566 2915 phrenetide

2620 2922 2990 2997 correptus,
3058 2914 3338 2979 multum
3395 2916 3580 2981 nobis
3640 2916 3974 2982 molestiae
4028 2920 4317 2984 facesset.
4406 2919 4566 2983 Fuit

2620 2999 2728 3065 hic
2769 2998 3301 3065 Pedemontanus
3344 2999 3636 3083 quidam,
3702 3001 3892 3067 valde
3927 3004 4049 3070 sibi
4096 3003 4390 3086 placens,
4450 3006 4563 3086 qui

2617 3083 2743 3149 sibi
2787 3086 3147 3151 Dominum
3202 3088 3581 3168 apparuisse
3646 3086 3935 3153 dicebat:
4004 3099 4080 3154 ut
4121 3090 4367 3156 Moises
4422 3092 4444 3154 i
4491 3111 4564 3157 se

2616 3170 2799 3248 foret,
2850 3191 2968 3255 ego
3013 3174 3255 3237 Aaron.
3344 3170 3568 3253 Quum
3613 3171 3718 3238 die
3752 3173 4009 3239 Natalis
4026 3226 4040 3254 ,
4095 3176 4401 3241 concione
4492 3197 4563 3241 a·

2616 3256 2771 3335 bita,
2807 3257 3190 3340 inspectioni
3226 3257 3523 3340 privatae
3557 3279 3674 3341 per
3694 3279 3894 3324 unam
3933 3260 4260 3327 decuriam
4296 3281 4560 3343 operam

2617 3341 2961 3419 dedissem,
3007 3342 3216 3408 fessus
3250 3343 3517 3408 domum
3560 3344 3772 3410 redeo.
3845 3345 3967 3410 Ille
4001 3366 4107 3411 me
4150 3347 4241 3410 ita
4283 3348 4559 3431 excepit,

2616 3439 2691 3492 ut
2750 3429 2983 3492 micam
3050 3429 3237 3527 panis
3311 3439 3578 3513 gustare
3642 3451 3777 3496 non
3830 3433 4095 3497 sineret.
4195 3432 4556 3497 Dominum

2617 3513 2746 3578 sibi
2802 3533 3214 3597 apparuisse:
3285 3513 3526 3581 babere
3572 3517 3643 3581 in
3700 3516 4055 3594 mandatis,
4114 3538 4280 3600 quae
4338 3518 4554 3582 ieiuno

2614 3599 2876 3665 ieiunus
2942 3612 3313 3681 exponeret.
3424 3598 3648 3681 Quum
3726 3623 3832 3668 me
3900 3604 4160 3669 animus
4238 3603 4555 3683 deficeret,

2615 3698 2764 3767 post
2805 3684 3144 3750 meridiem
3189 3684 3451 3762 scilicet,
3497 3685 3849 3766 obsecravi,
3896 3698 3969 3752 ut
4011 3689 4175 3754 mihi
4220 3683 4555 3772 paululum

2615 3768 2923 3853 quiddam
2965 3769 3160 3835 edere
3204 3773 3627 3853 permitteret.
3716 3773 3863 3839 Non
3901 3773 4096 3838 desiit
4129 3774 4283 3840 inde
4318 3796 4421 3840 me
4462 3775 4559 3840 fa-

2616 3857 2842 3939 tigare,
2889 3855 3093 3922 donec
3141 3856 3278 3921 heri
3323 3878 3551 3922 severe
3596 3857 3974 3940 repudiatus
4009 3859 4214 3924 fuerit
4256 3881 4296 3925 a
4337 3860 4559 3926 fratri-

2615 3939 2753 4007 bus.
2843 3942 3130 4007 Tametsi
3188 3940 3462 4007 ridicul'e
3516 3944 3789 4008 insanus
3833 3957 3960 4020 est,
4020 3945 4089 4008 in
4149 3946 4275 4011 hoc
4336 3957 4560 4012 tamen

2613 4025 3008 4092 subornatus
3050 4040 3151 4093 est
3193 4050 3235 4092 a
3276 4027 3547 4104 Satana,
3589 4041 3664 4093 ut
3699 4029 3951 4093 frivolis
3984 4030 4312 4113 allegoriis
4350 4031 4561 4098 admi·

2612 4112 2883 4178 rabilem
2928 4113 3107 4179 illam
3152 4114 3483 4193 virtutem,
3528 4133 3697 4197 quae
3738 4114 3808 4179 in
3852 4112 4302 4200 redemptione
4335 4118 4562 4203 populi

2610 4209 2872 4263 exserta
2927 4200 3077 4276 fuit,
3131 4200 3434 4265 obscuret
3497 4199 3784 4282 adeoque
3840 4200 3910 4264 in
3954 4202 4238 4268 nihilum
4283 4203 4556 4288 redigat.

2609 4284 2857 4349 Verum
2907 4284 3068 4349 haec
3109 4284 3441 4365 colloquiis
3475 4286 3686 4369 magis
3719 4288 4137 4365 conveniunt,
4181 4309 4376 4371 quam
4410 4290 4558 4356 lite-

2610 4370 2718 4435 ris.
2846 4369 3134 4435 Aliunde
3213 4368 3376 4434 nihil
3458 4372 3747 4453 suppetit
3822 4374 4173 4455 scriptione
4258 4374 4553 4460 dignum.

2610 4455 2798 4529 Vale,
2843 4455 3046 4520 frater
3079 4467 3145 4521 et
3177 4456 3385 4521 amice
3419 4455 3860 4541 integerrime,
3899 4459 4188 4543 mihique
4217 4482 4298 4526 ex
4335 4462 4558 4529 animo

2606 4561 2865 4623 semper
2907 4539 3185 4606 amande
3226 4548 3295 4605 et
3327 4539 3610 4607 colende.
3681 4543 4006 4611 Dominus
4048 4545 4235 4612 Iesus
4279 4555 4343 4613 te
4381 4567 4555 4613 sem-

2605 4647 2726 4710 per
2768 4637 2973 4711 regat,
3019 4634 3252 4702 servet,
3300 4625 3668 4704 benedicat,
3730 4640 3806 4694 ut
3841 4630 4048 4697 modis
4092 4632 4392 4698 omuibus
4435 4655 4555 4717 per

2608 4720 2674 4776 te
2716 4711 3131 4795 glorificetur.
3221 4709 3457 4778 Saluta
3473 4715 3528 4788 2)
3573 4735 3719 4780 11180
3778 4716 4041 4781 1101111118
4085 4718 4322 4783 fratres
4371 4717 4554 4785 Chre-

2606 4797 2978 4880 stophorum
3027 4796 3338 4862 Fatonum
3394 4807 3460 4864 et
3524 4801 3821 4882 reliquos.
3921 4800 4347 4886 symmystae
4399 4806 4548 4882 mei,

2607 4882 2895 4962 Budaei,
2945 4882 3406 4962 Nomandius,
3463 4886 3784 4961 Triccius,
3834 4884 4189 4954 caledonii
4238 4891 4427 4955 ambo
4482 4899 4550 4956 et

2605 4967 2876 5052 plurimi
2916 4967 3025 5032 alii
3071 4969 3187 5034 tibi
3244 4970 3520 5036 salutem
3576 4969 3930 5053 plurimam
3988 4981 4064 5037 ut
4116 4971 4234 5039 sdo
4287 4976 4549 5041 nomine

2604 5189 2874 5256 1480.1)
2917 5189 3011 5245 Sic
3041 5190 3318 5261 leyendum
3353 5208 3396 5247 c.
3433 5198 3644 5262 autoor.
3681 5197 3730 5247 st
3767 5192 3936 5247 Laus.
3990 5191 4156 5250 Casu.
4189 5197 4382 5252 habau!
4417 5198 4548 5253 For·

2605 5259 2828 5313 veletus.
2900 5259 3056 5315 Inter
3093 5261 3426 5317 Genevems
3459 5262 3741 5315 minim-os
3771 5262 3871 5316 hoc
3914 5278 4105 5318 nomen
4152 5281 4261 5320 non
4296 5270 4545 5323 occano-rit.

2611 5326 2892 5384 Fortassis
2925 5328 3128 5386 alicubi
3158 5329 3534 5398 ludimagister
3565 5335 3700 5385 erat.

2810 5395 2868 5465 2)
2901 5397 3190 5469 Sequentia
3224 5399 3420 5453 absunt
3454 5398 3523 5453 ab
3555 5400 3851 5466 impressis.
