4900 6167
714 416 839 480 20⁷

712 602 1023 669 (Gedruokt
1054 601 1113 656 in
1147 602 1254 656 den
1286 599 1714 658 Process-Aeten
1751 599 1854 654 Bd.
1892 598 2041 654 VIII.
2081 617 2134 670 p.
2169 597 2292 655 224.
2361 597 2516 654 Ohne
2553 600 2660 653 Da·

711 675 846 740 tum,
880 672 1012 753 aber
1045 670 1239 753 bochet
1273 668 1720 752 wahrscheinlieb
1746 669 1848 722 mit
1880 668 2263 749 dem-vorigen
2336 668 2660 749 leiobpeitig.

711 737 823 796 Der
855 739 1011 794 Bnef
1036 741 1269 809 begmnt
1300 744 1403 793 mit
1434 738 1541 793 deu
1578 737 1831 792 Worten:
1881 736 1969 792 Ee
1999 742 2078 792 ut
2121 686 2391 793 burulffch
2423 736 2658 803 laevor.)

1478 1015 1887 1024 ——--————

1584 1282 1777 1353 1557.

750 1439 1179 1508 MINISTRI
1222 1436 1803 1506 TURIOENSES
1851 1436 2593 1506 GENEVENSLBUS.

674 1691 805 1768 ,aa
886 1578 1269 1765 {icamiam
1322 1631 1507 1678 suam
1568 1611 1645 1676 de
1695 1612 1931 1695 neyotio
1984 1609 2232 1676 Bolseci
2296 1612 2502 1694 royabi
2556 1611 2656 1675 de-

806 1721 885 1764 ra
955 1749 968 1762 .
1366 1764 1378 1775 ,
1662 1729 1693 1768 2.

708 1872 935 1938 (Exstat
971 1871 1233 1939 impressa
1265 1870 1324 1922 in
1359 1875 1546 1923 nostro
1582 1869 1731 1923 Tom.
1770 1868 1920 1921 VIII.
1958 1885 2011 1937 p.
2047 1866 2166 1920 229.
2219 1867 2360 1921 Data
2396 1873 2482 1919 est
2516 1884 2566 1921 a.
2603 1866 2657 1919 d.

707 1941 776 1992 V.
796 1939 907 1993 Oal.
929 1939 1053 1992 Dec.
1092 1945 1149 1992 et
1182 1939 1375 2008 incipit
1409 1939 1669 1992 averbis:
1709 1937 1921 2005 Μαρηο
1946 1951 2069 1990 cum
2091 1934 2656 2003 demandavimus.)

1591 2433 1781 2503 1558.

1104 2587 1777 2656 BULLINGERUS
1823 2586 2260 2654 CALVINO.

885 2761 1260 2827 Sententiam
1325 2780 1514 2827 suam
1578 2762 1657 2826 de
1709 2760 1924 2844 qratia
1988 2765 2042 2825 et
2096 2760 2659 2842 praedestinatione

695 2851 928 2933 paucis
948 2848 1241 2925 declarat,
1286 2847 1462 2913 haud
1483 2847 1732 2913 obscure
1774 2845 2095 2912 ostendens
2128 2845 2255 2911 sibi
2288 2846 2658 2927 disputatio·

703 2955 815 3000 nes
846 2935 923 2999 de
962 2939 1092 2999 tam
1121 2932 1421 3017 movibus
1453 2932 1858 3017 armentia,
1900 2931 2115 3014 quales
2162 2952 2333 3031 pune
2366 2931 2660 3030 ‘Genevae

702 3022 1046 3106 mitantur,
1089 3022 1304 3084 minus
1326 3020 1579 3101 placere
1619 3023 1676 3084 et
1717 3038 1878 3100 quae
1919 3017 2107 3082 smel
2149 3023 2310 3083 anter
2350 3037 2526 3100 *ipsos
2557 3037 2658 3083 ex-

691 3108 912 3190 posita
952 3107 1097 3185 sint,
1133 3107 1269 3170 iam
1309 3104 1597 3187 sufficere
1637 3106 1857 3171 videri.
1941 3104 2151 3170 Addit
2192 3104 2537 3170 novissima
2580 3123 2658 3168 ex

705 3365 813 3429 (Ex
849 3362 1162 3432 apographo
1198 3363 1469 3417 Perizonii
1517 3362 1808 3493 insufflo?
1844 3361 2348 3430 Laziane-Batavo
2394 3358 2568 3446 Per-iz.
2605 3357 2655 3412 5.

876 3602 1261 3670 Clarissimo
1319 3602 1459 3667 viro
1499 3599 1587 3665 D.
1631 3600 1869 3667 Ioanni
1911 3600 2190 3668 Calvino
2243 3599 2656 3666 Genevensis

703 3688 1014 3755 eeclesiae
1058 3688 1303 3771 pastori
1365 3686 1544 3753 fideli
1588 3686 1853 3753 domino
1896 3687 2086 3753 fian-i
2130 3707 2206 3752 ac
2248 3694 2656 3772 symmystae

705 3772 974 3839 colendo
1018 3794 1095 3841 ac
1137 3772 1474 3840 carissimo
1509 3794 1628 3839 suo
2279 3859 2481 3924 Jenffi

876 3994 946 4062 S.
970 3997 1052 4061 D.
1078 3993 1411 4062 Laboravi
1433 4018 1563 4080 qua
1594 3996 1778 4079 potui
1814 3994 2158 4081 diligentia
2192 4006 2259 4062 et
2279 3995 2424 4061 fide.
2476 3993 2652 4075 Quid

703 4082 1086 4168 profecerim
1144 4080 1470 4166 intelliges
1533 4081 1774 4166 partim
1828 4104 1911 4148 ex
1966 4078 2274 4149 michaele
2329 4088 2575 4156 nostro,
2601 4079 2652 4166 ¹)

702 4171 809 4236 cui
853 4169 1076 4234 omnia
1119 4188 1160 4232 a
1201 4168 1592 4252 magistratu
1635 4177 1861 4235 nostro
1920 4187 2228 4234 concessa
2283 4178 2441 4233 sunt
2483 4165 2655 4232 sicut

700 4254 1077 4338 postulavit,
1121 4253 1363 4337 partim
1404 4274 1490 4318 ex
1533 4253 1987 4320 communibus
2028 4253 2253 4321 literis.
2277 4255 2334 4329 ²)
2403 4251 2651 4330 Grave,

701 4342 835 4406 imo
879 4361 1010 4405 non
1056 4339 1359 4405 omnibus
1402 4338 1611 4416 facile,
1665 4346 1767 4405 est
1809 4338 2359 4424 disputationibus
2402 4337 2654 4422 simpli-

701 4427 864 4493 citer
904 4425 1313 4491 subscribere
1326 4477 1341 4503 ,
1400 4427 1786 4510 praesertim
1836 4447 2042 4509 quum
2094 4426 2165 4490 in
2222 4424 2327 4492 his
2370 4424 2507 4490 fere
2549 4425 2654 4488 in·

703 4511 1060 4578 veniantur
1100 4532 1267 4594 quae
1322 4511 1596 4578 lectores
1651 4512 1781 4577 alia
1834 4513 2084 4577 ratione
2140 4511 2407 4578 tractari
2462 4529 2653 4593 posse

703 4597 1088 4663 existiment
1104 4648 1118 4675 ,
1176 4605 1244 4662 et
1295 4598 1464 4664 forte
1520 4596 1972 4663 commodiore.
2063 4598 2161 4663 Ac
2204 4598 2410 4662 miror
2454 4617 2570 4661 vos
2613 4616 2654 4660 a

700 4683 891 4749 nobis
925 4682 992 4747 id
1033 4682 1416 4766 postulasse.
1504 4680 1685 4750 Satis
1728 4683 1902 4749 clare
1944 4702 2100 4748 mox
2143 4681 2214 4746 in
2257 4680 2653 4748 Oonsensio·

702 4842 981 4854 -—-·-—---—-
998 4843 1051 4848 -—
1066 4843 1083 4848 -

702 4919 2648 5007 Q.1)QumemssbcqiuemnbfadaeatN.l5463q.

702 4990 1716 5057 sumamma-redimus.

909 5059 1096 5128 2)De
1149 5075 1321 5143 eausa
1376 5059 1918 5143 Boleeeisern'ptie,
1978 5060 2053 5115 N.
2116 5057 2376 5142 4552-
2443 5059 2653 5128 Quibus

703 5134 1794 5281 mmmaffcffioeefffssuauee.
1874 5133 2193 5280 gaen-011.
2230 5196 2350 5253 18⁷.
2413 5143 2654 5266 Raetia-t:

705 5263 2653 5400 &goePoetaloanafflqmmenmtenpmnratwm

2126 409 2647 496 EPISTOLAE
2699 415 3127 478 lese-1559

4557 423 4666 496 208

2765 600 2869 665 nis
2907 607 3170 665 nostrae
3209 599 3417 680 initio,
3461 601 3576 670 ubi
3607 600 3690 667 de
3723 603 4039 670 electione
4072 623 4148 670 ac
4180 602 4387 670 salute
4417 611 4482 671 et
4510 604 4668 676 dam-

2765 686 3029 751 natione
3072 686 3413 752 hominum
3458 686 3858 768 disserimus,
3902 689 4028 756 hoc
4068 690 4404 774 negotium
4443 694 4669 775 exponi„

2763 779 2905 835 tum
2950 779 3068 837 est.
3155 772 3261 837 Ea
3316 792 3439 857 ego
3498 794 3632 840 non
3688 774 3879 841 aliter
3931 775 4177 858 accipio
4233 794 4422 859 quam
4477 775 4566 843 uti
4610 779 4670 847 in

2763 855 3138 924 Decadibus
3181 858 3372 936 meis,
3432 859 3720 925 maxime
3763 867 3804 924 4
3848 858 3994 927 Ser.
4038 867 4100 940 4,
4143 862 4431 944 exposui.
4511 860 4671 946 Deus

2762 942 3228 1027 philantropos‚
3276 943 3447 1027 apud
3490 966 3683 1027 quem
3728 967 3859 1011 non
3903 955 4006 1014 est
4047 967 4468 1029 personarum
4497 949 4671 1018 Petro

2761 1036 2931 1095 teste
2973 1040 3328 1111 respectus,
3371 1051 3490 1113 pro
3531 1031 3826 1099 bonitate
3867 1053 3987 1097 sua
4029 1032 4174 1098 vult
4225 1054 4451 1099 omnes
4490 1033 4673 1100 homi-

2761 1135 2901 1192 nes,
2945 1115 3044 1179 uti
3084 1114 3338 1180 Paulus
3381 1117 3490 1195 ait,
3534 1116 3753 1183 salvos
3794 1118 4026 1196 faeere,
4070 1128 4138 1184 et
4178 1116 4264 1182 ad
4307 1120 4675 1204 agnitionem

2762 1200 3058 1265 veritatis
3101 1202 3475 1284 pervenire:
3522 1209 3751 1286 estque
3794 1203 4142 1270 consilium
4178 1204 4306 1269 Dei
4354 1256 4367 1270 .
4406 1255 4419 1268 .
4456 1255 4471 1270 .
4506 1207 4581 1285 .⁸)
4619 1213 4676 1282 et

2759 1285 3114 1352 iustificare
3156 1286 3536 1354 condonatis
3581 1290 3863 1371 peccatis
3894 1290 3969 1354 in
4003 1289 4141 1355 solo
4177 1289 4524 1356 mediatore
4540 1290 4676 1358 Iesu

2761 1370 3029 1436 Christo
3074 1372 3358 1438 Domino
3402 1381 3658 1453 nostro,
3719 1376 4035 1441 nimirum
4092 1397 4176 1440 ex
4234 1396 4415 1441 mera
4469 1377 4674 1460 grafia,

2760 1465 3030 1540 propter
3071 1457 3289 1541 ipsum
3329 1458 3539 1524 filium
3584 1482 3701 1544 pro
3759 1461 3948 1527 nobis
4001 1461 4444 1541 incarnatum,
4497 1462 4676 1527 cruci-

2760 1544 2971 1608 fixum
3014 1550 3082 1607 et
3122 1565 3206 1609 ex
3258 1545 3533 1611 mortuis
3589 1547 3945 1614 excitatum
3962 1597 3979 1625 ‚
4029 1567 4149 1631 per
4205 1547 4403 1612 fidem
4458 1548 4678 1632 gratui-

2763 1638 2906 1693 tum
2950 1627 3225 1707 donum,
3285 1651 3415 1695 non
3517 1652 3589 1696 er
3645 1652 3844 1716 opera
3895 1652 4061 1716 quae
4114 1634 4254 1716 ipse
4297 1632 4489 1697 homo
4528 1634 4676 1698 facit.

2760 1713 2947 1779 Idem
3008 1713 3321 1781 damnare
3494 1725 3523 1780 t
3579 1739 3806 1783 omnes
3857 1717 4226 1783 incredulos
4284 1719 4366 1784 ob
4416 1718 4680 1801 ipsorum

2760 1799 3041 1884 culpam,
3086 1799 3258 1883 quod
3312 1822 3448 1865 non
3491 1802 3908 1869 crediderunt
3959 1805 4031 1869 in
4076 1803 4415 1870 Ohristum
4457 1801 4681 1869 exhibi-

2761 1897 2922 1950 tum.
3017 1886 3244 1951 Fidem
3290 1885 3494 1952 donat
3536 1891 3735 1953 etiam
3779 1891 3919 1972 ipse
3963 1890 4149 1955 Deus
4203 1898 4392 1972 pater
4445 1889 4559 1953 filii
4596 1888 4683 1954 sui

2762 1981 3079 2054 respectu.
3148 1972 3342 2037 Fidei
3376 1983 3600 2038 autem
3656 1976 3892 2041 animis
3941 1975 4290 2040 hominum
4331 1971 4685 2041 inserendae

2762 2066 2830 2123 et
2872 2058 3163 2137 alendae,
3209 2058 3498 2142 adeoque
3533 2069 3600 2124 et
3633 2060 4137 2139 conservandae,
4178 2059 4455 2127 verbum
4496 2069 4559 2125 et
4596 2079 4685 2133 sa-

2763 2152 3099 2209 cramenta
3152 2141 3539 2222 destinavit,
3613 2167 3779 2229 quae
3845 2165 3963 2230 per
4015 2146 4322 2229 spiritum
4380 2147 4503 2211 Dei
4563 2142 4686 2209 red-

2764 2227 3010 2294 duntur
3053 2230 3357 2295 efficacia.
3449 2230 3784 2314 Quotquot
3825 2252 3978 2313 ergo
4023 2232 4326 2297 homines
4368 2237 4686 2298 servantur

2762 2335 2947 2380 mera
2988 2316 3117 2381 Dei
3158 2318 3509 2383 servatoris
3558 2317 3774 2401 gratia
3815 2327 4194 2383 servantur:
4260 2319 4376 2401 qui
4416 2321 4683 2401 pereunt,

2763 2420 2896 2465 non
2940 2401 3122 2466 fatali
3167 2402 3554 2468 necessitate
3598 2403 3811 2470 adacti
3855 2414 4160 2487 pereunt,
4217 2403 4332 2468 sed
4379 2401 4548 2488 quod
4586 2419 4686 2467 vo·

2763 2486 2978 2551 lentes
3020 2487 3306 2570 gratiam
3347 2489 3473 2554 Dei
3519 2498 3931 2572 respuerunt.
3997 2489 4228 2573 Neque
4272 2490 4450 2554 enim
4492 2504 4685 2570 peeca-

2765 2579 2906 2635 tum
2952 2573 3022 2636 in
3068 2573 3208 2638 Deo
3253 2573 3491 2638 ullum:
3552 2575 3625 2639 in
3669 2575 3855 2641 nobis
3898 2574 3964 2640 id
4008 2583 4077 2640 et
4117 2575 4313 2659 culpa
4357 2573 4687 2640 damnatio·

2761 2658 2865 2807 nli?
2925 2666 3188 2723 nostrae
3242 2659 3562 2725 inhaeret.
3653 2659 3788 2726 Sed
3844 2660 3926 2725 de
3992 2661 4096 2727 his
4154 2661 4227 2726 in
4291 2662 4530 2745 scripto
4582 2679 4684 2741 pu·

2761 2745 2803 2810 b
2836 2743 2948 2808 'co.
2966 2747 3024 2822 ⁴)

2932 2826 3011 2895 Si
3056 2828 3481 2912 Hieronymus
3551 2832 3772 2895 omnia
3829 2832 4060 2897 salutis
4116 2853 4340 2898 merae
4396 2831 4685 2897 tribueret

2762 2916 3013 2999 gratiae
3053 2913 3358 2994 Domini,
3411 2915 3579 2980 nihil
3637 2918 3878 2983 nostris
3921 2917 4172 2984 viribus
4187 2970 4204 2996 ,
4259 2914 4685 2984 tantummodo

2761 3000 2845 3065 ad
2890 3009 3146 3065 acutam
3188 2999 3375 3065 illam
3418 3001 3857 3086 subtilemque
3891 3005 4338 3086 quaestionem
4375 3003 4455 3068 de
4489 3020 4686 3085 repro·

2763 3085 3023 3150 batione
3068 3086 3371 3152 haereret
3408 3097 3524 3152 aut
3563 3089 4063 3172 obstupesceret,
4122 3089 4289 3156 adde
4333 3098 4402 3156 et
4441 3087 4687 3171 aequius

2759 3170 3079 3239 iudicaret
3122 3171 3203 3237 de
3243 3172 3379 3244 illis
3415 3193 3670 3258 quoque
3708 3175 3823 3258 qui
3858 3182 3926 3240 et
3957 3174 4085 3258 ipsi
4119 3175 4345 3241 omnia
4377 3173 4687 3241 ascribunt

2760 3256 3023 3323 divinae
3063 3258 3315 3342 gratiae
3331 3309 3348 3336 ‚
3405 3258 3577 3324 nihil
3619 3261 3861 3326 nostris
3903 3262 4171 3339 meritis,
4217 3260 4384 3326 mihi
4424 3257 4685 3344 quidem,

2760 3345 2818 3411 si
2859 3343 2996 3409 ullo
3039 3343 3231 3409 modo
3273 3346 3416 3410 fieri
3457 3354 3698 3428 posset,
3752 3353 3974 3412 vestra
4016 3346 4355 3412 videretur
4395 3342 4688 3411 modestia

2627 3486 2640 3497 .
2759 3428 3192 3495 attrahendus
3257 3438 3326 3494 et
3389 3431 3750 3496 servandus
3829 3433 3910 3498 ab
3976 3433 4269 3498 interitu.
4381 3430 4683 3497 Dominus

2758 3515 2947 3582 Iesus
2966 3516 3264 3599 pacificet
3297 3515 3631 3582 ecelesiam
3656 3526 3947 3583 vestram
3981 3520 4055 3582 in
4089 3538 4248 3600 paee
4284 3538 4442 3584 vere
4462 3520 4683 3582 saneta.

2932 3602 3017 3666 In
3059 3601 3304 3685 Anglia
3358 3602 3664 3668 scribitur
3715 3624 3918 3669 novas
3961 3613 4226 3670 exortas
4268 3623 4415 3670 esse
4457 3600 4682 3667 turbas.

2757 3688 2997 3753 Denuo
3039 3687 3218 3752 enim
3273 3686 3405 3752 dux
3453 3687 3888 3755 Sommersethi
3926 3710 4062 3754 una
4118 3710 4269 3755 cum
4326 3690 4591 3772 coniuge
4630 3699 4688 3748 et

2759 3773 3165 3858 principibus
3207 3793 3284 3838 ae
3325 3773 3655 3840 nobilibus
3695 3775 3834 3840 fere
3876 3775 4113 3858 viginti
4156 3782 4389 3857 captus
4431 3776 4502 3839 in
4522 3772 4685 3838 Lon-

2760 3859 3097 3925 dinensem
3170 3860 3407 3925 turrim
3467 3868 3621 3925 ante
3678 3860 4025 3926 Michaelis
4088 3860 4436 3927 conclusus
4498 3865 4609 3924 est.
4638 3857 4684 3932 ⁸)

2757 3944 2998 4010 Postea
3033 3993 3262 4009 .....
3285 3949 3339 4024 ⁶)
3382 3966 3657 4029 quoque,
3699 3948 3917 4012 neseio
3960 3947 4041 4013 ob
4076 3967 4270 4030 quam
4309 3964 4587 4020 causam,
4625 3941 4686 4004 in

2758 4031 3027 4097 vincula
3078 4031 3410 4097 coniectus
3468 4040 3583 4098 est.
3680 4030 3935 4097 Putant
3988 4032 4255 4115 quidam
4312 4032 4484 4117 quod
4536 4047 4686 4095 non·

2756 4115 2928 4181 nihil
2971 4115 3455 4201 imprudentius
3497 4116 3673 4200 apud
3713 4116 4065 4184 Caesarem
4107 4119 4480 4185 effutiverit.
4565 4114 4686 4180 De-

2756 4202 2951 4285 positi
2995 4211 3152 4268 sunt
3193 4224 3418 4268 mense
3462 4200 3732 4269 Octobri
3784 4203 4273 4288 Wiyornicensis
4316 4217 4384 4269 et
4422 4199 4686 4269 GMehes-

2754 4289 2986 4354 trensis
3025 4290 3243 4372 episeo
3288 4289 3330 4366 i,
3377 4309 3613 4372 graves
3657 4289 3812 4373 lupi.
3882 4289 4182 4356 Max-chio
4225 4289 4618 4358 Darae-striae
4636 4283 4686 4363 ⁷)

2756 4382 3016 4441 creatus
3070 4384 3171 4439 est
3271 4396 3361 4439 ux
3417 4372 3769 4441 Suffolciae
3787 4425 3803 4452 ,
3867 4396 4083 4442 eomes
4153 4374 4438 4443 Warvici
4449 4374 4509 4459 8)
4565 4368 4686 4435 dux

2755 4459 2820 4524 N
2820 4458 3481 4525 orthumberlandiae.
3570 4460 3717 4527 Hoc
3759 4482 3966 4527 unum
4008 4480 4198 4544 spero
4215 4511 4231 4539 ‚
4286 4457 4686 4545 evangelium

2756 4544 2929 4609 nihil
2974 4544 3352 4611 detrimenti
3396 4555 3815 4630 accepturum
3858 4567 3943 4611 ex
3984 4546 4251 4611 illorum
4294 4545 4590 4614 vinculis.

2959 4714 3017 4849 ἓξ
3052 4715 3383 4838 {Vacfb'ggfn
3417 4715 3610 4774 codice.

2959 4851 3022 4920 6)
3065 4852 3477 4909 Coniurat-‘onis
3508 4860 3798 4912 aecusatus
3830 4854 3900 4908 ab
3934 4855 4161 4910 aemulis
4180 4870 4295 4910 non
4316 4855 4501 4909 nem
4531 4849 4685 4906 anbi-

2755 4922 2911 4976 tiocia
2944 4938 3013 4978 ac
3043 4922 3162 4990 ipae
3194 4929 3340 4976 erat.-
3575 4933 3756 4978 tamen
3797 4924 4000 4979 oeimen
4041 4924 4228 4989 fidum
4371 4929 4435 4978 at
4467 4921 4682 4980 Burnei-

2754 4990 2880 5048 Met.
2913 4991 3012 5057 ref.
3048 4990 3170 5045 eccl.
3204 4992 3349 5061 anql.
3443 5009 3524 5048 en.
3561 4991 3699 5048 1689
3731 4991 3804 5046 11.
3845 4990 3945 5045 119
3979 5007 4058 5062 sq.
4132 4991 4216 5059 Of.
4335 4993 4458 5048 eber
4489 4990 4523 5045 1.
4558 4991 4589 5044 ἱ.
4621 4984 4682 5041 11.

2755 5057 2825 5113 ⁷³
2859 5073 2938 5129 ‘q'
2961 5126 3024 5194 e)
3062 5127 3276 5183 Nm„
3312 5128 3636 5183 Personam
3667 5128 3806 5209 aaa
3840 5126 4123 5194 &aeacus
4155 5130 4353 5212 omisa.

2758 5194 3023 5321 Ηωεᾶ)
3038 5195 4131 5321 vifflfflmf‘mmff
4172 5205 4352 5268 ’'ff‘'
4395 5212 4464 5252 ⁶²
4509 5207 4684 5251 ”m

2959 5333 3021 5403 s)
3055 5307 3515 5390 Adve’mrimm
3552 5331 3842 5389 Sonam
3869 5336 4278 5406 antesiqmus.
