4900 6167
218 424 321 485 385

210 607 585 694 preamtiou.
654 603 842 671 Etsi
885 604 2145 690 ledidTroilldafaillyparoydwant

217 692 555 766 ilnefaid
599 712 716 775 que
775 692 1121 776 dayyraver
1173 693 1491 758 tonsiours
1537 691 2140 775 tantpluslemal.

366 777 594 860 Quant
636 799 677 843 a
719 799 792 845 ce
835 798 964 861 que
1007 777 1207 845 ledict
1241 776 1518 843 Troillet
1558 798 1629 844 se
1655 781 1871 843 ‘vante
1907 775 2144 843 d'estre

218 867 371 931 aussi
414 883 488 930 ca
571 862 680 929 ble
722 863 803 929 de
847 864 1142 930 recevoir
1186 864 1282 929 les
1337 884 1709 929 sacremens
1760 882 1888 945 que
1950 861 2147 929 ledict

216 951 433 1018 Calvin
519 971 556 1015 e
599 949 696 1014 les
740 948 1190 1028 administret,
1249 950 1298 1013 il
1350 949 1564 1014 falloit
1616 948 1784 1015 donc
1838 948 1998 1032 qu'il
2043 950 2148 1033 s'y

213 1047 533 1121 preparast
575 1035 844 1100 mieulx.
935 1037 1042 1102 Au
1097 1045 1269 1102 reste
1327 1035 1481 1118 qu’il
1536 1056 1606 1100 se
1662 1036 2021 1101 souvienne
2064 1033 2147 1100 de

215 1144 277 1189 ce
315 1143 437 1205 que
493 1120 587 1186 dit
633 1119 702 1186 S.
748 1121 952 1198 Paul,
1018 1141 1145 1204 que
1199 1121 1386 1207 celuy
1444 1120 1557 1205 qui
1615 1142 1684 1186 se
1742 1121 1920 1204 prise
1977 1124 2149 1187 n'est

214 1209 378 1359 ἓξὲξ
419 1217 774 1358 8ῑῖἓῖιηῖῐῖ
818 1227 1029 1360 &wir
1083 1206 1572 1359 aurQuanstanas
1613 1208 1874 1358 ogauztea
1923 1205 2148 1357 Ἦλθε

215 1380 358 1446 faict
398 1378 611 1463 grand
664 1387 818 1443 tort.
907 1379 998 1443 Et
1056 1387 1195 1446 cest
1247 1314 1522 1456 gaimus,
1592 1344 2025 1462 magniiiques
2081 1314 2148 1443 est

217 1465 662 1531 ueshonnorez
706 1466 1075 1548 seigneurs,
1135 1462 1215 1529 de
1259 1485 1342 1529 ne
1385 1464 1652 1529 souffrir
1695 1486 1825 1530 une
1871 1465 2024 1530 telle
2069 1462 2146 1528 li-

214 1572 389 1617 00000
424 1552 506 1615 de
543 1549 822 1616 mesdire
857 1561 1085 1617 contre
1119 1572 1209 1615 un
1229 1555 1500 1631 postem·
1528 1550 1776 1632 faisant
1812 1571 1926 1616 son
1960 1551 2146 1633 office.

218 1637 333 1703 Car
370 1639 579 1704 castoit
620 1636 762 1701 bien
793 1657 965 1720 pour
997 1637 1051 1701 le
1090 1638 1292 1702 moins
1327 1657 1444 1719 que
1477 1636 1657 1702 ledict
1695 1635 1917 1702 Calvia
1948 1637 2150 1701 ηιαίη-

213 1725 316 1787 tint
353 1723 418 1788 la
461 1724 736 1788 doctrine
798 1724 934 1804 quil
985 1729 1164 1805 porte
1206 1724 1368 1803 puis
1423 1722 1558 1803 quil
1611 1723 1677 1787 la
1718 1723 1952 1805 coynoit
1993 1727 2148 1786 estre

214 1812 279 1876 de
316 1808 512 1875 Dieu.
604 1806 735 1873 Gor
782 1807 847 1872 S.
894 1807 1065 1874 Paul
1105 1809 1200 1874 dit
1241 1828 1359 1889 que
1401 1807 1490 1872 les
1530 1808 1852 1873 ministres
1893 1828 1972 1872 ne
2014 1811 2151 1873 sont

205 1915 316 1979 pas
370 1895 702 1960 seulement
770 1895 1081 1960 ordomzez
1126 1915 1298 1975 pour
1358 1894 1676 1976 Μάρκον
1736 1894 1906 1959 mais
1970 1892 2154 1959 aussi

205 2001 358 2065 pour
395 1981 630 2063 fenner
673 1979 738 2045 la
781 1979 1004 2045 bouclae
1047 2000 1181 2046 aux
1219 1979 1685 2076 oontredisante.
1773 1978 1864 2044 Et
1903 1999 1968 2046 ce
2001 1982 2155 2044 n’est

205 2088 531 2251 'figens
567 2151 736 2233 fault
769 2066 1396 2233 aedssssssssffi'ffl
1429 2085 1626 2216 Ξῖᾴιι
1679 2065 2040 2233 afflat.
2081 2114 2156 2214 ab

214 2239 270 2303 la
297 2240 570 2305 doctr-me
607 2237 783 2320 quilz
806 2237 1131 2319 preschent
1165 2257 1392 2304 omme
1425 2238 1521 2303 dat
1553 2236 1607 2300 le
1640 2256 1866 2303 mesme
1892 2241 2152 2320 aposto-e.

217 2323 345 2390 Non
374 2346 508 2408 pas
548 2345 666 2408 que
705 2325 884 2390 ledict
926 2323 1165 2388 Calviu
1210 2321 1529 2388 demands
1572 2321 1808 2388 d’estre
1843 2330 2155 2405 supporte

215 2412 390 2477 soubs
455 2411 683 2477 ombre
750 2410 829 2475 de
895 2409 1135 2487 loffice,
1203 2410 1368 2475 mais
1432 2410 1487 2473 si
1557 2429 1715 2474 vous
1778 2408 2152 2493 cognoissez

215 2497 330 2579 quil
374 2521 450 2583 sy
499 2507 688 2580 porte
730 2494 1132 2562 fidellemeut
1174 2504 1240 2560 et
1282 2515 1532 2562 comme
1577 2494 1633 2568 il,
1668 2492 1864 2559 doibt.
1897 2499 1948 2569 1)

955 2756 1362 2766 ———-—-——

1075 2940 1270 3013 1662.

305 3096 736 3165 MINISTRI
777 3095 1520 3269 ΙιΑΠΒέῙΙέΙῙἿἹῙΞΝΒΕΒ
1565 3095 2047 3164 GENEVEN-

369 3375 721 3458 Exponam
774 3391 1033 3439 causam
1092 3370 1328 3437 Vitatis
1387 3371 1463 3436 de
1508 3371 1690 3437 cuius
1745 3370 2023 3436 moribus
2078 3390 2154 3436 ex

219 3459 452 3611 20sz
499 3459 685 3526 allati
724 3478 1004 3524 rumores
1051 3457 1211 3539 ipsis
1247 3477 1474 3541 ,qv-aves
1523 3457 1911 3537 suspiciones
1953 3475 2153 3521 move-

474 3719 589 3780 (Ex
626 3717 966 3788 autographo
1002 3716 1132 3770 God.
1170 3715 1370 3770 Gener.
1410 3712 1526 3779 19⁷,
1564 3732 1613 3767 a.
1648 3714 1738 3767 fol.
1774 3712 1889 3779 35.)

369 3888 778 3956 Clarissimis
822 3887 1405 3970 eruditissimisque
1447 3886 1607 3950 viris
1660 3884 1972 3951 ecclesiae
2016 3884 2153 3951 Ge-

216 3977 503 4041 nevensis
544 3975 917 4058 pastoribus
959 3971 1485 4058 vigilantissimis
1529 3972 1844 4037 fratribus
1879 3980 1947 4036 et
1980 3991 2149 4056 sym·
2208 3975 2214 3994 ¹

217 4064 429 4146 mystis
475 4059 1086 4127 observandissimis
1647 4143 1712 4208 G

615 4159 620 4162 “
1555 4205 1562 4213 .
1715 4162 1976 4207 enevae.

218 4314 369 4375 10⁶1.
393 4319 450 4384 1)
497 4318 632 4387 Ray.
661 4318 737 4371 du
760 4315 985 4372 ennaea
1021 4315 1234 4379 170145,
1255 4315 1353 4382 fol.
1382 4314 1500 4369 301.
1551 4313 1826 4369 Mera-odi
1854 4313 1888 4367 9
1916 4312 2149 4369 Novem·

219 4385 320 4441 bre.-
353 4388 425 4442 Et
448 4394 576 4442 sont
595 4395 711 4441 este
728 4388 813 4457 icy
833 4387 914 4439 les
941 4386 1246 4456 spectables
1270 4386 1352 4439 ΜΘ
1381 4384 1683 4439 Guillaume
1701 4384 1861 4437 Farel
1887 4390 1944 4436 et
1961 4384 2149 4438 Pierre

219 4452 359 4510 Viret
392 4467 450 4510 et
486 4474 554 4510 en
592 4472 751 4525 apres
799 4454 964 4509 ledict
997 4454 1070 4507 M.
1109 4455 1297 4509 Calvin
1346 4459 1402 4507 et
1438 4453 1669 4507 Trolliet
1703 4458 1830 4506 sont
1863 4457 1979 4506 este
2015 4467 2148 4523 aoys

220 4539 280 4577 en
306 4526 449 4579 leurs
485 4526 634 4579 dites
679 4533 736 4579 et
783 4525 1087 4594 replicques
1132 4524 1286 4578 desia
1329 4529 1561 4577 souvent
1603 4522 1835 4574 debatuz
1870 4520 1939 4574 de
1973 4522 2150 4576 linsti·

219 4594 378 4648 tufion
425 4596 733 4648 crestienne
778 4593 966 4647 dudict
1011 4592 1084 4645 Μ.
1123 4592 1331 4646 Oalviu.
1413 4590 1489 4645 Et
1532 4592 1584 4644 le
1630 4595 1753 4644 tout
1785 4588 2065 4644 considere
2097 4591 2151 4644 le

221 4658 414 4717 Comei}
464 4681 497 4717 a
543 4671 756 4717 arx-este
803 4669 860 4716 et
904 4662 1092 4715 conclu
1140 4676 1247 4729 que
1292 4665 1474 4714 tontes
1509 4659 1699 4714 choses
1733 4659 1861 4712 bien
1896 4674 2059 4740 aoyes
2093 4666 2152 4713 et

222 4732 502 4787 mendues
554 4733 644 4786 lon
693 4746 968 4802 pronunce
1016 4739 1073 4782 et
1118 4729 1367 4795 declayre
1412 4728 1578 4784 ledict
1619 4729 1758 4782 livre
1804 4727 2149 4782 dinstitution

223 4811 352 4855 estre
394 4803 523 4855 bien
574 4811 633 4853 et
677 4801 1032 4854 sainctement
1086 4799 1217 4851 faict
1261 4803 1320 4849 et
1363 4814 1426 4849 sa
1472 4797 1717 4851 doctrine
1764 4803 1909 4850 estre
1944 4797 2151 4850 saincte

222 4867 450 4925 doarine
485 4872 554 4924 de
572 4870 712 4923 Dieu
748 4881 805 4923 et
839 4884 944 4938 que
979 4869 1069 4922 lon
1105 4869 1156 4920 le
1191 4867 1333 4920 tient
1367 4882 1505 4936 pour
1527 4867 1634 4920 bon
1672 4873 1730 4919 et
1746 4882 1878 4935 vray
1902 4865 2151 4919 ministre

224 4935 282 4989 de
312 4949 455 4993 cem
490 4941 597 4994 cite
634 4946 692 4992 et
727 4955 833 5020 que
868 4937 964 4991 des
999 4938 1086 5006 icy
1122 4953 1156 4988 a
1190 4934 1436 4988 ladvenir
1471 4951 1742 5003 personne
1778 4950 1846 4988 ne
1881 4934 1989 4987 soit
2020 4951 2150 4988 ause

223 5007 388 5072 parler
422 5017 611 5063 contre
645 5008 813 5061 ledict
845 5007 980 5060 livre
1017 5024 1086 5075 ny
1120 5011 1309 5059 contre
1343 5002 1540 5058 ladicte
1573 5004 1851 5059 doctrine:
1882 5019 2151 5058 comman-

224 5072 343 5128 dtns
376 5095 483 5130 aux
534 5079 718 5132 ambes
763 5076 967 5145 parties
1013 5083 1070 5128 et
1114 5092 1146 5126 a
1189 5081 1311 5127 tous
1359 5072 1502 5141 quilz
1549 5087 1607 5125 se
1653 5072 1915 5143 doibgent
1956 5089 1989 5125 a
2035 5074 2152 5126 cela

224 5143 366 5198 tenir.
404 5175 471 5184 —
508 5145 604 5200 Cet
637 5142 789 5201 αηέι
870 5159 936 5198 ar
1131 5142 1151 5196 1
1193 5143 1240 5197 le
1281 5142 1470 5210 proces
1515 5155 1571 5194 se
1614 5143 1848 5196 termina
1886 5140 1998 5207 fait
2031 5143 2152 5197 coir

223 5224 316 5279 que
342 5213 389 5268 le
417 5216 654 5282 plez-&ntis
679 5159 912 5270 Πλῶθ
943 5219 992 5267 ct
1118 5210 1347 5279 re'ponce
1381 5209 1455 5264 N.
1494 5207 1623 5262 1661
1659 5210 2083 5278 appodiatum
2114 5212 2153 5266 ὰ

225 5292 320 5336 m
347 5281 548 5354 &voque
581 5282 888 5339 antio-icum
916 5282 1182 5352 puisqaet’il
1210 5280 1336 5335 n'en
1369 5285 1450 5335 eet
1488 5293 1595 5347 pas
1634 5279 1792 5348 pau-le
1826 5280 1915 5333 ici.
1986 5278 2150 5335 L'ar-

224 5346 300 5406 r&
328 5366 382 5407 ne
413 5360 672 5423 rapporte
705 5351 1117 5407 admonent
1147 5365 1262 5404 aux
1295 5349 1468 5419 piem
1503 5344 1640 5402 1658
1671 5353 1724 5404 st
1756 5344 1907 5402 1659.

420 5438 639 5494 odoini
665 5453 848 5507 opera.
930 5434 1041 5493 Vol.
1080 5434 1252 5491 XIV.

1921 419 2084 482 1552
2128 415 2456 485 OOTOB.

4083 427 4209 491 386

2244 604 2484 673 Gratia
2527 605 2712 673 vobis
2756 614 2826 671 et
2869 626 3001 689 pax
3043 628 3084 672 a
3115 606 3262 672 Deo
3306 615 3495 692 patre
3537 614 3605 675 et
3640 608 3933 676 Domino
3978 618 4210 679 nostro

2811 690 2965 762 Iesu
3012 691 3299 758 Christo.
3389 697 3625 760 Amen.

2419 810 2646 892 Quum
2692 812 2901 876 simus
2944 811 3138 878 unius
3180 811 3579 878 orthodoxae
3639 814 3947 880 ecclesiae
3997 837 4215 882 mem·

2249 896 2384 976 bra,
2429 900 2666 963 fratres
2710 898 2783 961 in
2828 895 3099 962 Christo
3143 899 3481 977 carissimi,
3528 897 3839 965 debemus
3885 899 3997 965 alii
4043 901 4209 967 alio-

2248 1004 2399 1048 rum
2444 983 2689 1048 morbis
2732 983 3000 1064 mederi,
3044 1006 3128 1050 ne
3163 985 3223 1049 si
3260 984 3687 1069 negligantur
3719 987 3790 1049 in
3825 994 4033 1050 totum
4072 1009 4212 1053 ser-

2250 1079 2412 1154 pant
2455 1068 2763 1135 ecclesiae
2807 1087 3058 1153 corpus.
3150 1070 3426 1135 Morbus
3469 1069 3548 1134 de
3583 1091 3711 1153 quo
3747 1071 4074 1154 loquimur
4107 1083 4213 1139 ta-

2249 1154 2334 1221 lis
2377 1165 2479 1220 est
2519 1175 2714 1238 quem
2757 1175 2993 1220 sanare
3036 1155 3165 1239 ipsi
3223 1177 3355 1220 non
3412 1176 3788 1239 possumus,
3846 1158 3977 1221 nisi
4031 1179 4211 1225 com-

2251 1242 2545 1305 muniter
2582 1242 2917 1306 nobiscum
2961 1242 3224 1307 curetis.
3315 1241 3505 1323 Quod
3553 1262 3671 1307 vos
3713 1264 3832 1325 pro
3876 1251 4099 1308 vestra
4138 1246 4211 1311 in

2251 1326 2591 1392 ecclesiam
2637 1326 2884 1392 Christi
2931 1329 3206 1393 caritate
3248 1325 3532 1393 libenter
3575 1328 3857 1393 facturos
3912 1349 4050 1394 -non
4094 1330 4211 1396 du-

2251 1412 2560 1478 bitamus.
2652 1410 2784 1478 Sed
2831 1421 2908 1475 ut
2950 1420 3156 1477 totam
3203 1435 3343 1478 rem
3384 1414 3618 1479 melius
3660 1414 4065 1498 intelligatis,
4115 1419 4209 1482 sic

2251 1498 2547 1565 breviter
2589 1498 2911 1564 habetote.

2421 1584 2817 1650 Franciscus
2874 1583 3111 1650 Vitatis
3134 1589 3185 1661 ¹)
3224 1606 3471 1649 annum
3517 1586 3651 1650 fere
3687 1587 4025 1651 nobiscum
4061 1607 4211 1652 ver·

2253 1679 2438 1735 satus
2468 1669 2659 1752 petiit
2693 1691 2733 1734 a
2766 1670 2956 1734 nobis
2991 1691 3247 1734 morum
3287 1678 3355 1736 et
3390 1669 3724 1736 doctrinae
3760 1672 4207 1737 testimonium

2252 1777 2377 1839 quo
2421 1756 2684 1821 Bernae
2729 1755 2944 1820 iuvari
2978 1765 3213 1838 posset.
3305 1754 3841 1822 Oouversationis
3875 1759 4210 1823 nobiscum

2254 1851 2438 1907 actae
2482 1840 2887 1925 praeclarum
2933 1841 3336 1907 dedissemus
3380 1843 3849 1920 testimonium,
3894 1844 4022 1909 nisi
4065 1845 4211 1926 qui-

2256 1927 2406 1992 dam
2454 1948 2491 1991 0
2533 1937 2720 1991 coetu
2766 1935 2991 1992 nostro
3031 1929 3101 1991 in
3138 1929 3466 1993 sententia
3510 1925 3785 1993 dicenda
3829 1928 4105 1994 dixisset
4140 1950 4212 1996 se

2257 2014 2573 2079 Genevae
2617 2013 2828 2077 multa
2871 2011 3196 2078 audivisse
3252 2013 3332 2078 de
3393 2013 3622 2078 Vitatis
3662 2015 3990 2094 moribus,
4049 2035 4216 2097 quae

2256 2098 2472 2165 celare
2514 2119 2649 2163 non
2686 2097 3069 2163 deberemus
3105 2100 3172 2163 in
3210 2099 3325 2164 tali
3364 2101 3748 2182 praesertim
3793 2101 4056 2184 negotio
4103 2100 4220 2165 ubi

2259 2185 2340 2249 de
2384 2184 2762 2249 hominibus
2807 2185 3177 2250 ministerio
3214 2185 3595 2269 evangelico
3640 2185 3931 2250 dicandis
3975 2187 4217 2269 agitur.

2257 2269 2394 2337 Sed
2438 2292 2523 2334 ne
2577 2268 2731 2353 quid
2787 2269 3020 2335 incerti
3058 2271 3387 2335 affirmare
3425 2270 3781 2346 videretur,
3827 2270 4040 2335 videri
4092 2272 4222 2338 sibi

2257 2351 2615 2421 mittendas
2658 2376 2800 2421 esse
2844 2355 3068 2420 literas
3112 2356 3195 2421 ad
3239 2378 3392 2421 eum
3430 2357 3545 2438 qui
3587 2356 3703 2420 illa
3737 2358 4020 2440 primum
4064 2371 4218 2421 nar-

2256 2452 2485 2508 rasset.
2576 2441 2837 2507 Placuit
2879 2463 2958 2507 ea
3000 2443 3344 2507 sententia.
3436 2441 3738 2523 Scriptae
3775 2451 3930 2508 sunt
3963 2441 4215 2508 literae.

2254 2526 2637 2610 Rescripsit.
2744 2527 2826 2591 Iu
2886 2527 3024 2593 suis
3079 2528 3287 2593 literis
3345 2528 3632 2592 affirmat
3687 2527 3802 2592 illa
3858 2527 4090 2593 eadem
4153 2535 4221 2593 et

2254 2613 2466 2679 multo
2509 2613 2832 2678 atrociora
2873 2634 3069 2697 quam
3110 2635 3275 2695 quae
3319 2613 3753 2680 audieramus.
3842 2615 4082 2679 Visum
4117 2625 4220 2679 est

2256 2699 2580 2765 ministris
2625 2706 2700 2763 ut
2740 2718 2910 2781 quae
2953 2699 3022 2764 in
3068 2698 3276 2765 literis
3317 2701 3822 2766 continebantur
3869 2720 4219 2783 suppresso

2258 2787 2508 2850 autoris
2578 2785 2848 2849 nomine
2932 2784 3128 2850 vitali
3196 2789 3730 2869 proponerentur.
3849 2786 3980 2852 Iste
4060 2787 4221 2851 satis

2257 2872 2458 2955 longa
2499 2869 2791 2935 oratione
2833 2869 2916 2934 ad
2951 2871 3213 2954 singula
3246 2871 3604 2955 respondit,
3649 2871 3762 2936 sed
3799 2874 3895 2937 ita
3937 2881 4015 2936 ut
4051 2871 4222 2936 nihil

2258 2959 2553 3023 omnium
2597 2957 2687 3021 sit
2730 2957 3093 3034 confessus,
3140 2965 3206 3020 et
3251 2958 3544 3040 graviter
3586 2967 3854 3039 questus
3899 2958 3988 3023 sit
4035 2978 4221 3041 mag-

2259 3064 2417 3108 nam
2462 3041 2589 3109 sibi
2629 3043 2771 3107 fieri
2815 3043 3147 3107 iniuriam.
3239 3043 3491 3108 Datum
3550 3053 3653 3107 est
3703 3044 4043 3126 negotium
4100 3043 4219 3107 uui

2259 3150 2297 3194 e
2340 3137 2670 3195 conventu
2714 3137 2793 3193 ut
2828 3127 3144 3194 Genavae
3189 3127 3270 3193 de
3306 3127 3430 3192 hac
3472 3149 3543 3193 re
3578 3129 3957 3209 inquireret,
4002 3127 4218 3193 cousi·

2256 3214 2423 3280 lium
2458 3221 2728 3299 peteret,
2774 3213 2986 3279 adiret
3020 3221 3317 3278 autorem
3353 3214 3692 3278 literarum
3728 3213 4010 3278 illarum.
4082 3212 4218 3278 Re-

2256 3321 2494 3367 versus
2551 3300 2894 3367 renunciat
2947 3299 3171 3364 omnia
3235 3310 3531 3365 autorem
3590 3301 4010 3365 confirmasse
4063 3318 4222 3364 con-

2258 3393 2516 3452 stanter
2565 3407 2734 3469 quae
2791 3386 3174 3469 scripsisset,
3234 3393 3304 3451 et
3359 3387 3612 3451 maiora
3669 3383 4011 3451 addidisse.
4100 3383 4219 3447 In·

2257 3481 2440 3537 terea
2477 3470 2711 3537 Vitatis
2750 3471 2971 3537 iussus
2991 3493 3032 3536 a
3070 3469 3258 3537 nobis
3294 3470 3583 3553 undique
3626 3491 3667 3534 a
3708 3471 3883 3536 notis
3926 3480 3995 3536 et
4037 3488 4221 3556 sym-

2258 3558 2494 3642 mystis
2550 3558 2685 3622 suis
2743 3557 3122 3622 testimonia
3173 3556 3452 3642 collegit.
3542 3557 3714 3622 Nam
3770 3555 4218 3640 responderat,

2257 3642 2617 3708 multorum
2663 3643 3055 3709 testimoniis
3097 3664 3168 3709 se
3209 3644 3661 3728 integritatem
3716 3662 3899 3708 suam
3948 3641 4218 3707 demon-

2258 3739 2471 3796 strare
2514 3749 2722 3812 posse.
2812 3728 3215 3794 Testimonia
3261 3750 3429 3812 quae
3472 3726 3694 3793 attulit
3737 3748 3870 3793 non
3931 3733 4220 3812 purgant

2257 3836 2407 3880 eum
2455 3814 2535 3879 dc
2591 3812 2824 3897 quibus
2880 3815 3322 3880 accusabatur.
3412 3812 3767 3880 Generalia
3823 3814 4002 3879 enim
4060 3825 4219 3879 sunt

2261 3900 2342 3966 de
2399 3900 2698 3967 moribus
2754 3909 2821 3964 et
2874 3900 3029 3964 vita.
3132 3900 3488 3983 Aliquanto
3547 3906 3692 3980 post
3748 3900 3806 3964 is
3865 3898 4216 3965 Genevam

2256 3986 2587 4071 profectus
2633 3985 2916 4052 Fabrum
2960 3985 3419 4052 Gervasiensis
3479 3985 3790 4050 ecclesiae
3833 3986 4217 4051 ministrum

2255 4093 2450 4155 quem
2507 4072 2803 4139 fortassis
2846 4071 3153 4137 odoratus
3204 4077 3349 4135 erat
3404 4070 3832 4136 accusationis
3892 4081 4211 4150 autorem,

2255 4159 2546 4223 affirmat
2587 4178 2659 4223 se
2699 4159 2792 4223 sic
2833 4177 2984 4223 cum
3027 4177 3103 4222 οο
3159 4155 3608 4239 colloquutum
3651 4177 3829 4237 esse,
3887 4166 3964 4222 ut
4018 4156 4210 4222 facile

2255 4243 2536 4310 dilueret
2577 4264 2805 4309 omnes
2848 4243 2997 4308 illas
3054 4242 3576 4321 criminationes,
3632 4250 3905 4325 excepta
3964 4249 4211 4309 scorta-

2253 4330 2455 4409 tione,
2493 4350 2689 4413 quam
2711 4328 2837 4394 sibi
2858 4349 3009 4394 cum
3048 4327 3275 4395 eodem
3312 4336 3525 4395 scorto
3559 4348 3974 4395 communem
4010 4328 4213 4394 fuisse

2254 4437 2406 4481 cum
2451 4436 2693 4499 magna
2735 4425 3097 4480 conventus
3152 4423 3372 4499 parte,
3430 4435 3630 4498 seque
3686 4416 3758 4480 in
3814 4435 3890 4479 eo
3934 4433 4210 4481 numero

2253 4503 2535 4568 fratrum
2590 4500 3019 4566 scortantium
3078 4500 3427 4565 minimum
3497 4508 3658 4565 natu
3712 4500 3948 4565 fuisse:
4019 4520 4211 4584 prae-

2253 4598 2439 4653 terea
2479 4585 2841 4653 admissum
2885 4605 3029 4651 esse
3071 4585 3283 4652 scelus
3323 4585 3487 4651 illud
3530 4595 3875 4669 antequam
3938 4586 4213 4652 haberet

2254 4672 2580 4758 evangelii
2616 4683 2683 4737 et
2714 4691 2915 4737 verae
2949 4669 3289 4756 religionis
3322 4671 3636 4736 notitiam.
3729 4671 3953 4753 Quum
3988 4680 4212 4737 autem

2255 4760 2618 4825 diceremus
2632 4810 2647 4837 ,
2724 4756 3008 4824 Fabmm
3062 4758 3146 4823 D.
3222 4757 3429 4823 Vireto
3497 4767 3564 4821 et
3619 4756 3833 4824 Besae
3896 4779 4061 4842 quae
4135 4757 4208 4821 in

2252 4847 2465 4912 literis
2509 4845 2876 4929 scripsisset
2929 4844 3150 4908 omnia
3203 4845 3623 4911 confirmasse
3640 4892 3657 4920 ,
3713 4845 3927 4926 coepit
3978 4843 4208 4908 incon-

2253 4932 2536 4998 stantiae
2579 4940 2647 4996 et
2686 4929 2975 4997 levitatis
3011 4928 3300 4996 Fabrum
3334 4948 3653 5008 accusare,
3700 4937 3815 4994 aut
3841 4929 3935 4994 sic
3968 4928 4209 4993 confir-

2250 5038 2467 5083 masse
2502 5017 2583 5082 D.
2639 5015 2845 5082 Vireto
2888 5023 2956 5081 et
2990 5015 3220 5098 Besae,
3266 5037 3349 5081 ne
3395 5016 3593 5080 tantis
3629 5014 3790 5079 viris
3823 5015 4205 5080 inconstans

2250 5275 2431 5330 loca.
2468 5275 2526 5342 1)
2565 5274 2654 5328 De
2685 5273 2784 5329 hoc
2828 5280 2879 5328 et
2912 5273 3196 5329 Ludovico
3231 5271 3430 5343 Neyln‘s
3460 5271 3616 5338 infra
3660 5269 3886 5324 laudato
3933 5270 4072 5324 mm
4101 5270 4211 5327 hn-

2250 5347 2450 5402 benus.
2508 5342 2749 5400 1oanm
2769 5341 2954 5400 Faber
2992 5343 3048 5399 V.
3073 5342 3147 5397 D.
3171 5341 3252 5395 Μ.
3287 5348 3407 5396 erat
3437 5341 3682 5396 canavae
3716 5337 3847 5394 inde
3881 5338 4209 5398 aba.1549.

3722 5423 3792 5479 25
