4900 6167
664 439 787 500 719

1543 617 1729 688 1881.

1139 756 1541 825 SLEIDAN
1551 755 1665 824 US
1708 753 2139 823 GALVINO.

835 916 1071 980 Iterum
1126 919 1305 998 royat
1364 933 1503 978 eum
1566 917 1635 977 ut
1690 911 1764 977 de
1837 910 2242 975 Vahlen-sium
2297 909 2478 974 caede
2536 909 2608 973 in

664 1000 1009 1067 Provincia
1041 1000 1190 1065 olim
1242 1000 1415 1080 facta
1453 1002 1508 1063 et
1554 996 1798 1063 Serveto
1841 998 1901 1062 ei
1942 995 2173 1061 scribat
2214 1015 2372 1077 quac
2414 993 2606 1059 histo-

656 1088 800 1238 ,ἔαρ
849 1107 1028 1238 8²:32.
1050 1086 1323 1151 inserere
1372 1088 1571 1167 queat.
1678 1082 1859 1148 Nova
1917 1082 2098 1164 affert
2147 1102 2224 1146 ex
2269 1080 2512 1163 Anylia
2552 1082 2608 1143 et

967 1324 1078 1391 (Ex
1112 1323 1447 1394 autographo
1483 1323 1609 1378 Cod.
1647 1324 1850 1378 Gener.
1891 1320 2009 1385 113,
2042 1322 2132 1375 fol.
2167 1320 2280 1377 89.)

661 1480 1043 1548 Clarissimo
1086 1480 1228 1544 viro
1272 1476 1356 1543 D.
1408 1477 1636 1542 Ioanni
1682 1476 1959 1542 Calvino
2018 1473 2426 1541 ecclesiastae
2472 1473 2607 1538 Ge·

1279 1566 1546 1630 nevensi
1593 1563 1987 1627 fidelissimo.

833 1683 970 1750 Sal.
1051 1681 1192 1748 Sub
1234 1681 1395 1747 Idus
1438 1680 1857 1765 Septembres
1904 1678 1981 1742 aul
2030 1692 2094 1743 te
2137 1680 2385 1762 scripsi,
2411 1678 2462 1763 ¹)
2509 1679 2613 1743 vir

661 1771 1043 1847 clarissime,
1100 1768 1182 1833 de
1226 1769 1500 1833 historia
1545 1767 1881 1850 religionis
1925 1786 2121 1848 quam
2165 1764 2610 1848 superioribus

659 1858 850 1924 annis
894 1855 1264 1919 inchoatam
1320 1851 1401 1917 ad
1445 1852 1567 1917 hoc
1611 1853 1745 1917 fere
1790 1863 2049 1934 tempus
2093 1872 2299 1932 usque
2345 1848 2606 1915 deduxi.

657 1940 998 2027 Rogabam
1054 1951 1119 2004 te
1184 1938 1313 2002 illis
1377 1938 1584 2002 literis
1642 1948 1715 2002 ut
1785 1937 1865 2001 de
1921 1936 2117 2002 caede
2175 1935 2609 2001 Valdensium

657 2028 1038 2113 quaefacta
1080 2026 1206 2089 fuit
1232 2027 1428 2088 Anno
1474 2028 1632 2086 1545
1672 2023 2020 2107 diligenter
2063 2034 2128 2087 et
2170 2022 2400 2087 ordine
2443 2020 2609 2085 mihi

656 2114 990 2181 scriberes.
1014 2102 1072 2192 ²)
1138 2110 1275 2174 Nec
1317 2111 1496 2174 enim
1541 2108 1765 2174 dubito
1810 2121 1877 2173 te
1913 2108 1978 2172 id
2022 2129 2210 2191 posse
2255 2115 2607 2190 praestare.

657 2198 833 2280 Quia
876 2218 1035 2262 vero
1080 2194 1244 2261 nihil
1288 2195 1556 2260 interim
1613 2195 1727 2261 abs
1788 2206 1852 2259 te
1912 2195 2073 2259 mihi
2117 2193 2444 2260 redditum
2491 2204 2609 2270 est,

657 2283 882 2350 dubito
918 2304 1076 2347 num
1115 2281 1453 2364 epistolam
1492 2282 1833 2363 acceperis.
1899 2281 2132 2362 Itaque
2168 2302 2398 2345 rursus
2435 2278 2609 2344 idem

660 2378 810 2455 peto
865 2378 931 2434 et
973 2390 1086 2432 oro
1131 2375 1208 2431 ut
1255 2389 1366 2449 per
1422 2369 1705 2450 primum
1748 2367 2158 2432 tabellarium
2215 2367 2440 2430 mittas
2501 2366 2609 2431 ubi

657 2456 1139 2537 conscripseris.
1229 2453 1485 2518 Deinde
1520 2474 1661 2517 rem
1705 2474 1967 2517 omnem
2013 2452 2093 2517 de
2144 2450 2390 2516 Serveto
2406 2455 2462 2528 ³)
2499 2452 2610 2516 de-

654 2565 784 2626 que
841 2544 1043 2606 fratre
1098 2538 1254 2602 Dni.
1320 2538 1560 2604 Valesii
1617 2541 1726 2622 qui
1798 2550 2065 2622 propter
2121 2538 2485 2602 doctrinam
2543 2548 2612 2603 et

654 2628 1120 2713 professionem
1194 2625 1519 2709 evangelii
1599 2625 1872 2690 adustus
1938 2624 2067 2689 fuit
2142 2634 2294 2688 ante
2360 2644 2609 2688 annum

655 2724 960 2799 quartum
984 2715 1038 2786 ⁴)
1084 2709 1250 2775 scire
1309 2711 1523 2774 velim.
1614 2709 1904 2776 Obsecro
1963 2720 2028 2775 te
2087 2731 2171 2774 ne
2227 2710 2397 2775 desis
2458 2709 2611 2776 huic

654 2800 837 2884 operi
877 2796 1048 2880 quod
1092 2797 1172 2860 ad
1219 2796 1579 2860 multorum
1615 2796 1996 2872 utilitatem,
2054 2798 2146 2859 uti
2208 2817 2417 2878 spero,
2465 2817 2611 2879 per-

656 2888 843 2951 tinet.
915 2882 1142 2948 Petrus
1174 2881 1433 2965 Martyr
1476 2882 1595 2947 sub
1643 2883 1838 2948 finem
1884 2880 2186 2947 Octobris
2231 2882 2359 2947 huc
2404 2882 2610 2946 venit.

655 2972 803 3036 Iam
840 2971 1058 3053 agitur
1092 2989 1237 3032 cum
1286 2967 1398 3032 illo
1441 2970 1553 3032 uti‘
1578 2981 1842 3033 maneat
1877 2968 2233 3034 nobiscum.
2260 2971 2310 3035 ⁵)
2380 2968 2463 3033 D.
2503 2968 2609 3031 Ia·

656 3057 855 3123 cobus
914 3055 1236 3119 Stamius
1290 3052 1517 3120 eodem
1572 3054 1675 3119 die
1731 3076 1857 3138 quo
1915 3053 2027 3118 ille
2082 3052 2271 3118 venit
2313 3066 2609 3119 mortuus

655 3155 801 3210 erat
843 3164 925 3207 ex
969 3150 1289 3224 quartana
1333 3140 1515 3206 febri.
1606 3138 1752 3206 Scis
1805 3148 2123 3222 quantum
2181 3139 2400 3203 virum
2446 3140 2610 3204 ami-

654 3229 879 3295 simus.
968 3227 1179 3290 Filius
1226 3226 1527 3291 Caesaris
1568 3226 1638 3291 in
1684 3227 2172 3290 matrimonium
2229 3225 2424 3289 ducet
2469 3226 2610 3289 An·-

652 3315 829 3401 gliae
875 3315 1170 3398 reginam
1218 3309 1508 3377 Mariam
1549 3324 1617 3376 et
1660 3311 1921 3396 quidem
1966 3310 2045 3375 de
2090 3311 2387 3375 omnium
2433 3310 2610 3374 ordi-

654 3423 817 3467 num
862 3421 1148 3471 assensu,
1195 3412 1272 3462 ut
1314 3397 1634 3463 scribitur.
1729 3397 2205 3465 cantuariensis
2247 3407 2390 3461 erat
2433 3396 2612 3461 dam-

653 3503 854 3553 natus
897 3485 1126 3566 capitis
1169 3496 1235 3549 et
1270 3485 1501 3567 regina
1526 3482 1776 3550 Ioanna
1808 3503 1961 3548 cum
1997 3483 2149 3547 filiis
2175 3481 2611 3547 Northumbrii

654 3573 858 3638 ducis.
949 3572 1010 3635 N
1014 3590 1142 3635 unc
1194 3584 1414 3633 autem
1458 3567 1764 3634 scribitur
1807 3569 2256 3634 Cantuariensi
2298 3567 2609 3634 donatam

654 3681 798 3725 esse
868 3659 1087 3722 vitam.
1201 3654 1380 3735 Quid
1459 3654 1728 3736 reliquis
1808 3655 2105 3719 futurum
2174 3655 2290 3732 sit,
2372 3656 2607 3721 nesci0.

657 3745 961 3812 Albertus
1006 3741 1304 3807 Marchio
1350 3742 1568 3806 minus
1611 3740 1887 3806 feliciter
1946 3739 2189 3804 bellum
2234 3742 2402 3825 gerit
2457 3763 2605 3807 cum

655 3831 992 3915 episcopis.
1055 3827 1300 3892 Amisit
1334 3824 1567 3908 oppida
1608 3825 1929 3909 quaedam
1965 3834 2033 3889 et
2068 3826 2376 3891 sollicitat
2416 3848 2608 3909 quos-

656 3917 806 3982 dam
855 3914 935 3979 de
978 3913 1258 3978 auxiliis.
1347 3913 1655 3994 Episcopi
1699 3921 1765 3975 et
1808 3911 2279 3995 Norenbergici
2327 3922 2609 3978 utuntur

653 4011 1145 4087 propugnatore
1190 3997 1463 4060 Henrico
1499 3997 1985 4062 Brunsvicensi.
2075 3997 2262 4061 I'nter
2307 4000 2610 4064 Ioannem

657 4086 1059 4153 Fridericum
1117 4093 1183 4146 et
1230 4084 1586 4163 Auyustum
1634 4082 1935 4147 Mauritii
1991 4084 2262 4148 fratrem
2317 4084 2607 4150 nondum

654 4172 963 4239 convenit
1006 4168 1204 4252 (quod
1251 4165 1512 4249 quidem
1558 4166 1663 4231 hic
1705 4177 1985 4245 constet)
2031 4170 2154 4233 etsi
2190 4170 2446 4236 Daniae
2490 4192 2610 4236 rex

655 4260 905 4342 aliquot
948 4276 1120 4320 nunc
1166 4252 1499 4317 mensibus
1556 4252 1921 4318 intercedit.
2013 4254 2117 4319 De
2161 4255 2607 4339 persequutio·

653 4345 852 4411 nibus
908 4342 1105 4406 huius
1164 4338 1476 4420 temporis
1535 4357 1653 4420 per
1713 4338 2003 4404 Galliam
2061 4342 2112 4404 si
2173 4342 2326 4423 quid
2384 4342 2605 4423 habes,

657 4452 773 4496 ora
815 4426 1079 4495 scribas.
1170 4423 1532 4489 Molinaeus
1574 4423 1758 4489 nobis
1803 4424 2042 4490 relictis
2088 4427 2456 4512 'l'ubingam
2502 4450 2610 4511 pe-

655 4518 781 4584 tiit.
808 4520 861 4593 ⁶)
948 4513 1217 4577 Interea
1273 4509 1439 4573 nihil
1498 4509 1776 4591 scripsit.
1872 4511 1972 4574 De
2016 4512 2292 4579 comitiis
2346 4513 2608 4597 imperii

656 4669 828 4725 1881.
868 4671 917 4728 ι)
962 4665 1043 4743 Ν..
1069 4661 1260 4743 1797.·

766 4780 770 4785 ’
866 4735 927 4868 3),
968 4732 1132 4883 Voma'ff‘
1144 4731 1314 4855 msam-⁶
1333 4729 1673 4879 1¹›1rsaoba380'm
1710 4800 1816 4854 446
1850 4801 1972 4883 aaa
2003 4802 2097 4856 ara
2129 4809 2181 4856 et
2211 4804 2394 4860 mam·
2428 4807 2606 4876 sev-‚pu

652 4881 777 4931 um
812 4888 879 4928 ex
919 4872 1140 4926 Calvum
1175 4869 1806 4949 Defenstoooeflqustwm
1838 4871 2072 4926 mdetnw.

865 4941 925 5003 4)
964 4940 1054 4995 De
1086 4939 1257 4995 Mus
1599 4955 1663 4992 m
1705 4944 1894 4995 nostro
1939 4940 2199 4996 theaumo
2247 4940 2388 4995 ΜἸιᾱ
2418 4943 2612 5010 leyisae

659 5010 1020 5069 neminimus.
1093 5008 1174 5076 Cf.
1212 5006 1290 5063 N.
1330 5008 1376 5061 1⁶
1471 5049 1480 5059 .
1518 5006 1669 5060 1290.

870 5080 930 5144 5)
968 5078 1055 5144 Cf.
1098 5079 1169 5132 N.
1209 5076 1348 5131 1842
1382 5082 1433 5131 et
1468 5074 1719 5131 Schmidt
1780 5077 1960 5133 Vena.
1999 5077 2117 5131 141.

666 5224 918 5287 morat,
978 5231 1085 5287 quo
1128 5220 1345 5272 morato
1400 5218 1741 5296 vocatumem
1798 5232 1835 5270 a
1885 5216 2141 5285 Chnotop

2167 427 2690 496 EPISTOLAE
2743 432 3158 495 1881—1884

2651 4662 2657 4733 l

4513 431 4624 497 720

2713 617 2954 684 futuris
3010 619 3350 703 Augustae
3403 639 3627 685 mense
3681 618 3821 684 Ian.
3884 617 4047 684 nihil
4102 617 4411 684 habemus
4463 620 4624 684 certi.

2713 701 2881 807 Va-le
2946 710 3013 769 et
3075 703 3376 771 rescribe.
3477 705 3631 771 Dat.
3689 705 3966 790 Argent.
4021 703 4253 788 xxviij.
4310 703 4626 771 Decembr.

2723 793 2901 854 15⁰3·
3758 876 3884 942 'Pui
3929 874 4437 942 studiosissimus

3838 962 3935 1028 Io.
3979 959 4346 1029 Sleidanus.

3871 1258 3904 1265 *-

3591 1489 3788 1563 1882.

3142 1644 3544 1713 VIRE'I'US
3590 1645 4226 1713 BULLINGERO.

2891 1818 3286 1885 Commendat
3338 1820 3396 1884 ei
3446 1820 3753 1901 neyotium
3814 1817 4080 1883 Pano-rii
4141 1819 4323 1885 cuius
4379 1838 4569 1901 nuper
4605 1840 4644 1883 a

2716 1904 2893 1970 Besa
2934 1905 3230 1970 nunciata
3269 1904 3482 1987 fuerat
3522 1905 3869 1985 captivitas.
4119 1914 4130 1931 ’

2715 2077 2828 2144 (Ex
2878 2082 3108 2144 autogr-a
3147 2076 3216 2129 ho
3261 2076 3424 2129 Arch.
3470 2076 3649 2130 Turio.
3699 2075 3841 2129 Plut..
3881 2075 3979 2128 VI.
4030 2075 4150 2130 Vol.
4201 2075 4303 2130 166
4357 2077 4482 2130 olim
4518 2076 4645 2144 Epp.

3080 2093 3229 2198 alcun.
3272 2142 3357 2211 24,
3391 2145 3485 2198 sol.
3520 2142 3641 2197 242.
3687 2173 3744 2182 —
3782 2144 3998 2200 Simler.
4037 2144 4154 2199 Vol.
4187 2143 4303 2212 80.)

2887 2316 3270 2382 Clarissimo
3315 2316 3458 2382 viro
3503 2337 3578 2383 ac
3622 2318 4187 2400 praestantissimo
4222 2316 4380 2383 Iesu
4415 2316 4651 2383 Ohristi

2716 2423 2905 2468 servo
2960 2403 3041 2468 D.
3103 2402 3444 2468 Henricho
3503 2403 3893 2487 Bullingero
3945 2402 4303 2487 Tigurinae
4362 2402 4651 2469 ecclesiae

2716 2489 3013 2564 antistiti,
3060 2488 3245 2553 fratri
3282 2501 3349 2552 et
3391 2498 3797 2574 symmystae
3840 2487 4197 2570 plurimum
4242 2485 4647 2556 observando.

4253 2592 4501 2676 Tiguri.

2888 2728 2957 2796 S.
3006 2729 3421 2795 Gravissima
3464 2739 3564 2794 est
3606 2750 3819 2809 causa,
3865 2728 4231 2812 Bullinqere
4274 2729 4652 2804 doctissime,

2715 2837 2880 2901 quae
2925 2835 3044 2881 uos
3088 2824 3165 2880 ut
3218 2815 3301 2880 ad
3359 2827 3426 2879 te
3471 2815 3832 2882 scribamus
3876 2824 4070 2899 urget
4110 2824 4178 2879 et
4221 2815 4517 2898 impellit,
4562 2823 4654 2879 at·

2715 2923 2843 2985 que
2902 2923 2978 2966 eo
3044 2901 3502 2967 vehementius
3580 2922 3708 2984 quo
3773 2902 4013 2967 certior
4077 2901 4263 2966 nobis
4330 2922 4480 2985 spes
4539 2907 4652 2977 est,

2716 3003 2898 3053 tuam
2957 3007 3225 3070 operam
3291 2987 3364 3051 in
3422 2995 3556 3051 tam
3614 2995 3839 3053 sancto
3907 2987 4169 3072 negotio
4226 3008 4362 3052 non
4429 2986 4651 3051 defore.

2716 3073 2903 3156 Quae
2962 3081 3180 3138 autem
3246 3072 3407 3137 haec
3478 3075 3566 3139 sit
3621 3095 3818 3141 causa
3872 3074 4038 3138 nihil
4099 3074 4339 3138 attinet
4392 3071 4653 3158 prolixis

2710 3159 2921 3225 literis
2955 3178 3479 3237 commemorare,
3526 3180 3726 3242 quum
3771 3180 3935 3238 eam,
3981 3168 4304 3242 quantum
4341 3160 4500 3226 satis
4545 3167 4654 3233 est,

2712 3245 2892 3310 Beza
2935 3252 3160 3310 noster
3202 3246 3339 3310 suis
3382 3243 3465 3310 ad
3509 3256 3577 3311 te
3611 3245 3822 3312 literis
3849 3244 3899 3332 ¹)
3935 3247 4315 3329 exposuerit
4358 3268 4435 3312 ac
4467 3242 4656 3310 simul

2713 3331 3152 3410 admonuerit,
3209 3351 3405 3414 quam
3460 3337 3645 3396 tuam
3701 3352 3892 3415 opem
3948 3332 4021 3396 in
4075 3353 4153 3397 ea
4210 3331 4654 3416 efflagitemus.

2714 3416 2938 3498 Quare
2978 3417 3082 3483 his
3126 3416 3369 3482 nostris
3421 3417 3631 3483 literis
3688 3417 3811 3483 hoc
3872 3427 4132 3482 tantum
4191 3417 4313 3482 tibi
4360 3424 4655 3482 testatum

2711 3504 2926 3569 swero
2967 3502 3315 3579 voluimus,
3359 3523 3777 3570 communem
3825 3511 4124 3569 nostrum
4175 3504 4478 3569 omnium
4518 3521 4658 3568 sen-

2714 3590 2991 3656 tentiam
3053 3590 3170 3655 tibi
3229 3610 3269 3653 a
3327 3587 3505 3655 Besa
3562 3610 3707 3655 esse
3764 3590 4132 3672 expositam
4150 3641 4165 3669 ,
4225 3590 4415 3655 cuius
4459 3588 4655 3672 preci-

2713 3673 2838 3740 bus
2881 3684 3141 3745 nostras
3182 3695 3439 3758 quoque
3485 3676 3845 3759 adiungere
3891 3676 4218 3741 voluimus
4233 3726 4249 3753 ,
4307 3685 4385 3741 ut
4426 3673 4656 3740 intelli-

2714 3783 2902 3846 geres
2946 3770 3193 3843 quanto
3250 3783 3477 3827 omnes
3523 3760 3738 3827 studio
3798 3761 3967 3827 hanc
4024 3783 4286 3829 causam
4349 3780 4658 3828 curemus.

2715 3848 3038 3930 Dispicies
3078 3847 3284 3931 igitur
3326 3847 3482 3930 quid
3525 3848 3595 3912 in
3638 3868 3717 3912 ea
3760 3849 3987 3931 possis,
4034 3858 4100 3913 et
4133 3847 4289 3931 quid
4325 3870 4367 3914 a
4411 3845 4659 3931 magni-

2713 3935 2834 3998 fico
2879 3943 3101 3999 vestro
3144 3940 3379 3999 senatu
3422 3943 3490 3999 te
3533 3933 3886 4016 impetrare
3931 3953 4120 4016 posse
4163 3932 4476 4000 confidas.
4542 3931 4658 3997 Di-

2713 4020 2885 4084 citur
2919 4021 3066 4102 pius
3111 4027 3328 4084 vester
3370 4017 3634 4096 Consul,
3681 4020 3795 4101 qui
3838 4018 4296 4102 Sequanorum
4342 4040 4540 4086 causa
4571 4016 4660 4082 le-

2714 4106 2977 4190 gatione
3021 4106 3286 4171 functus
3329 4115 3459 4182 est,
3516 4105 3726 4170 multa
3786 4104 3957 4188 apud
4001 4104 4146 4171 illos
4190 4106 4412 4172 valere
4456 4103 4660 4189 gratia

2713 4204 2781 4257 et
2824 4192 3189 4256 autoritate.
3281 4188 3467 4272 Quae
3533 4212 3681 4275 spes
3746 4211 3864 4255 nos
3933 4191 4236 4270 adduxit,
4301 4201 4381 4257 ut
4447 4197 4660 4257 vestra

2712 4299 2965 4359 quoque
3010 4298 3093 4342 ex
3140 4286 3323 4359 parte
3368 4276 3613 4361 aliquid
3672 4275 3856 4341 nobis
3913 4278 4141 4343 auxilii
4186 4277 4656 4362 polliceremur.

2713 4362 2995 4428 Caetera
3036 4382 3386 4446 cognosces
3430 4385 3516 4427 ex
3557 4360 3768 4427 Besae
3811 4362 4036 4429 literis.
4104 4362 4240 4430 Sed
4282 4363 4438 4430 vide
4481 4383 4562 4427 ne
4593 4370 4658 4424 te

2710 4448 2901 4514 fallat
2943 4449 3297 4530 inscriptio.
3320 4451 3378 4526 ²)
3443 4448 3613 4513 Nam
3657 4470 3861 4531 quum
3905 4448 4082 4515 Besa
4124 4449 4323 4515 simul
4364 4448 4448 4514 ad
4494 4457 4556 4514 te
4597 4455 4660 4510 et

2710 4535 2794 4601 ad
2839 4533 3161 4618 collegam
3205 4555 3423 4599 meum
3480 4533 3806 4600 Valerium
3841 4535 4168 4611 scriberet,
4217 4557 4288 4601 se
4331 4536 4551 4618 ipsum
4592 4533 4658 4596 in

2709 4621 2920 4685 literis
2976 4618 3407 4685 inscribendis
3463 4620 3727 4699 fefellit,
3802 4621 4024 4685 addita
4073 4624 4165 4686 tui
4224 4622 4509 4688 nominis
4563 4620 4660 4683 in·

2711 4709 3062 4789 scriptione
3106 4708 3205 4783 iis,
3249 4726 3414 4789 quae
3449 4704 3533 4772 ad
3570 4705 3897 4772 Valerium
3930 4709 4361 4774 mittebantur
4399 4709 4470 4772 in
4506 4705 4659 4769 haec

2712 4793 2941 4858 verba:
2991 4791 3255 4856 Eximio
3300 4812 3490 4857 servo
3531 4791 3686 4857 Iesu
3731 4792 3981 4857 Christi
4027 4802 4094 4859 et
4135 4795 4308 4877 patri
4352 4793 4518 4858 mihi
4552 4790 4658 4855 ob-

2712 4876 3224 4943 servandissimo
3310 4876 3397 4944 D.
3478 4877 3817 4944 Henricho
3901 4878 4270 4964 Buzzinqero
4352 4878 4654 4946 ecclesiae

2713 4965 3070 5048 Tigurinae
3130 4965 3374 5046 pastori
3434 4963 3809 5030 fidelissimo
3869 4966 4116 5071 Tiguri.
4206 4965 4457 5033 Contra
4506 4982 4655 5031 vero

1112 5147 1305 5203 sumn
1695 5116 1743 5200 ἑ
1885 5145 2018 5201 1053
2053 5148 2109 5202 Α
2657 5102 2663 5153 1
2712 5052 2842 5114 tuis
2915 5049 3156 5115 Valerii
3211 5070 3446 5114 nomen
3501 5050 3847 5135 inscripsit.
3948 5051 4084 5115 Sed
4141 5073 4342 5136 quum
4403 5051 4484 5117 ad
4543 5070 4654 5115 nos

871 5150 922 5215 6)
954 5150 1074 5204 Iac.
1303 5147 1398 5201 ius
1431 5160 1555 5198 eum
1574 5161 1657 5225 yn.
1740 5153 1846 5215 ιρι.
2006 5216 2017 5229 .
2108 5163 2141 5202 r
2175 5151 2482 5201 anton-atum
2514 5163 2614 5230 ¹⁹⁰⁸.
2657 5172 2663 5225 1

664 5289 911 5415 QZ}
948 5290 1313 5411 mh&
1352 5284 1634 5353 Tubmqac
1678 5283 1931 5340 lectiones
1974 5231 2300 5357 auspicata
2323 5215 2612 5341 24808ωεῖ
2658 5238 2665 5393 ἰ
2713 5287 2892 5343 lesa.

2924 5290 2979 5354 1)
3014 5289 3089 5343 N.
3131 5286 3280 5342 1878.

2920 5356 2977 5419 2)
3026 5358 3159 5413 Viae
3192 5358 3403 5413 ibidem.
