4900 6167
647 423 730 484 87
2161 412 2688 481 EPIS'POLAE
2741 415 3159 476 1472—1474
4587 413 4664 476 88

646 607 746 672 sic
787 617 855 671 et
899 604 1164 670 Christo
1209 609 1276 668 et
1330 603 1640 669 ecclesiae
1698 603 2044 669 inservire.
2137 603 2466 669 Dominus
2508 602 2608 666 vi-

650 712 760 757 res
803 690 1099 757 conferat
1141 710 1215 754 ac
1260 684 1603 754 benedicat
1645 690 1779 754 tuis
1824 688 2168 755 laboribus.

824 775 1181 841 Torserunt
1225 793 1331 838 me
1375 773 1775 856 aliquamdiu
1828 774 2123 858 graviter
2166 773 2451 856 Hopperi
2493 794 2610 839 no-

650 864 771 928 stri
814 861 1097 937 vincula,
1144 859 1261 925 sed
1302 879 1493 941 spero
1536 859 1823 924 meliora.
1854 861 1912 936 ⁵)
1978 860 2214 927 Mense
2247 859 2611 925 Februario

654 948 814 1033 [fere
860 946 1031 1013 circa
1074 944 1320 1010 mensis
1361 945 1754 1029 principium
1817 949 1872 1022 ⁸)
1918 945 2152 1029 scripsi
2196 943 2281 1010 D.
2332 943 2611 1011 cantua-

647 1033 880 1112 riensi,
941 1031 1022 1096 D.
1096 1029 1265 1096 Goxo
1334 1028 1710 1114 paedagogo
1835 1031 2085 1112 egis‚⁷)
2166 1029 2611 1096 illustrissimo

648 1118 933 1201 principi
989 1114 1387 1182 Dorcas-iae
1440 1115 1835 1194 marchioni,
1895 1116 2120 1182 comiti
2177 1138 2216 1181 a
2280 1115 2534 1200 Varvyk
2556 1117 2609 1189 ⁸)

650 1211 714 1267 et
758 1202 924 1281 aliis,
970 1210 1163 1284 prout
1206 1201 1585 1266 existimavi
1631 1201 1691 1265 ei
1736 1202 1836 1267 vel
1884 1202 2127 1268 amicos
2172 1201 2279 1266 vel
2319 1200 2610 1266 infensos

648 1307 808 1353 esse.
877 1288 978 1353 Ac
1023 1287 1147 1350 fuit
1190 1293 1418 1368 postea
1459 1285 1567 1352 hic
1604 1285 1779 1370 apud
1816 1307 1937 1352 nos
1973 1287 2204 1370 Tiguri
2242 1286 2365 1353 sub
2407 1288 2609 1351 finem
2715 1281 2746 1382 [

647 1371 995 1438 Februarii
1054 1370 1313 1453 Anglus
1370 1372 1476 1435 vir
1529 1373 1847 1454 optimus,
1909 1373 2016 1455 qui
2077 1369 2336 1437 dicebat
2387 1372 2608 1454 ipsum

642 1479 776 1524 non
821 1458 895 1521 in
934 1475 1259 1521 carcerem
1305 1457 1688 1535 coniectum,
1734 1455 1847 1521 sed
1884 1456 2167 1521 detineri
2204 1457 2275 1520 in
2311 1456 2609 1523 custodia

646 1541 967 1607 nobilium
1011 1562 1087 1606 ac
1121 1560 1306 1623 spem
1352 1561 1495 1606 esse
1540 1540 1722 1606 brevi
1771 1540 2254 1606 dimittendum.
2328 1540 2404 1607 Si
2448 1539 2605 1624 quid

646 1628 790 1693 eius
851 1626 945 1692 rei
1015 1635 1267 1692 certum
1348 1646 1655 1710 accepero
1734 1626 2017 1692 libenter
2094 1626 2605 1693 communicabo,

644 1712 977 1795 Exspecto
1019 1712 1086 1776 in
1131 1709 1330 1777 horas
1373 1712 1615 1777 literas.
1706 1710 1784 1779 Si
1841 1711 2001 1795 quid
2059 1712 2177 1777 tibi
2224 1713 2608 1796 scripserint

651 1798 865 1876 amici,
912 1797 1011 1862 fac
1051 1818 1134 1862 ne
1177 1798 1496 1880 ignorem.

817 1881 1030 1948 Doleo
1054 1901 1196 1947 esse
1238 1882 1309 1947 in
1339 1892 1473 1947 tam
1520 1882 1757 1948 celebri
1795 1882 2068 1949 ecclesia
2113 1882 2471 1949 nebulones
2496 1882 2606 1966 qui

645 1970 740 2033 ita
783 1968 1175 2034 conturbent
1218 1988 1355 2032 vos.
1443 1967 1793 2034 Caeterum
1855 1990 1987 2033 non
2046 1969 2317 2053 ignoras
2375 1967 2607 2051 quales

642 2054 892 2119 fuerint
934 2073 1192 2137 semper
1251 2053 1319 2118 in
1363 2053 1665 2131 ecclesia,
1732 2054 1865 2118 imo
1908 2053 2134 2137 quales
2189 2055 2481 2119 vixerint
2531 2054 2605 2119 in

641 2139 1024 2223 prophetica
1067 2149 1132 2202 et
1176 2138 1534 2222 apostolica
1591 2138 1894 2217 ecclesia,
1953 2140 2116 2221 ipsis
2173 2137 2390 2204 adhuc
2453 2159 2606 2223 pro-

640 2223 858 2309 phetis
914 2233 982 2289 et
1037 2223 1352 2305 apostolis
1411 2222 1812 2290 docentibus.
1902 2221 2014 2291 Sis
2067 2245 2224 2308 ergo
2283 2224 2473 2290 fortis
2538 2234 2607 2290 et

640 2310 798 2376 boni
862 2310 1143 2392 pastoris
1186 2330 1429 2392 perage
1496 2309 1803 2375 officium.
1906 2310 2237 2375 Dominus
2294 2310 2602 2394 spiritum

639 2394 1048 2461 fortitudinis
1090 2392 1403 2460 concedat
1445 2414 1521 2460 ac
1563 2393 1969 2477 prudentiae.

813 2480 1184 2546 Concilium
1241 2479 1553 2562 procedit.
1645 2479 1924 2546 Crestus
1983 2491 2084 2545 est
2127 2480 2379 2546 Romae
2421 2481 2605 2565 lega-

642 2574 748 2632 tus
794 2567 903 2649 qui
958 2564 1231 2630 concilio
1276 2564 1644 2646 praesideat
1658 2615 1674 2643 ,
1735 2564 2087 2632 cardinalis
2146 2587 2189 2630 a
2234 2564 2604 2632 &essentiis

638 2650 1080 2716 Bononiensis
1135 2648 1409 2732 legatus.
1512 2650 1599 2715 Ei
1659 2649 1983 2715 addentur
2029 2649 2157 2716 duo
2214 2652 2519 2736 episcopi.
2547 2655 2602 2722 ⁹)

639 2733 1002 2801 Colludunt
1058 2755 1229 2817 papa
1273 2743 1341 2799 et
1383 2733 1646 2801 Caesar.
1737 2735 2011 2802 Utinam
2056 2746 2319 2819 saperet
2362 2736 2602 2803 Gallus

638 2828 706 2886 et
749 2841 904 2884 suos
947 2819 1094 2886 illos
1134 2821 1540 2903 episcopulos
1583 2841 1719 2886 non
1760 2821 2057 2887 mitteret
2099 2819 2184 2887 ad
2226 2822 2597 2890 concilium.

637 2903 753 2971 Sic
817 2903 1204 2987 proderetur
1269 2906 1505 2971 minus.
1610 2904 1746 2971 Sed
1808 2908 1968 2972 satis
2037 2919 2137 2973 est
2205 2908 2597 2973 admonitus.

633 2990 899 3057 Patavii
964 2989 1320 3074 repullulat
1380 2990 1715 3057 horribilis
1768 2991 2090 3059 Hebionis
2160 2992 2450 3059 haeresis
2466 3039 2484 3069 ‚
2516 2993 2600 3076 ¹⁰)

633 3075 858 3143 Iesum
902 3075 1245 3143 Christum
1292 3089 1521 3142 natum
1565 3098 1706 3144 esse
1749 3099 1833 3143 ex
1877 3078 2291 3163 corruptibili
2332 3077 2599 3162 Iosephi

633 3163 900 3229 semine.
1011 3161 1157 3229 Hoc
1226 3171 1302 3226 ut
1370 3163 1733 3247 approbent
1796 3165 2038 3230 bonam
2103 3164 2598 3248 evangeliorum

630 3259 890 3331 partem
934 3257 1198 3331 neg-ant.
1290 3246 1505 3328 Quam
1563 3249 1645 3314 ob
1712 3270 1852 3314 rem
1909 3247 2093 3315 doleo
2147 3248 2594 3316 vehementer.

635 3332 969 3398 Dominus
1012 3353 1049 3397 e
1095 3332 1314 3399 medio
1354 3333 1608 3399 auferat
1649 3331 1974 3400 scandala.

804 3416 1063 3483 Dicitur
1097 3419 1314 3485 'Purca
1355 3439 1497 3485 esse
1540 3420 1610 3483 in
1654 3419 2069 3503 expeditione
2112 3421 2404 3486 maxima
2447 3439 2598 3487 con-

632 3510 738 3569 tra
785 3500 1082 3570 Carolum
1136 3511 1205 3568 et
1263 3502 1758 3571 Fordinandum.
1847 3504 2128 3571 Interim
2185 3516 2438 3573 certum
2496 3514 2598 3572 est

628 3588 754 3655 hos
795 3587 1386 3655 inaestimabilibus
1428 3590 1625 3655 etiam
1671 3589 1903 3673 opibus
1956 3591 2081 3656 niti
2140 3590 2438 3659 inducias
2485 3591 2596 3658 vel

838 3808 895 3874 5)
936 3807 1128 3878 Neque
1160 3808 1293 3864 haec
1326 3824 1449 3878 spes
1483 3825 1598 3864 eum
1632 3810 1839 3877 fefellit.

837 3875 900 3939 6)
940 3875 1158 3931 Harum
1189 3878 1474 3933 literarum
1508 3879 1664 3933 nulla
1699 3884 1923 3934 aetatem
1942 3880 2131 3936 tulisse
2145 3881 2375 3936 videtur.
2416 3879 2593 3939 Socie-

630 3950 719 3999 iae
754 3951 895 4001 certe
930 3944 1284 4001 Parkeriaaa
1330 3962 1423 4002 eae
1470 3963 1584 4002 non
1632 3950 1897 4017 reperisse
1939 3950 2173 4005 videtin.
2250 3947 2402 4019 Quae
2435 3952 2596 4006 uncis

631 4013 955 4069 &tammus
989 4015 1051 4067 in
1084 4016 1334 4084 marqine
1365 4015 1563 4071 addita
1596 4022 1741 4072 eunt

838 4079 899 4148 ⁷)
933 4083 1032 4152 qui
1065 4084 1181 4137 scil.
1219 4084 1346 4137 olim
1380 4085 1593 4152 fuerat,
1646 4101 1793 4139 nunc
1841 4087 2296 4157 eleemosynarius
2338 4094 2409 4150 et,
2435 4087 2593 4143 deca-

630 4165 745 4204 nus
781 4150 859 4205 ad
893 4151 1054 4205 aedes
1075 4152 1281 4206 Christi
1312 4158 1361 4206 et
1382 4153 1601 4222 Hoperi
1632 4156 1840 4209 amicus
1877 4153 2124 4218 (Parker
2158 4155 2374 4210 Letters
2393 4155 2441 4208 1.
2478 4154 2594 4221 82).

638 4218 774 4273 Post
812 4217 983 4288 Regis
1015 4221 1219 4274 obitum
1254 4221 1424 4275 solum
1458 4227 1665 4276 vertere
1700 4229 1918 4276 coactus
1952 4230 2044 4278 est.

835 4285 895 4353 8)
935 4287 1225 4344 Somerseu
1257 4290 1500 4344 aemulus
1552 4293 1906 4359 antayonista
1940 4299 1989 4346 et
2024 4307 2316 4347 successor.

747 4424 756 4435 .
840 4354 901 4420 9)
941 4358 1008 4409 A.
1044 4357 1097 4411 d.
1134 4358 1241 4413 IV.
1282 4357 1429 4412 Non.
1468 4330 1644 4413 lifar‘.
1685 4360 1982 4415 Marcellus
2023 4359 2367 4416 Crescentis&
2408 4361 2592 4417 cardi·

635 4423 782 4478 nolte
832 4422 890 4478 S.
943 4424 1223 4495 Marcelli,
1274 4427 1530 4495 pontifici
1572 4429 1767 4482 intima
1816 4427 2203 4493 familiaritate
2252 4431 2590 4498 coniunctus,

632 4497 849 4547 creatus
883 4499 963 4548 est
997 4495 1194 4549 unicae
1237 4495 1447 4563 leyatus
1491 4498 1588 4565 qui
1618 4497 2216 4561 praesideret'ooneilio
2255 4495 2371 4554 Cal.
2409 4500 2595 4555 Maiis

635 4576 673 4615 a
780 4559 995 4616 ieando.
1069 4563 1151 4616 Ei
1180 4564 1434 4619 adt'uneti
1474 4571 1603 4619 sunt
1647 4565 1756 4620 duo
1801 4567 2006 4633 nuncii,
2052 4582 2165 4622 non
2201 4567 2310 4623 duo
2346 4572 2465 4638 epis
2583 4568 2594 4580 ⁶

631 4635 695 4684 ut
864 4629 1012 4698 aicit,
1059 4648 1248 4700 nempe
1296 4634 1556 4703 Aloyeiue
1592 4632 1697 4702 Lip
1736 4650 1993 4702 omanus,
2043 4642 2095 4691 et
2140 4634 2255 4691 sot.
2298 4635 2588 4707 Pi'qliinue,

897 4698 984 4754 liic
1018 4700 1157 4754 alter
1191 4700 1351 4756 archi
1430 4703 1635 4770 ‘copus
1714 4704 2005 4772 ipuntinue
2037 4706 2074 4759 i.
2101 4720 2163 4773 p.
2197 4712 2331 4760 erat.

812 4766 899 4834 10)
942 4765 1092 4836 Quae
1126 4770 1216 4825 liic
1252 4778 1340 4825 tra
1383 4777 1551 4825 untur
1597 4771 1821 4826 aliunde
1866 4773 2024 4828 nobis
2069 4789 2179 4828 non
2215 4775 2588 4829 innotuerunt.

636 4835 1025 4904 Pestaloniue,
1060 4839 1160 4908 qui
1190 4839 1335 4895 hune
1367 4840 1539 4894 locum
1575 4840 1804 4895 adducit
1828 4858 1889 4910 p.
1925 4839 2043 4907 450,
2079 4841 2221 4898 niba
2252 4843 2411 4899 habet
2443 4842 2593 4914 quod

632 4903 711 4960 ad
742 4906 1128 4961 illustrandum
1167 4908 1354 4964 addat.
1408 4907 1497 4961 De
1536 4908 1821 4964 Matthaeo
1862 4909 2145 4973 Gribalclo,
2180 4914 2280 4984 qui
2310 4917 2424 4967 tum
2460 4919 2588 4968 tent·

627 4976 785 5053 poris
823 4974 1052 5029 Patavii
1081 4977 1172 5030 ius
1207 4976 1444 5056 doqebat,
1481 4982 1533 5031 et
1564 4980 1949 5044 reformationi
1956 4980 2212 5103 ίἴαυεὶκιε,
2246 4981 2469 5037 misane
2503 4996 2588 5039 eo·

631 5041 939 5109 antaradum,
975 5059 1140 5113 quum
1164 5046 1603 5100 Antttrinitariie
1640 5047 1881 5102 nondum
1918 5067 1951 5103 a
1997 5050 2280 5104 numerari
2303 5051 2590 5118 pomam,

667 5177 678 5189 ·
1374 5114 1670 5170 Ebionitia
1745 5116 2023 5172 Caeterum
2060 5117 2356 5174 Hebionem
2400 5119 2588 5174 haere·

630 5182 796 5257 uetus
829 5193 943 5232 non
977 5196 1013 5234 a
1052 5181 1166 5235 Bul
1184 5183 1374 5250 iuiqero
1420 5186 1701 5252 confictum
1750 5187 2080 5254 memineris,
2127 5203 2311 5241 verum
2357 5187 2472 5242 ian
2518 5187 2589 5242 ab

632 5243 971 5315 Hieronymo
1004 5250 1235 5320 aliisque
1271 5253 1529 5334 patribus
1562 5254 1910 5336 celebratum,
1955 5256 2016 5309 in
2062 5256 2391 5327 antiquitate
2435 5270 2588 5311 ecra-

835 5319 1432 5384 eaepusinnecaeeted

631 5113 683 5162 et
722 5109 802 5163 vel
825 5116 1023 5177 postea
1055 5130 1131 5167 nu
1285 5130 1335 5169 m

2713 598 2794 665 ad
2841 598 3175 664 biennium
3232 597 3575 664 redimere.
3662 596 3997 665 Fortassis
4030 602 4113 673 ¹¹)
4171 597 4429 665 liberati
4482 608 4667 665 metu

2712 686 2958 752 turcico
3000 693 3272 768 sperant
3313 705 3385 751 se
3427 685 3608 749 intra
3650 683 3772 750 hoc
3818 684 4155 750 biennium
4203 683 4414 750 Gallia
4456 694 4523 750 et
4568 705 4668 750 re-

2712 770 2892 855 liqua
2943 769 3240 835 nondum
3307 770 3576 836 subacta
3619 769 4019 836 Germaniae
4075 778 4263 853 parte
4327 771 4669 854 potituros.

2709 856 2975 922 Rursus
3031 876 3115 921 ex
3170 856 3395 921 morbo
3451 875 3572 921 suo
3627 854 3937 921 decubuit
3979 853 4255 934 Caesar,
4317 854 4434 922 sed
4477 876 4669 923 reva-

2710 942 2853 1007 luit.
2883 943 2969 1025 12)
3056 941 3274 1007 Homo
3317 940 3634 1007 beatulus.
3724 941 3857 1008 Hic
3900 940 4150 1008 scilicet
4191 941 4476 1024 peccatis
4520 962 4668 1007 nos—

2713 1028 2834 1093 tris
2910 1027 3338 1093 confirmatus
3404 1025 3797 1092 infirmando
3872 1028 4366 1111 potentissimas
4438 1037 4667 1112 gentes

2712 1113 3037 1196 subiugat.
3128 1110 3264 1178 Sed
3306 1111 3471 1179 heus
3486 1164 3503 1192 ,
3549 1113 3753 1178 frater
3767 1163 3783 1191 ,
3843 1115 4021 1179 accin
4071 1114 4218 1179 ere!
4309 1113 4669 1179 Voeaberis

2713 1195 2796 1263 ad
2877 1197 3228 1264 concilium
3307 1206 3382 1264 ut
3467 1197 3862 1281 respondeas
3959 1210 4088 1264 tuis
4164 1199 4669 1265 accusatoribus.

2748 1281 2926 1365 Quid
2984 1283 3042 1348 si
3102 1304 3207 1348 me
3265 1286 3512 1350 socium
3571 1282 3694 1348 tibi
3750 1284 4155 1369 coniungas?
4245 1284 4457 1351 Iocari
4509 1285 4669 1351 libet

2711 1391 2783 1435 1n
2839 1389 2912 1433 re
2979 1369 3150 1435 seria
3204 1368 3728 1457 propemodum}
3758 1374 3838 1444 ¹³)
3928 1368 4214 1436 Oremus
4267 1370 4493 1437 sedulo
4536 1371 4670 1436 Do-

2712 1455 2964 1519 minum
3009 1463 3087 1518 ut
3129 1463 3348 1522 servet
3402 1476 3554 1521 suas
3610 1455 3915 1521 ecclesias
3973 1465 4041 1521 et
4083 1478 4201 1523 nos
4244 1456 4668 1524 ecclesiarum

2713 1540 3067 1605 ministros.
3151 1541 3321 1606 Vale
3364 1549 3701 1606 aeternum
3721 1592 3736 1621 ‚
3794 1540 4057 1607 domine
4101 1542 4559 1609 colendissime
4602 1554 4671 1606 et

2709 1625 2915 1690 frater
2972 1626 3265 1691 omnium
3323 1626 3672 1692 carissime.
3764 1625 3950 1693 Salvi
4006 1629 4143 1693 sint
4207 1628 4528 1695 carissimi
4582 1627 4667 1693 D.

2709 1709 2842 1776 Iac.
2899 1730 2941 1775 a
2985 1708 3375 1795 Buryumlia
3430 1722 3496 1777 et
3554 1712 3890 1779 Gallasius
3954 1734 4090 1778 una
4152 1735 4301 1780 cum
4364 1714 4672 1780 omnibus

2710 1797 2851 1878 piis.
2940 1799 3040 1861 25.
3085 1797 3313 1862 Martii
3365 1803 3546 1862 1551.

3851 1883 4278 1969 Bullingerus
4322 1893 4494 1952 tuus.

3587 2394 3778 2467 1473.

3155 2531 3724 2599 BADUELLUS
3773 2531 4213 2600 CALVINO.

2883 2700 3280 2769 Commendat
3321 2703 3732 2769 adolescentes
3771 2704 4073 2786 quosdam
4115 2705 4186 2769 in
4214 2705 4483 2773 Italiam
4517 2729 4667 2792 pro-

2700 2785 3056 2868 ficiscentes.
3170 2786 3321 2871 Ipse
3402 2788 3718 2855 Genavam
3799 2791 4159 2873 discupiens
4226 2812 4268 2856 a
4347 2794 4668 2875 fratribus

2707 2871 3008 2956 Luqdmi
3040 2873 3356 2939 detinetur.

3026 3045 3138 3112 (Ex
3174 3044 3511 3116 autographo
3545 3045 3661 3102 cod.
3700 3045 3903 3102 Genev.
3942 3045 4062 3116 115,
4096 3047 4188 3104 fol.
4223 3046 4338 3116 22.)

2702 3212 3098 3283 Doctissimo
3141 3216 3284 3284 viro
3330 3224 3527 3301 atque
3568 3216 4046 3286 humanissimo
4104 3220 4355 3286 homini
4397 3223 4484 3288 D.
4533 3223 4669 3291 Ca-

3122 3301 3265 3368 rolo
3307 3303 3599 3371 Passelio
3644 3306 3853 3371 amieo
3896 3305 4235 3391 singulari.

2871 3438 3042 3507 Cum
3077 3439 3183 3507 his
3218 3439 3734 3509 adolescentibus
3767 3443 3880 3525 qui
3923 3442 4040 3508 tibi
4086 3443 4204 3509 has
4239 3444 4468 3512 literas
4504 3455 4668 3513 sunt

2700 3523 3026 3592 reddituri
3067 3546 3147 3592 ea
3190 3525 3356 3591 mihi
3411 3526 3758 3594 intercedit
3813 3536 3953 3608 tum
4010 3529 4260 3612 patriae
4303 3537 4449 3596 tum
4494 3534 4667 3598 ami-

2700 3611 2891 3677 citiae
2932 3611 3525 3696 familiaritatisque
3565 3614 3952 3694 coniunctio,
3999 3623 4074 3680 ut
4115 3636 4319 3698 quum
4360 3618 4529 3683 istuc
4579 3619 4668 3684 ad

2698 3717 2818 3763 vos
2860 3697 3428 3779 proficiscerentur
3470 3720 3604 3764 non
3647 3700 3971 3782 potuerim
4015 3701 4154 3783 pati
4196 3720 4319 3767 nec
4361 3705 4669 3769 commit-

2697 3789 2839 3848 tere
2884 3791 2962 3848 ut
3003 3784 3143 3849 sine
3188 3785 3357 3849 meis
3391 3784 3599 3851 literis
3644 3785 3810 3853 istuc
3855 3786 4114 3852 venisse
4159 3797 4275 3852 aut
4317 3795 4383 3853 te
4417 3807 4668 3858 conve·

2698 3868 2880 3934 nisse
2937 3867 3325 3936 dicerentur.
3417 3871 3666 3935 Eorum
3724 3871 3807 3936 ad
3875 3881 3942 3936 te
3999 3870 4321 3939 adventus
4376 3872 4666 3941 familia-

2698 3955 2919 4037 risque
2963 3974 3179 4020 sermo
3223 3955 3422 4021 faciet
3462 3976 3569 4020 me
3622 3956 3695 4020 in
3740 3955 4082 4022 scribendo
4141 3958 4515 4025 breviorem
4579 3961 4665 4028 de

2697 4040 2778 4105 iis
2814 4039 3013 4106 rebus
3057 4061 3240 4123 quae,
3286 4061 3490 4124 quum
3534 4043 3692 4125 ipsis
3735 4043 4115 4108 notissimae
4150 4056 4325 4124 sunt,
4373 4065 4666 4114 commo-

2698 4124 2845 4192 dius
2887 4125 3007 4191 tibi
3053 4126 3134 4192 ab
3177 4126 3260 4191 iis
3312 4128 3570 4192 narrari
3615 4147 3811 4210 quam
3856 4149 3896 4192 a
3940 4148 4045 4192 me
4088 4129 4283 4194 scribi
4326 4139 4663 4214 poterunt.

2697 4211 2791 4276 Hi
2849 4211 2920 4276 in
2977 4210 3243 4277 Italiam
3307 4212 3811 4295 proficiscuntur
3866 4222 3943 4279 ut
3996 4214 4289 4281 studium
4355 4216 4523 4282 iuris
4586 4238 4668 4286 ac

2696 4295 2922 4382 legum
2987 4298 3370 4363 institutum
3437 4296 3808 4364 absolvant:
3876 4321 4003 4383 quo
4068 4301 4137 4366 in
4204 4301 4439 4367 itinere
4506 4303 4662 4372 istic

2698 4382 2873 4467 apud
2919 4402 3042 4449 vos
3085 4394 3151 4448 et
3192 4384 3591 4448 Lausannae
3636 4383 4035 4469 aliquamdiu
4095 4384 4329 4452 volunt
4369 4406 4664 4456 commo-

2697 4468 2851 4547 rari,
2897 4478 2971 4533 ut
3013 4467 3293 4552 aliquem
3338 4467 3601 4550 pietatis
3638 4489 3713 4535 ac
3748 4472 4207 4537 consolationis
4241 4472 4526 4539 fructum
4573 4497 4664 4543 ex

2696 4553 2985 4621 ecclesiis
3043 4554 3283 4620 vestris
3340 4554 3723 4639 percipiant.
3812 4556 4045 4640 Itaque
4106 4578 4146 4622 a
4207 4566 4274 4623 te
4333 4560 4656 4628 maiorem

2694 4642 2767 4705 in
2811 4638 3078 4706 modum
3121 4660 3240 4722 per
3274 4637 3614 4706 Christum
3651 4650 3801 4725 peto
3845 4652 3919 4708 ut
3962 4662 4071 4708 eos
4116 4644 4207 4708 ita
4251 4650 4318 4708 et
4361 4647 4661 4729 excipias

2695 4733 2763 4792 et
2805 4725 3117 4803 dimittas,
3162 4732 3241 4788 ut
3282 4724 3397 4792 abs
3441 4733 3508 4791 te
3550 4728 3620 4792 in
3663 4730 3896 4795 timore
3942 4727 4072 4794 Dei
4115 4730 4481 4796 confirmati
4528 4736 4658 4798 mi-

2694 4812 2841 4878 nori
2884 4832 3035 4877 cum
3073 4809 3360 4893 periculo
3403 4822 3748 4879 versentur
3789 4814 3857 4878 in
3903 4833 3980 4879 ea
4022 4816 4290 4880 natione
4334 4836 4532 4898 quam
4580 4831 4657 4885 tu

2765 4968 2858 4975 ,ρ’-..-
2927 4967 3036 4974 ——-
3069 4967 3102 4973 --

2899 5048 2996 5115 11)
3033 5048 3305 5104 Fortassis
3345 5090 3356 5103 .
3398 5091 3410 5103 .
3451 5093 3464 5105 .
3500 5052 3769 5121 subiugat.
3844 5053 4000 5108 Haeo
4048 5053 4112 5107 in
4146 5055 4484 5124 automaplio
4521 5073 4656 5114 can·

2689 5117 2885 5174 collata
2919 5122 3062 5200 eupit,
3095 5118 3242 5200 quod
3273 5123 3459 5175 minue
3491 5120 3562 5175 ab
3596 5125 3789 5175 autore
3822 5135 3984 5191 quam
4018 5136 4056 5176 a
4091 5121 4245 5177 Besa
4278 5122 4493 5181 edmo
4532 5127 4656 5194 fac·

2692 5193 2803 5242 tum
2838 5185 3247 5244 crediderimus.

2901 5255 2993 5321 12)
3035 5254 3118 5323 Of.
3155 5255 3233 5313 N.
3272 5253 3423 5325 14⁷6,
3460 5262 3574 5313 not.
3608 5256 3658 5310 9.

2899 5324 2987 5393 13)
3023 5327 3084 5380 in
3118 5326 3377 5395 maraine.
