4900 6167
250 453 354 517 237

394 637 652 702 Eximio
695 636 850 703 Iesu
893 636 1148 704 Christi
1192 659 1403 717 servo,
1458 639 1541 704 D.
1587 638 1824 706 Ioanni
1869 639 2167 717 Calvino,

250 722 629 789 Genevensis
688 722 999 789 ecclesiae
1052 725 1331 807 pastori,
1397 724 1584 790 fratri
1641 733 1708 791 et
1762 734 2169 810 symmystae

246 809 621 876 observando

1528 896 1857 963 Genevae.

389 1032 456 1097 S.
540 1032 787 1116 Accepi
831 1053 872 1098 a
914 1032 1117 1112 Beza,
1177 1032 1353 1115 quod
1397 1035 1663 1117 coepisti
1713 1033 1942 1118 Piyhio
1970 1036 2017 1115 ¹)
2063 1054 2167 1098 re-

244 1117 560 1202 spondere:
619 1128 690 1183 at
746 1119 1042 1183 nondum
1098 1120 1284 1202 potui
1341 1119 1695 1204 perlegere.
1796 1119 1974 1204 Ego,
2042 1120 2166 1186 etsi

244 1224 364 1268 meo
403 1204 671 1269 consilio
716 1204 882 1269 nihil
928 1213 990 1269 te
1034 1205 1261 1270 iuvare
1304 1226 1592 1288 possum,
1649 1206 1866 1289 legam
1919 1214 2164 1283 tamen,

240 1299 455 1372 quanta
510 1299 738 1373 potero
808 1290 1167 1356 attentione
1243 1298 1308 1356 et
1377 1291 1748 1375 diligentia,
1815 1302 1882 1357 et
1950 1312 2166 1355 meam

240 1375 339 1439 tibi
368 1377 760 1441 sententiam
800 1377 1197 1460 significabo.
1256 1376 1339 1441 In
1376 1375 1603 1443 ordine
1639 1386 1707 1442 et
1742 1377 2167 1460 dispositione

239 1461 346 1525 11118
384 1473 482 1526 081
522 1464 714 1541 18110,
762 1466 918 1546 quia
959 1461 1315 1546 respondes
1348 1463 1727 1528 adversario
1757 1473 2193 1547 provocatus,-

238 1565 404 1628 quam
446 1549 504 1613 si
549 1568 718 1632 opus
760 1549 1138 1613 institueres
1174 1570 1292 1631 pro
1326 1557 1442 1614 tuo
1486 1550 1826 1614 arbitratu.
1895 1547 1973 1614 Si
2009 1548 2166 1632 quid

239 1641 321 1696 est
359 1634 528 1716 quod
575 1635 1096 1699 animadvertam
1144 1635 1371 1701 durius
1414 1633 1705 1712 iudicari,
1751 1636 1832 1700 ab
1874 1635 1958 1699 iis
2006 1656 2167 1718 quos

238 1718 373 1783 haec
424 1739 623 1785 causa
681 1729 1020 1802 tantopere
1086 1720 1394 1796 offendit,
1462 1722 1755 1787 monebo.
1857 1721 2013 1786 Misi
2079 1720 2163 1785 ad

236 1801 656 1883 Viviacenses,
681 1810 739 1880 ²)
785 1805 957 1889 quod
1014 1815 1079 1869 te
1137 1828 1349 1889 nuper
1406 1805 1769 1872 disserente
1826 1807 1895 1871 in
1942 1815 2164 1872 vestro

236 1909 517 1957 consessu
577 1891 657 1956 de
713 1892 837 1958 hoc
894 1904 1283 1976 argumento
1338 1901 1684 1975 exceptum
1731 1901 1849 1971 est,
1896 1894 1953 1957 si
1997 1894 2165 1957 forte

234 1977 312 2041 eis
349 1977 565 2061 aliqua
605 1999 687 2042 ex
724 1987 909 2060 parte
945 1987 1166 2061 posset
1188 1978 1406 2045 oculos
1443 1979 1714 2061 aperire.
1785 1979 1919 2043 Vix
1958 1978 2164 2044 audeo

232 2061 415 2127 multa
456 2083 747 2146 sperare.

379 2147 584 2215 Visus
643 2161 784 2215 erat
838 2150 1002 2214 mihi
1062 2149 1449 2216 Franci-scus
1509 2150 1725 2215 senior
1742 2151 1798 2234 ⁸)
1845 2150 1999 2215 hinc
2034 2171 2164 2214 nu-

231 2254 329 2316 per
386 2235 623 2301 abiisse
686 2257 726 2299 a
794 2236 977 2300 nobis
1042 2236 1341 2301 hilarior:
1408 2256 1574 2318 quae
1638 2257 1745 2302 res
1788 2237 1952 2301 mihi
2008 2236 2165 2303 fecit

232 2340 383 2402 spem
450 2321 809 2387 meliorem.
921 2322 1028 2386 Ex
1096 2342 1174 2387 eo
1240 2332 1535 2404 tempore
1606 2323 1866 2404 scripsit
1919 2321 2003 2385 ad
2055 2344 2161 2386 me

230 2409 441 2472 amicas
521 2406 875 2472 admodum
953 2408 1178 2472 literas
1250 2421 1318 2472 et
1396 2408 1619 2488 plenas
1700 2408 1908 2473 bonae
2002 2409 2159 2490 spei.

232 2490 511 2557 Proxima
536 2491 944 2558 hebdomade
988 2493 1070 2558 ad
1118 2513 1221 2558 me
1246 2493 1441 2557 rediit
1484 2494 1977 2559 consultaturus
2022 2515 2160 2558 me-

231 2599 372 2655 cum,
412 2578 529 2644 sed
576 2579 741 2644 mihi
786 2580 965 2644 visus
1010 2593 1109 2645 est
1152 2578 1611 2663 perturbatior.
1702 2580 1874 2643 Nam
1915 2578 1995 2643 ad
2042 2578 2161 2644 has

230 2663 536 2730 molestias
579 2666 869 2740 accessit,
917 2666 1089 2748 quod
1127 2675 1356 2750 rogatu
1404 2665 1649 2732 Farelli
1684 2664 2162 2731 Samblasianis

231 2768 263 2811 a
296 2761 520 2816 senatu
538 2752 869 2816 Bernensi
912 2772 1256 2817 concessus
1300 2761 1401 2815 est
1444 2753 1764 2830 minister,
1782 2755 1842 2826 ⁴)
1885 2773 2006 2817 nec
2047 2750 2161 2814 ad-

229 2837 491 2903 monitus
541 2837 747 2901 huius
802 2836 932 2912 rei,
999 2856 1121 2901 nec
1176 2837 1403 2902 classis
1459 2836 1698 2903 iudicio
1757 2837 2034 2914 electus,
2095 2844 2163 2901 et

230 2918 371 2987 bona
409 2943 562 2988 cum
612 2923 804 2988 venia
846 2923 1173 2999 ecciesiae,
1221 2924 1321 2989 cui
1361 2931 1632 3005 praeest.
1703 2921 1963 2988 Deinde
2008 2944 2160 2987 eum

232 3008 496 3090 suspicor
550 3030 700 3074 cum
750 3008 1031 3074 Fallesio
1087 3010 1458 3074 contulisse.
1560 3009 1731 3073 Nam
1775 3029 1977 3091 quum
2027 3008 2161 3074 huc

230 3112 411 3175 nuper
456 3093 778 3168 Farellu&
818 3101 895 3159 ut
938 3115 1134 3177 super
1194 3096 1314 3160 hac
1371 3094 1685 3160 electione
1730 3116 1877 3160 eum
1922 3114 2159 3159 conve-

234 3180 408 3257 niret,
472 3179 814 3246 viviacum
861 3191 1035 3245 esset
1092 3181 1447 3264 profectus,
1505 3201 1637 3245 non
1682 3191 1782 3245 est
1838 3180 2012 3244 domi
2057 3182 2157 3245 in-

234 3276 475 3333 ventus:
520 3268 861 3333 traiecerat
897 3267 1071 3330 enim
1100 3267 1331 3343 lacum,
1379 3287 1500 3332 nec
1536 3289 1838 3331 reversus
1874 3279 1975 3331 est
2008 3277 2161 3331 ante

234 3351 449 3418 multos
495 3350 654 3432 dies,
709 3373 922 3435 neque
968 3351 1235 3417 dubium
1281 3363 1397 3428 est,
1441 3353 1599 3433 quin
1643 3351 2005 3435 Vegiacum
2050 3373 2160 3417 us-

234 3456 337 3517 que
378 3437 461 3503 ad
501 3437 832 3505 Porretuin
864 3440 1008 3503 eius
1050 3438 1171 3503 loci
1216 3439 1595 3502 ministrum
1638 3458 1708 3503 se
1751 3439 2085 3522 receperit.
2105 3437 2162 3523 ὅ)

235 3519 421 3589 Valde
466 3535 691 3590 metuo
733 3546 818 3590 ne
876 3524 992 3589 ille
1031 3545 1424 3607 congressus
1472 3523 1709 3590 bonum
1755 3526 1973 3591 virum
2028 3524 2160 3590 illis

236 3611 347 3676 suis
384 3610 797 3693 opinionibus
842 3613 973 3675 iam
1010 3620 1398 3693 occupatum
1435 3609 1627 3693 longe
1663 3612 1873 3695 magis
1906 3612 1976 3675 in
2012 3632 2159 3675 8011-

234 3696 414 3762 tentia
457 3698 894 3775 oenfirmarit,
957 3710 1071 3761 aut
1113 3707 1288 3762 certe
1347 3697 1697 3774 revocarit,
1758 3716 1886 3779 quo
1942 3699 2160 3762 minus

234 3787 347 3846 18111
388 3783 582 3849 facile
624 3782 814 3848 nobis
849 3782 1296 3849 assentiretur.

234 4071 383 4127 1582.
418 4074 479 4138 1)
516 4091 629 4128 non
650 4073 889 4142 Pauyio,
925 4080 989 4128 ut
1020 4075 1217 4129 habent
1253 4073 1559 4128 recentiora
1595 4072 1928 4140 apoqrapha.
1970 4100 2030 4110 —
2072 4071 2162 4127 De

235 4157 369 4208 opere
411 4148 534 4212 ipso
570 4160 620 4197 v.
665 4143 812 4198 Tem.
864 4143 1033 4196 VIII.
1071 4151 1119 4198 ct
1158 4143 1232 4197 N.
1271 4140 1423 4195 1579.
1502 4141 1623 4210 Quo
1666 4149 1899 4210 tempore
1945 4140 2161 4196 Viretus

372 4214 594 4281 scripsit
628 4212 869 4266 nondam
903 4220 1024 4267 erat
1057 4214 1205 4282 typis
1237 4212 1574 4265 mandatum.
1632 4211 1729 4264 Em
1762 4216 1986 4264 senatus
2020 4226 2158 4265 com·

233 4283 491 4335 mariis
525 4287 738 4336 constat
773 4281 1060 4336 Calvinum
1097 4281 1150 4336 d.
1186 4280 1270 4336 21.
1307 4281 1427 4334 Ian.
1482 4280 1549 4333 de
1593 4279 1953 4348 imprimendo
1989 4278 2158 4333 domi-

233 4363 318 4401 nos
347 4352 565 4417 adiisse,
600 4351 797 4405 libram
833 4353 1009 4417 ipsum
1046 4367 1159 4403 non
1188 4351 1492 4418 producere
1504 4352 1748 4417 potuisse
1784 4355 1968 4416 utpote
2001 4364 2038 4402 a
2070 4348 2158 4402 Vi-

234 4423 328 4472 mo
354 4420 595 4473 nondum
627 4418 918 4473 redditum.
1552 4439 1559 4448 ·

410 4487 468 4554 2)
507 4487 869 4542 Francimm
921 4486 1342 4554 Sampawlinum
1398 4492 1557 4555 puta.
1647 4485 1834 4541 Etiam
1898 4485 2159 4541 Bolsecus

234 4553 298 4605 1711·
319 4572 419 4624 pro
658 4573 686 4609 e
719 4556 758 4607 d
821 4556 956 4610 ebat.
1010 4554 1098 4609 De
1129 4571 1387 4610 consessu
1418 4558 1525 4610 isto
1559 4561 1613 4610 et
1642 4554 1714 4608 iis
1748 4571 1889 4626 quae
1919 4557 2001 4610 ibi
2033 4561 2160 4611 acta

234 4632 342 4678 aaut
370 4642 419 4681 v.
464 4626 523 4678 T.
576 4624 746 4679 VIII.
835 4625 1032 4694 roleyy.
1066 4639 1120 4692 p.
1156 4627 1274 4677 πίε.

412 4693 471 4758 3)
509 4695 633 4748 Iam
679 4694 763 4748 N.
812 4691 950 4746 1506
994 4691 1104 4747 duo
1144 4692 1437 4747 francisci
1481 4693 1848 4747 occurrebant.
1921 4691 2157 4761 Propter

234 4759 431 4815 istm-m
477 4779 675 4819 morem
720 4778 851 4816 suos
894 4763 1121 4816 nonnisi
1163 4763 1610 4828 praenominibus
1643 4760 1974 4829 desiynandi
2017 4767 2156 4816 eatis

235 4825 433 4894 difficile
474 4840 553 4887 eet
598 4833 846 4901 mynias
897 4830 1242 4899 distinquere.
1325 4829 1486 4883 Patet
1540 4830 1680 4884 duos
1727 4830 1888 4883 simul
1946 4830 2158 4885 Viviaci

233 4896 384 4957 sume
416 4909 463 4954 et
494 4903 757 4956 seniorem
805 4900 957 4953 alum
984 4901 1162 4967 ipsum
1196 4898 1589 4953 crediderimus
1623 4899 1690 4952 de
1734 4915 1838 4968 quo
1873 4897 2061 4966 modo;
2103 4901 2156 4952 is

236 4967 356 5020 enan
389 4972 448 5023 in
481 4970 699 5025 Bolseci
727 4975 918 5037 partes
951 4970 1177 5024 abierat.

414 5039 474 5100 4)
516 5039 742 5094 0000101
763 5044 941 5091 tamen
966 5054 1114 5091 anno
1148 5033 1286 5090 1552
1321 5041 1543 5088 exeunte
1578 5051 1695 5087 eum
1732 5036 1914 5090 adhuc
1942 5035 2159 5090 Viviaci

234 5103 411 5172 fuisse,
442 5107 727 5173 (Trechsel
773 5105 821 5158 1.
873 5105 972 5159 195
1017 5111 1151 5166 not.)
1199 5111 1248 5159 et
1283 5102 1493 5157 demum
1540 5120 1610 5159 m.
1646 5102 1941 5160 Decembre
1983 5104 2156 5159 locum

415 5244 473 5308 5)
514 5243 756 5298 Michael
800 5244 989 5298 Porret
1023 5243 1408 5298 Neocomensis
1441 5242 1552 5294 iam
1590 5257 1640 5294 a.
1679 5237 1815 5293 1535
1847 5243 1911 5295 in
1950 5241 2159 5296 Saban-

237 5307 323 5432 ggg
344 5312 648 5445 {Chablaiio
683 5312 1018 5381 evanqelium
1060 5311 1498 5380 praedicaverat.
1570 5309 1871 5376 (Herminy‘.
1905 5310 2005 5365 IV.
2042 5309 2156 5365 197.

1924 454 2088 516 1552
2131 449 2511 517 IANUAR.

4100 457 4226 520 238

2443 637 2740 704 Indictus
2807 643 2907 701 est
2970 636 3195 704 classis
3271 607 3632 705 conventus
3698 637 3782 705 ad
3847 640 4226 722 proximum

2271 723 2586 789 Mercurii
2625 722 2814 788 diem.
2839 722 2892 807 ⁶)
2980 722 3196 788 Multa
3239 731 3394 788 sunt
3426 725 3612 789 nobis
3654 727 3936 809 negotia.
4026 727 4222 792 Iube-

2216 879 2221 894 ,
2270 831 2421 874 111111
2463 809 2662 874 alium
2709 809 2951 893 eligere
2995 808 3133 875 1000
3178 808 3499 888 Martorei,
3521 812 3577 890 ⁷)
3622 831 3996 895 quanquam
4040 813 4221 877 nullo

2215 901 2222 984 ξ
2270 895 2495 962 classis
2574 895 2884 977 suffragio
2959 895 3042 959 sit
3118 894 3265 959 aliis
3342 915 3700 962 concessus.

3811 898 3960 963 Scis
4025 899 4220 974 enim,

2269 994 2669 1064 quantopere
2715 981 2822 1045 hic
2865 979 3024 1045 ordo
3074 991 3354 1045 curetur.
3442 982 3640 1047 Nunc
3684 1004 3861 1060 vem,
3910 985 4224 1065 quoniam

2269 1066 2394 1131 1100
2438 1077 2538 1132 081
2580 1067 2826 1132 factum
2872 1065 3117 1130 Farelzi
3159 1077 3414 1149 rogatu,
3475 1070 3737 1132 nomine
3781 1069 4004 1133 0188818
4049 1070 4222 1134 Neo·

2270 1154 2607 1230 comensis,
2655 1154 2898 1218 coniice
2942 1172 3141 1234 quam
3187 1152 3592 1234 plausibilem
3649 1153 4007 1218 habeamus
4067 1177 4220 1220 cau-

2269 1259 2430 1304 sam.
2497 1238 2646 1303 Non
2691 1238 2918 1303 dubito
2964 1236 3044 1301 de
3090 1237 3305 1302 studio
3342 1238 3584 1304 Farelli
3630 1248 3697 1304 et
3736 1239 3966 1308 0188818
4004 1240 4219 1322 1011118,

2270 1323 2383 1388 sed
2442 1325 2631 1389 1101118
2686 1331 2906 1388 18111011
2975 1323 3170 1407 plaga
3232 1325 3481 1389 inflicta
3538 1338 3654 1389 est.
3766 1323 3870 1388 De
3937 1327 4220 1391 formula

2270 1409 2938 1475 administrandorum
2984 1418 3542 1475 sacramentorum
3588 1419 3654 1474 et
3698 1410 4071 1476 catechismi
4116 1413 4217 1476 ni-

2269 1495 2526 1560 hildum
2572 1497 2757 1561 nobis
2794 1516 3176 1577 responsum
3213 1507 3311 1561 est
3355 1517 3394 1560 a
3433 1505 3687 1574 senatu,
3733 1497 3885 1578 quia
3929 1497 4222 1564 nondum

2269 1593 2527 1647 nostras
2571 1582 2794 1646 literas
2839 1581 3102 1664 accepit.
3132 1584 3182 1657 ⁸)
3282 1581 3460 1647 Sunt
3518 1581 3732 1647 adhuc
3792 1582 3860 1644 in
3920 1582 4220 1648 manibus

2269 1668 2723 1733 ministrorum
2768 1666 3226 1736 Bernensium,
3291 1669 3400 1750 qui
3440 1666 3626 1732 1101118
3672 1689 3859 1732 8118111
3903 1688 4101 1750 super
4144 1689 4222 1733 08

2268 1775 2340 1818 10
2384 1753 2780 1818 sententiam
2824 1754 3296 1837 significarunt.
3388 1751 3664 1818 Summa
3699 1769 3816 1831 est,
3865 1763 3940 1817 ut
3982 1755 4053 1817 in
4097 1753 4222 1819 1180

2267 1861 2339 1905 10
2381 1840 2478 1904 ita
2521 1860 2639 1904 nos
2673 1860 2999 1922 geramuS,
3047 1847 3118 1902 ut
3154 1838 3472 1920 suspicari
3515 1860 3648 1903 non
3684 1841 3887 1921 possit
3932 1849 4217 1918 senatus,

2266 1946 2427 2008 quas
2485 1922 2976 2008 praetendimus
3028 1924 3314 1988 rationes
3371 1925 3581 2007 magis
3637 1946 3674 1988 8
3731 1925 3918 1991 1101118
3973 1926 4216 2004 afferri,

2266 2022 2341 2076 ut
2385 2011 2467 2076 118
2513 2023 2767 2075 11081108
2811 2009 3194 2094 obtegamus
3241 2010 3539 2088 affectus,
3599 2031 3794 2092 quam
3839 2011 4011 2093 quod
4059 2012 4220 2078 haec

2266 2107 2639 2162 metuamus
2717 2094 3138 2174 offendicula,
3206 2117 3370 2178 quae
3450 2097 3922 2177 praeteximus:
4004 2118 4218 2180 neque

2265 2204 2449 2265 spem
2496 2181 2694 2247 ullam
2746 2182 2995 2247 faciunt
3054 2180 3134 2245 de
3178 2180 3494 2246 mutanda
3552 2182 3874 2246 sententia
3928 2192 4215 2247 senatus.

2264 2269 2369 2333 De
2406 2267 2632 2342 edicte,
2681 2288 2805 2348 quo
2845 2268 3230 2332 vetabamur
3264 2288 3497 2332 causae
3532 2274 3793 2331 vestrae
3829 2289 3948 2333 1108
3985 2268 4218 2333 adiun-

2264 2374 2439 2438 gere,
2467 2358 2519 2430 n)
2565 2353 2889 2417 nihildum
2951 2355 3016 2417 in
3074 2352 3281 2418 classe
3340 2362 3440 2418 est
3484 2352 3929 2417 deliberatum.
4019 2353 4218 2418 Dabi-

2266 2461 2414 2504 mus
2460 2461 2744 2522 operam,
2794 2448 2866 2503 ut
2911 2449 2977 2503 et
3020 2447 3244 2503 nostro
3289 2459 3425 2503 non
3469 2437 3755 2504 desimus
3800 2439 4043 2519 officio,
4095 2460 4218 2504 nec

2266 2526 2410 2589 iure
2467 2525 2785 2605 suspicari
2832 2527 3254 2608 magistratus
3297 2525 3521 2607 possit,
3567 2545 3685 2589 1108
3730 2525 3902 2589 iusta
3945 2525 4222 2607 imperia

2269 2610 2762 2676 detrectaturos.

2439 2694 2630 2775 Quod
2676 2695 2759 2759 ad
2805 2706 2870 2761 te
2916 2697 3182 2774 attinet,
3245 2696 3314 2760 in
3371 2696 3495 2762 hac
3549 2717 3695 2761 sum
3752 2699 4102 2774 sententia,
4147 2705 4222 2761 ut

2266 2794 2632 2865 opportuno
2677 2793 2968 2864 tempore
2987 2783 3282 2846 Bernam
3328 2791 3390 2845 te
3434 2783 3744 2862 conferas,
3776 2785 3854 2864 ¹⁰)
3900 2803 4052 2848 nam
4091 2804 4224 2848 non

2263 2869 2484 2933 minus
2526 2875 2628 2932 est
2663 2887 2942 2946 necesse,
2979 2867 3094 2933 sed
3129 2867 3323 2951 longe
3359 2869 3587 2950 magis,
3626 2866 4038 2934 concordiam
4075 2877 4221 2932 ten-

2266 2963 2406 3018 tare
2455 2963 2709 3019 vestrae
2754 2953 3059 3018 ecclesiae
3105 2973 3254 3017 cum
3300 2952 3779 3030 Bernensibus‚
3841 2965 3908 3017 et
3950 2976 4030 3019 ex
4077 2956 4219 3019 ani-

2266 3041 2392 3105 mis
2416 3040 2819 3121 suspiciones
2843 3046 2909 3103 et
2930 3038 3080 3103 odia
3116 3037 3416 3116 evellere,
3456 3060 3652 3121 quam
3687 3060 3836 3103 cum
3860 3040 4216 3122 Tigurinis.

2267 3124 2488 3206 Quam
2533 3128 2604 3191 in
2645 3147 2784 3189 rem
2828 3124 3065 3190 vellem
3112 3137 3178 3189 te
3224 3132 3432 3188 totum
3494 3133 3561 3187 et
3602 3124 3805 3190 bonos
3852 3146 4076 3189 omnes
4119 3128 4220 3189 in·-

2266 3212 2588 3276 cumbere.
2678 3213 2842 3288 Nos,
2906 3211 2963 3276 si
3027 3210 3184 3294 quid
3250 3231 3625 3293 possumus,
3695 3232 3825 3276 non
3892 3210 4220 3277 deerimus

2267 3309 2492 3362 nostro
2530 3297 2757 3362 officio.
2827 3296 3114 3362 Multum
3153 3297 3521 3378 praesentia
3564 3303 3789 3360 movet
3829 3306 3896 3360 et
3941 3295 4218 3360 familia-

2264 3383 2360 3448 ris
2403 3382 2677 3450 collatio.
2770 3380 2846 3448 Si
2890 3404 3038 3448 cum
3098 3382 3415 3446 ministris
3475 3380 3717 3464 aliquid
3777 3383 3946 3448 effici
4003 3392 4219 3465 potest

2262 3490 2396 3534 11011
2439 3470 2567 3534 erit
2601 3469 2862 3550 iniquus
2906 3477 3189 3534 senatus.
3276 3465 3670 3550 Quanquam
3713 3467 3924 3531 multa
3967 3466 4220 3533 deside-

2264 3563 2497 3620 rentur
2543 3551 2798 3638 ubique,
2842 3555 3115 3619 fortasse
3151 3563 3372 3617 tamen
3395 3553 3580 3618 Deus
3617 3552 3828 3617 aderit
3862 3553 4217 3618 conatibus.

2262 3640 2446 3706 Haec
2491 3641 2716 3705 forsan
2762 3650 3056 3722 tempora
3101 3639 3545 3704 admonebunt
3587 3660 3906 3721 quemque
3949 3640 4092 3720 paci
4152 3651 4219 3703 et

2263 3726 2644 3792 concordiae
2688 3726 2950 3790 studere
2989 3728 3223 3807 potiuS,
3270 3745 3467 3807 quam
3512 3723 3882 3790 scindendis
3927 3724 4218 3789 ecclesiis

2264 3821 2332 3876 et
2390 3833 2615 3876 earum
2674 3811 3012 3877 ministris.
3117 3810 3247 3877 Ubi
3307 3809 3784 3884 intellexerint,
3844 3830 4010 3891 quae
4064 3810 4217 3874 inde

2262 3905 2627 3963 nascuntur
2671 3897 3091 3975 offendicula,
3146 3898 3420 3962 fortasse
3480 3916 3608 3959 non
3671 3916 3739 3958 se
3785 3895 3956 3958 iusto
4000 3915 4217 3959 moro-

2263 3985 2466 4050 siores
2500 3983 2921 4068 praebebunt.
3009 3981 3264 4048 Iuverit
3305 3981 3539 4046 saltem
3582 4001 3699 4045 suo
3733 3981 4030 4047 sunctum
4075 4002 4219 4046 0880

2264 4069 2505 4148 officie,
2577 4077 2642 4133 01
2701 4071 2841 4134 vias
2897 4090 3123 4134 omnes
3188 4066 3584 4149 quaesivisse
3651 4063 3734 4131 ad
3796 4065 4218 4132 ecclesiarum

2264 4156 2692 4222 concordiam.
2799 4153 3011 4218 Video
3077 4153 3387 4236 plurima,
3470 4172 3635 4234 quae
3700 4150 3822 4216 tibi
3885 4149 4216 4216 diversum

2264 4241 2617 4319 suadeant;
2664 4239 2778 4306 sed
2822 4241 2935 4305 ubi
2971 4249 3035 4303 te
3071 4236 3463 4315 audiverint,
3510 4238 3780 4303 forsitan
3826 4257 3929 4302 res
3986 4237 4218 4302 melius

2263 4327 2549 4405 habebit,
2589 4348 2727 4404 nec,
2767 4327 2822 4392 si
2849 4324 3275 4389 inveniantur
3310 4323 3511 4405 aliqui
3549 4323 3907 4405 iniquiores
3959 4343 4213 4400 causae,

2465 4548 2526 4610 6)
2565 4548 2722 4601 Idus.

2467 4616 2523 4684 7)
2564 4617 2770 4676 anc.
2830 4614 3104 4669 Martoret
3149 4614 3226 4668 da
3266 4612 3458 4667 Rivier
3500 4614 3749 4667 mt'nister
3795 4612 4216 4667 Samblasiensie

2258 4703 2427 4756 usque
2464 4686 2539 4740 ad
2573 4703 2625 4739 a.
2662 4684 2813 4752 1536,
2846 4692 3033 4751 postea
3067 4686 3127 4737 in
3167 4682 3434 4737 Moaldon
3465 4681 3764 4748 (Herminj.
3805 4681 3838 4733 1
3856 4682 3913 4735 V.
3947 4679 4030 4734 93.
4069 4679 4212 4746 197.)

2466 4753 2522 4820 8)
2575 4754 2707 4810 Vide
2737 4753 3159 4823 praecedentem.

2466 4823 2526 4888 9)
2571 4822 2954 4878 Controversia
3010 4821 3079 4874 de
3127 4819 3630 4888 praedestinatione
3689 4820 3851 4873 etiam
3906 4820 4049 4872 inter
4107 4815 4212 4869 Va-

2259 4893 2470 5015 110ηὲξέ
2487 4894 2679 4952 oborta
2723 4897 2802 4946 est
2842 4897 2894 4944 et
2924 4905 3094 4958 usque
3139 4887 3218 4943 ad
3268 4904 3322 4942 a.
3365 4885 3498 4941 1555
3548 4891 3887 4943 continuata.
3960 4884 4214 4950 (Ruchat

2272 4963 2328 5016 V.
2504 4977 2531 5016 s
2570 5002 2578 5012 .

2432 4962 2830 5094 10›⁹()Jazvinus
2873 5026 3116 5081 Bernam
3161 5040 3219 5078 ee
3262 5025 3488 5080 contulit
3536 5023 3590 5078 d.
3637 5023 3720 5076 17.
3768 5022 3929 5076 Febr.
3969 5020 4217 5088 (11011οή

2266 5099 2408 5168 Eph.
2441 5115 2499 5167 p.
2536 5097 2640 5165 99).
2698 5096 2793 5151 Ea:
2832 5094 3066 5150 Senatus
3100 5093 3285 5148 diario
3320 5094 3395 5147 ad
3435 5092 3512 5146 11.
3549 5092 3703 5148 Febr.
3737 5105 3961 5150 caueam
3995 5091 4215 5144 itineris

2257 5171 2432 5236 fuisse
2488 5168 2749 5221 discimus
2805 5163 2953 5234 qaod
3002 5163 3489 5218 Sanctandreanus
3542 5162 3791 5215 minister
3845 5161 3908 5212 in
3955 5157 4123 5239 Iassy
4175 5174 4214 5214 a

2260 5237 2538 5307 praefecto
2583 5235 2934 5289 Terniacensi
2975 5234 3037 5287 in
3088 5232 3310 5287 vincula
3352 5232 3624 5286 coniectus
3653 5230 3855 5296 fuerat.
3920 5227 4043 5309 ,3⁸9
4084 5243 4214 5283 vero

2258 5309 2447 5375 potius
2484 5305 2551 5359 de
2584 5304 2878 5360 eoncordia
2923 5302 3271 5358 ecclesiarum
3318 5303 3469 5356 circa
3520 5300 3827 5354 doctrinam
3872 5296 4215 5354 vindicanda

2261 5377 2518 5445 loquitur.
