4900 6167
242 450 346 512 509
1971 455 2132 516 1553
2170 451 2456 518 MART.
4089 468 4216 530 510

1096 634 1277 707 1717.

696 788 1163 859 CALVIN‘US
1206 789 1664 858 FARELLO.

388 961 768 1113 gratulatur
810 963 870 1029 ci
915 962 1460 1030 convalescentiam
1496 964 1573 1030 de
1607 984 1736 1047 qua
1769 965 1902 1030 iam
1937 966 2153 1047 despe-

233 1069 393 1114 moer
457 1098 471 1113 .

232 1219 400 1283 (Manu
431 1220 638 1289 scripta
675 1236 783 1275 non
819 1227 1016 1275 exstat.
1087 1220 1278 1276 Edidit
1313 1220 1455 1275 Besa
1489 1220 1692 1278 Genev.
1730 1239 1782 1293 p.
1831 1221 1960 1291 112,
1993 1223 2154 1278 Laus.

229 1306 273 1357 p.
300 1285 425 1356 251,
458 1288 673 1343 Hanov.
709 1306 765 1359 p.
801 1287 929 1356 281,
972 1290 1185 1345 Chouet
1232 1308 1286 1359 p.
1327 1289 1441 1344 151.
1511 1292 1684 1345 Amet.
1763 1331 1778 1346 .
1814 1289 1900 1349 69.
1940 1322 2001 1332 —
2040 1295 2155 1347 An·

520 1359 663 1429 glise
699 1375 862 1412 versa
894 1360 1096 1431 legitur
1129 1360 1186 1413 in
1223 1360 1308 1414 ed.
1345 1359 1542 1415 Edinb.
1577 1360 1651 1415 11.
1755 1358 1832 1428 7.)

376 1529 601 1613 Quum
660 1553 873 1617 nuper
929 1531 1260 1598 extremis
1330 1533 1521 1600 amici
1580 1534 1810 1600 officiis
1870 1554 1945 1600 er
2088 1543 2153 1601 te

226 1615 568 1697 defunctus,
613 1628 690 1683 ut
734 1617 902 1683 mihi
945 1616 1208 1702 quidem
1255 1617 1553 1699 videbar,
1598 1618 1770 1704 quod
1814 1620 1945 1686 resi
1990 1641 2153 1687 uum

223 1701 478 1768 instabat
522 1701 764 1771 doloris
806 1704 1005 1770 nimis
1057 1713 1316 1771 maturo
1360 1703 1652 1772 discessu
1696 1705 1992 1791 effugere
2034 1727 2151 1790 op-

223 1799 469 1870 tassem,
522 1798 747 1856 tantae
790 1790 1228 1858 festinationis
1271 1812 1468 1875 quam
1511 1790 1811 1858 merebar
1868 1810 2150 1877 poenam

222 1872 365 1941 dedi.
378 1879 431 1952 ¹)
533 1880 759 1960 Atque
815 1877 1066 1944 utinam
1122 1876 1301 1944 solus
1374 1876 1717 1945 dedissem.
1821 1876 1957 1946 Sed
2025 1879 2149 1948 hoc
2279 1937 2286 1958 ,

220 1958 531 2044 aliquanto
575 1961 867 2029 deterius
911 1961 1053 2043 fuit,
1099 1963 1274 2047 quod
1332 1961 1564 2032 eodem
1621 1965 1990 2049 complures
2032 1964 2149 2031 bo-

219 2066 321 2113 nos
359 2067 659 2115 moerore
702 2069 959 2115 mecum
992 2049 1306 2135 implicui.
1373 2048 1569 2117 Nunc
1612 2059 1833 2117 tamen
1875 2049 2148 2118 laetiore

219 2134 430 2232 nuncio
474 2143 810 2286 rsscreatus
852 2135 1202 2286 slltultitiam
1247 2135 1670 2286 ethpudqrem
1716 2157 1937 2203 meum
1970 2137 2146 2290 9¹1³}ss

217 2239 498 2372 &zm
544 2221 2143 2391 guarhemngriliutssisfftiaeogafflgrgbgssheat.

215 2387 267 2455 N
267 2412 382 2458 une
425 2403 772 2494 postquam
819 2393 1046 2460 morbo
1088 2392 1347 2461 levatus
1386 2414 1475 2474 es,
1519 2393 1740 2462 danda
1782 2394 1911 2461 erit
1945 2416 2146 2481 opera

214 2485 276 2541 ut
310 2479 514 2543 animi
558 2500 857 2565 vigorem
877 2530 893 2560 ‚
950 2501 1147 2564 quem
1188 2480 1364 2545 inter
1408 2481 1834 2566 gravissimos
1876 2483 2143 2550 conflic-

215 2569 305 2629 tus
342 2564 542 2632 nimis
586 2576 856 2633 strenue
897 2565 1272 2642 exercuisti,
1317 2576 1385 2632 et
1425 2568 1713 2651 corporis
1756 2568 1937 2634 vires
1978 2589 2143 2653 quas

212 2667 456 2730 prorsus
502 2650 670 2718 colla
876 2652 1242 2735 stactaeque
1285 2673 1427 2718 esse
1483 2660 1738 2738 oportet
1752 2701 1768 2729 ‚
1824 2653 2146 2738 paulatim

213 2734 550 2822 recolligas.
701 2737 843 2804 axit
874 2735 1226 2817 Dominus,
1270 2737 1532 2822 quando
1574 2748 1639 2806 te
1683 2748 1839 2806 ante
1882 2748 2144 2825 tempus

210 2821 1669 2994 affixistismtffmwssasffimfim
1694 2824 2142 2980 *333⁵*ss

210 2991 405 3060 iuncta
462 3002 570 3062 est
622 2995 888 3079 privata
955 3016 1104 3062 mea
1173 2995 1454 3063 utilitas:
1536 2997 1692 3081 quia
1753 3006 1820 3063 et
1878 2998 2141 3065 brevior

210 3078 315 3143 erit
353 3079 630 3147 militiae
673 3102 860 3148 meae
903 3103 1140 3149 cursus
1158 3133 1174 3161 ‚
1236 3092 1303 3148 et
1344 3103 1385 3148 a
1426 3091 1639 3150 morte
1683 3090 1799 3150 tua
1843 3083 2143 3151 deflenda

211 3165 455 3233 eximar.
527 3167 758 3252 Neque
800 3176 1024 3234 tamen
1067 3167 1341 3246 interea,
1385 3169 1442 3235 si
1486 3170 1582 3235 ita
1623 3166 1915 3236 Domino
1959 3170 2140 3238 vide·

208 3247 376 3332 bitur,
422 3253 548 3319 tibi
591 3252 848 3320 tamdiu
891 3273 1087 3339 proro
1214 3254 1228 3268 '
1276 3255 1454 3321 vitae
1496 3255 1700 3321 finem
1743 3277 1974 3323 recuso
1991 3308 2006 3336 ‚
2063 3265 2140 3323 ut

208 3335 392 3434 &dhus
435 3339 739 3407 decennii
772 3339 960 3407 labor
1000 3344 1092 3405 mi
1146 3341 1160 3355 '
1202 3339 1483 3407 accedat.
1557 3339 1903 3408 Caeterum
1945 3341 2139 3410 modo

208 3441 283 3490 mc
313 3423 580 3492 Christo
624 3428 947 3506 vivamus,
993 3434 1072 3493 ut
1108 3426 1397 3510 quotidie
1440 3428 1639 3493 etiam
1671 3428 1889 3511 parati
1932 3429 2138 3497 simus

209 3506 285 3574 illi
323 3512 488 3578 mori
509 3563 527 3592 ‚
584 3511 743 3597 quid
801 3511 883 3580 de
926 3513 1114 3579 nobis
1157 3511 1456 3578 futurum
1501 3512 1588 3579 sit
1630 3535 1897 3581 securos
1940 3534 2138 3600 agere

209 3593 384 3664 decet.
488 3597 690 3666 Nunc
745 3598 962 3664 solum
1025 3597 1356 3667 curandae
1411 3598 1772 3666 valetudini
1830 3600 2136 3669 incumbe

207 3690 266 3746 ut
315 3683 498 3751 brevi
558 3682 988 3753 convalescas.
1079 3683 1298 3766 Quam
1353 3683 1548 3751 multi
1609 3686 1804 3753 amici
1846 3694 1914 3753 te
1955 3686 2135 3755 salu-

206 3777 349 3849 tent,
390 3770 598 3836 frater
640 3771 879 3838 melius
922 3791 1034 3837 ore
1079 3779 1382 3855 exponet.
1468 3769 1639 3837 Vale
1655 3823 1671 3851 ,
1718 3772 1923 3839 frater
1964 3774 2133 3840 inte-

206 3857 478 3936 gerrime.
571 3857 901 3923 Dominus
914 3909 931 3937 ,
991 3860 1103 3943 qui
1159 3867 1225 3922 te
1281 3865 1542 3941 praeter
1598 3878 1782 3942 spem
1841 3867 2134 3925 nostram

207 3940 487 4009 ecclesiae
530 3964 691 4009 suae
734 3943 1056 4023 restituit,
1101 3943 1183 4010 de
1227 3940 1482 4010 Satana
1522 3952 1591 4009 et
1642 3944 1867 4028 impiis
1907 3966 2026 4028 per
2068 3954 2135 4012 te

207 4044 434 4112 semper
489 4028 874 4114 triumphet.
976 4028 1383 4115 Symmystis
1442 4037 1510 4094 et
1574 4027 1725 4095 aliis
1780 4030 2131 4114 plurimam

79 4167 92 4196 ᾖ.
208 4112 476 4182 salutem.
570 4115 908 4195 Genevae,
955 4118 1015 4181 6.
1063 4113 1390 4182 Calendas
1433 4115 1685 4199 Aprilis
1735 4120 1916 4182 1553.

894 4252 1176 4320 Ioannes
1219 4251 1542 4319 Calvinus
1585 4274 1743 4320 vere
1787 4262 1961 4319 tuus.

207 4501 347 4584 1717.
382 4508 440 4577 1)
492 4509 721 4566 Vidam-
756 4508 1032 4567 Naxo-⁸0
1079 4509 1393 4566 discessisse
1435 4511 1611 4565 amieo
1657 4510 1720 4564 in
1764 4510 2020 4566 esu-ems
2051 4527 2136 4566 re·

205 4571 553 4633 bauaima
878 4579 2139 4662 ,ddQW’m‘Q-nfflie

204 4647 590 4770 ”m'm‘
677 4720 686 4731 ·
862 4648 876 4662 ’
981 4688 993 4699 ·
1242 4653 1382 4770 '‘m.
1530 4646 1801 4773 ΨΜ
1672 4654 2014 4772 '⁸‘⁸¹'²⁸⁶⁸‘1⁸1‘?‘
2030 4649 2138 4773 4⁶64

209 4793 323 4851 sm.
384 4718 586 4859 ⁰33..ss
619 4718 805 4842 1⁶.¹⁰1⁹e4'
785 4717 982 4857 QZ..
1094 4716 1390 4852 &3⁶:52
1423 4784 1464 4838 1.
1503 4785 1621 4843 ιιι.
1801 4734 1861 4773 ”⁸

3001 638 3190 713 1718.
3284 642 3463 715 1719.

2769 797 2895 863 DE
2937 797 3159 864 'mm
3203 801 3266 865 A
3311 801 3712 869 ARNEYS.
3756 811 3762 816 ’

2436 967 2693 1051 Affairc
2733 968 2809 1033 de
2855 967 3084 1035 Ser-vet.

2264 1139 2373 1206 (On
2410 1145 2671 1194 trouvera
2717 1157 2785 1193 au
2821 1139 3081 1194 huitieme
3116 1141 3284 1194 Teme
3331 1142 3428 1197 des
3463 1143 3702 1198 Oeuvres
3746 1145 3889 1199 deux
3932 1149 4211 1204 nouvelles

2261 1211 2456 1263 lettres
2502 1208 2572 1262 de
2607 1207 2914 1263 Guillaume
2961 1209 3030 1263 de
3068 1209 3200 1264 Trie
3254 1227 3323 1264 en
3370 1212 3498 1266 date
3546 1213 3618 1266 du
3653 1211 3724 1266 25
3756 1216 3815 1267 et
3847 1216 3921 1270 du
3955 1217 4021 1271 31
4057 1219 4209 1273 Mars

2261 1293 2394 1332 avec
2444 1283 2604 1331 notre
2665 1279 3068 1332 commentaire.
3147 1280 3228 1332 La
3283 1279 3553 1349 premiere
3613 1298 3919 1338 commence
3975 1301 4076 1355 par
4118 1304 4211 1342 cea

2261 1354 2431 1401 mots:
2473 1344 2679 1416 Quanti
2713 1348 2764 1401 ie
2796 1362 2931 1401 vous
2965 1350 3229 1417 compo-'s
3264 1389 3280 1404 .
3318 1390 3329 1400 .
3369 1390 3380 1401 .
3418 1391 3450 1419 .,
3488 1351 3540 1404 la
3559 1352 3816 1406 seconde:
3857 1352 4074 1423 lespera
4104 1372 4210 1427 quc

2894 1417 3095 1487 iauroy
3128 1432 3196 1470 en
3226 1419 3424 1485 partie,
3459 1423 3591 1484 etc.)

3025 1695 3435 1706 --——

3133 1929 3328 2002 172⁰.

2648 2083 3320 2153 BULLINGERUS
3367 2085 3807 2153 CALVINO.

2440 2256 2568 2322 Vix
2609 2277 2644 2322 c
2683 2258 2871 2340 pravi
2910 2257 3122 2323 morbo
3176 2263 3551 2341 recuperata
3605 2259 3956 2326 valetudine
4008 2262 4210 2337 falsos

2248 2362 2531 2409 rumores
2570 2343 2647 2407 de
2689 2348 2924 2409 mutato
2970 2346 3041 2409 in
3088 2342 3418 2409 Calvinum
3464 2346 3676 2410 animo
3731 2346 4075 2413 detestatur.

2246 2515 2357 2576 (Ex
2400 2514 2740 2639 οηωῗοῶἰιθο
2776 2515 2943 2569 Areh.
2982 2515 3161 2568 Turic.
3211 2514 3354 2570 Plut.
3403 2516 3502 2569 VI.
3553 2516 3670 2570 Vol.
3708 2515 3836 2599 129,
3881 2518 4010 2571 olim
4190 2560 4202 2572 .

2247 2585 2308 2639 T·
2345 2583 2443 2654 ω’
2491 2585 2546 2639 so
2723 2622 2736 2637 ·
2782 2584 2993 2723 pagg&
3032 2600 3370 2707 Ἔωὸἣιῑιῒὶεῗ
3434 2584 3913 2721 οῗῗιξθῗοωεω
3947 2587 4008 2640 Ἦ
4189 2629 4201 2641 ’

2415 2822 2803 2891 Clarissimo
2859 2824 3002 2890 viro
3047 2825 3129 2890 D.
3175 2824 3411 2890 Ioanni
3459 2824 3743 2891 Calvino
3787 2826 4203 2897 Genevensis

2245 2910 2577 3011 ecclesi-ae·
2607 2908 2739 2975 fido
2783 2911 3035 2994 pastori
3080 2909 3346 2975 domino
3389 2915 3457 2976 et
3502 2910 3694 2977 fratri
3736 2912 4198 2981 colendissimo

2243 3007 2312 3063 et
2354 3017 2693 3064 carissimo
2738 3017 2873 3063 suc.
3799 3083 4021 3148 fflnffi

2415 3218 2488 3287 S.
2533 3221 2619 3287 D.
2701 3219 3130 3287 Commodum
3203 3240 3276 3287 se
3334 3221 3442 3285 hic
3514 3221 3617 3285 vir
3673 3219 3881 3286 bonus
3936 3220 4202 3303 obtulit,

2242 3306 2359 3374 sed
2401 3305 2527 3373 hoc
2569 3305 2966 3373 incommodi
3023 3307 3090 3372 in
3136 3306 3262 3372 hac
3299 3304 3757 3373 commoditate
3812 3306 3967 3385 fuit,
4027 3306 4202 3391 quod

2243 3392 2567 3460 indicaret
2609 3412 2680 3458 se
2718 3392 3016 3477 protinus
3060 3391 3517 3460 discessurum.
3591 3389 3810 3477 Cogor
3851 3411 4008 3478 ergo
4054 3393 4199 3459 bre·

2245 3478 2434 3545 vibus
2479 3477 2564 3546 ad
2607 3489 2675 3545 te
2717 3478 3021 3559 scribere,
3077 3477 3347 3546 colende
3392 3489 3459 3544 et
3513 3476 3748 3545 dilecte
3800 3478 3892 3543 mi
3937 3477 4200 3544 domine

2239 3574 2310 3632 et
2365 3565 2574 3630 trater
2620 3562 2897 3632 Calvino.
2986 3562 3221 3633 Scribo
3276 3572 3495 3631 autem
3558 3562 3680 3630 has
3737 3572 3813 3628 ut
3865 3562 4199 3649 intelligas

2240 3672 2348 3718 me
2389 3670 2528 3717 non
2571 3671 2714 3718 esse
2757 3651 3032 3718 hostem.
3123 3649 3541 3736 Quamquam
3599 3669 3794 3715 nemo
3849 3669 4199 3734 persuase-

2239 3738 2328 3803 rit
2361 3736 2429 3803 id
2464 3751 2532 3803 te
2565 3731 2754 3821 poss'e
2790 3736 2871 3803 de
2910 3758 3015 3802 me
3059 3738 3323 3803 sentire.
3396 3734 3573 3817 Quia
3606 3743 3829 3801 tamen
3864 3732 4120 3802 Ulmius
4148 3735 4200 3821 Ι)

2237 3844 2323 3889 ex
2366 3822 2616 3908 Anglia
2658 3821 2921 3890 rediens
2965 3822 3184 3889 nescio
3243 3820 3399 3907 quid
3443 3819 3825 3888 hostilitatis
3906 3819 3919 3833 “
4021 3820 4198 3887 ‘fica-

2237 3911 2357 3991 vit,
2404 3930 2541 3977 non
2582 3909 2767 3992 potui
2808 3908 2878 3974 id
2921 3929 3189 3993 prorsus
3233 3914 3666 3975 contemnere.
3737 3907 3923 3973 Decu
3969 3908 4039 3972 ui
4085 3906 4200 3974 diu

2238 4003 2306 4061 et
2348 3995 2637 4063 letaliter
2690 3994 2955 4079 quidem
3001 3994 3357 4080 praeterita
3395 3992 3638 4078 hyeme
3657 4044 3673 4071 ,
3734 3991 4014 4076 denique
4061 3992 4198 4059 vim

2239 4088 2355 4148 aut
2424 4080 2735 4165 reliquias
2792 4081 3004 4148 morbi
3060 4081 3423 4146 etiamnum
3486 4080 3719 4145 sentio.
3822 4074 3905 4143 Id
3973 4087 4198 4145 autem

2238 4166 2456 4234 refero
2511 4175 2587 4233 ut
2640 4166 2972 4253 intelligas
2985 4218 3003 4247 ,
3066 4185 3269 4251 quare
3325 4163 3497 4230 nihil
3552 4164 3802 4249 aliquot
3857 4164 4196 4232 mensibus

2240 4252 2324 4320 ad
2387 4260 2456 4319 te
2527 4253 2920 4354 scripserim.
3027 4252 3209 4403 Erff
3278 4251 3335 4318 si
3404 4251 3547 4335 quis
3601 4248 3834 4316 retulit
3850 4300 3866 4328 ‚
3930 4248 4195 4317 Bullin-

2236 4357 2458 4426 9erum
2500 4337 2753 4406 Calvmi
2808 4337 3068 4405 hostem
3192 4344 3401 4416 ctum,
3460 4335 3886 4406 fflsissimum
3945 4336 4192 4402 retulit.

2241 4423 2413 4491 Amo
2456 4426 2635 4490 enim
2679 4432 2861 4491 tuam
2904 4425 3235 4509 pietatem,
3323 4443 3562 4508 oroque
3606 4421 3965 4488 Dominum
4010 4431 4086 4486 ut
4129 4429 4197 4488 te

2240 4517 2462 4577 servet
2518 4512 2588 4576 in
2647 4522 2876 4578 sancta
2931 4529 3051 4577 sua
3102 4508 3440 4576 voluntate
3494 4506 3905 4575 incolumem.
4001 4507 4195 4572 Licet

2240 4616 2399 4663 vero
2456 4597 2528 4662 in
2585 4618 2787 4664 causa
2828 4595 3353 4682 Hieronymiana
3405 4615 3540 4661 non
3594 4613 3713 4679 per
3753 4593 3974 4659 omnia
4018 4593 4195 4658 votis

2239 4684 2374 4749 tuis
2417 4682 2892 4767 responderim,
2911 4684 2969 4762 ²)
3012 4680 3159 4748 ideo
3194 4689 3416 4747 tamen
3453 4700 3585 4746 non
3615 4679 3742 4746 odi.
3809 4677 4194 4745 Scribebam

2239 4775 2384 4835 tum
2451 4790 2572 4836 cur
2661 4791 2793 4837 non
2872 4767 3258 4854 simpliciter
3342 4764 3920 4836 subscriberemus.
4051 4765 4191 4831 Nec

2240 4854 2467 4922 dubito
2531 4856 2692 4940 quin
2748 4854 2886 4921 sint
2954 4865 3213 4921 mentes
3272 4852 3528 4937 aliquae
3595 4851 4052 4953 propensiores
4107 4848 4192 4916 ad

2239 4942 2453 5021 rixas,
2552 4961 2708 5007 uam
2755 4941 3017 5020 deceat,
3077 4960 3244 5024 quae
3289 4937 3560 5006 dissidia
3600 4946 3779 5004 mter
3818 4958 3936 5003 nos
3992 4958 4191 5021 quae·

2238 5035 2408 5093 rant.
2567 5048 2753 5094 erum
2808 5028 2866 5094 si
2917 5047 3065 5093 eam
3122 5026 3328 5091 animi
3384 5025 3785 5110 aequitatem
3826 5024 4195 5090 servaveris

2236 5318 2420 5374 1720.
2449 5321 2506 5457 ιζ
2554 5319 2686 5375 Viae
2719 5317 3055 5374 mauram
3092 5317 3168 5374 N.
3208 5315 3356 5371 1695.

2439 5387 2480 5442 2
2544 5387 2627 5459 cr.
2666 5386 2741 5443 N.
2778 5386 2931 5442 1557.
2968 5385 3118 5442 1558.
3158 5383 3309 5439 1566.
