4900 6167
264 457 379 520 '105

260 642 440 729 gliae,
476 639 801 723 totiusque
824 637 1208 723 anglicanae
1231 637 1622 721 reipublicae
1656 636 2194 722 gubernationem

261 738 452 794 tenet.
539 723 656 793 Sic
699 724 921 789 omnia
964 725 1103 809 agit
1154 744 1274 808 pro
1329 744 1447 789 suo
1508 723 1780 790 arbitrio
1836 732 1932 800 et,
1990 721 2048 788 si
2091 722 2200 787 hic

259 814 451 881 iocari
491 811 662 889 licet,
709 810 1041 876 terrestris
1083 818 1184 875 est
1227 807 1411 875 Deus
1464 808 1867 894 anglicanus.
1955 808 2203 875 Decre-

261 910 397 966 tum
441 909 542 965 est
584 896 782 963 etiam
827 904 900 961 ut
940 896 987 961 ii
1033 896 1148 980 qui
1190 896 1428 960 missae
1470 915 1606 960 non
1649 896 2015 973 intersunt,
2061 894 2202 959 sive

260 994 439 1071 pater
492 983 776 1048 familias
832 982 971 1048 sive
1038 981 1275 1065 aliquis
1341 980 1538 1061 alius,
1605 980 2068 1046 examinentur
2121 978 2201 1045 de

260 1093 484 1149 causa,
542 1079 611 1135 et
661 1070 718 1134 si
762 1067 1144 1153 apparuerit
1187 1088 1299 1133 eos
1352 1067 1584 1133 fecisse
1641 1066 1709 1131 in
1755 1073 2202 1148 contemptum

259 1159 509 1234 missae,
556 1154 815 1220 inibunt
856 1174 1135 1237 poenam
1183 1152 1696 1230 confiscationis,
1754 1163 1821 1217 et
1863 1162 2205 1236 praeterea

260 1265 462 1329 poena
503 1240 791 1324 corporis
837 1240 962 1304 erit
1004 1241 1073 1303 in
1119 1239 1387 1305 arbitrio
1431 1239 1742 1322 Reginae.
1809 1236 2059 1303 Eodem
2103 1257 2204 1303 se·

262 1344 421 1396 natu
465 1330 791 1396 sancitum
837 1338 938 1392 est
974 1336 1046 1391 ut
1082 1324 1245 1390 nulli
1282 1323 1429 1389 libri
1465 1323 1817 1408 theologici
1858 1334 2207 1389 versentur

262 1426 373 1482 aut
414 1414 764 1482 videantur
808 1414 876 1477 in
922 1411 1227 1477 manibus
1270 1410 1551 1476 alicuius
1609 1413 1715 1493 qui
1776 1429 1912 1474 non
1955 1410 2073 1486 sit,
2131 1417 2208 1472 ut

263 1500 646 1586 loquuntur,
728 1496 1264 1573 bacchalaureus,
1349 1508 1412 1561 et
1501 1518 1585 1560 ne
1654 1494 1842 1579 puori
1932 1494 2207 1578 posthac

264 1588 692 1654 instituantur
756 1585 982 1669 lingua
1051 1582 1403 1649 vernacula
1469 1580 1585 1647 sed
1645 1580 1851 1646 latina
1919 1581 2204 1645 omnino.

263 1676 429 1742 Item
475 1694 702 1739 omnes
741 1670 893 1736 libri
939 1668 1289 1753 theologici
1332 1667 1444 1751 qui
1487 1667 1956 1751 imprimuntur
1989 1666 2209 1731 autin

265 1760 623 1829 Germania
684 1767 796 1823 aut
850 1757 1162 1822 Genevae
1220 1753 1519 1819 omnibus
1572 1751 2005 1836 prohibentur
2058 1773 2209 1818 cum

261 1846 487 1912 multis
530 1845 693 1909 aliis.
765 1843 1131 1928 Episcopus
1172 1840 1667 1917 GantuariensiS,
1720 1838 2211 1917 Glocestriensis,

264 1932 688 2000 londinensis
729 1951 874 1995 cum
922 1928 1183 1994 doctore
1229 1927 1411 1991 Iever
1454 1933 1765 2008 perpetuo
1810 1924 2055 1991 carceri
2096 1923 2210 1988 ad-

265 2018 532 2085 iudicati
568 2025 743 2094 sunt,
789 2025 856 2081 et
890 2036 1116 2080 omnes
1153 2011 1387 2095 reliqui
1424 2010 1597 2076 docti
1633 2010 1917 2075 ministri
1952 2029 2213 2076 carcere

263 2101 765 2181 concluduntur,
834 2100 939 2168 vel
998 2100 1342 2184 perfugere
1395 2109 1749 2182 coguntur,
1807 2118 1927 2162 nec
1983 2115 2212 2160 eorum

265 2192 607 2275 quisquam
653 2186 786 2254 ullo
830 2185 1020 2252 modo
1081 2184 1344 2251 vacillat
1388 2191 1505 2247 aut
1548 2191 1865 2247 movetur.
1954 2181 2217 2265 Regina

266 2279 355 2343 im
441 2287 640 2342 rtuna
703 2272 929 2357 populi
994 2270 1469 2337 exclamatione
1541 2267 1860 2335 concessit
1922 2265 2215 2333 Londini

263 2299 559 2448 puffioag
603 2361 1073 2446 disputationes
1107 2359 1282 2422 inter
1317 2354 1745 2432 Christianos,
1790 2353 1901 2436 qui
1944 2373 2029 2419 ex
2071 2372 2214 2418 car-

261 2470 406 2518 cere
451 2461 574 2514 aut
616 2450 774 2533 fuga
815 2445 1048 2528 reliqui
1090 2452 1298 2520 erant,
1342 2452 1408 2507 et
1451 2441 1757 2524 papistas.
1779 2440 1834 2525 ⁷)
1925 2438 2213 2521 Papistis

264 2544 614 2619 praeerant
670 2534 894 2600 doctor
945 2529 1221 2612 Smythe,
1283 2528 1394 2611 qui
1453 2536 1649 2591 antea
1702 2524 1801 2589 bis
1844 2524 2064 2608 palam
2109 2546 2211 2588 re·

262 2632 648 2688 cantaverat
704 2620 1020 2703 regnique
1053 2620 1088 2654 *
1151 2625 1419 2698 propter
1478 2620 1786 2695 papatum
1846 2610 2211 2693 aufugerat,

262 2722 326 2773 et
368 2707 599 2772 doctor
660 2706 935 2781 Weston,
993 2703 1183 2767 ambo
1228 2700 1516 2783 insignes
1560 2706 1980 2775 scortatores,
2038 2697 2213 2759 inter

264 2814 413 2859 suos
489 2803 709 2857 tamen
775 2789 1003 2874 optimi
1070 2802 1138 2853 et
1204 2785 1576 2851 doctissimi.
1680 2783 1762 2847 In
1820 2783 1925 2847 his
1989 2782 2212 2863 itaque

263 2878 817 2966 disputationibus
894 2874 1189 2958 quaestio
1268 2871 1656 2936 movebatur
1734 2868 1814 2932 de
1893 2869 2212 2933 sacrificio

264 2968 504 3034 missae
560 2978 625 3029 et
679 2963 758 3029 de
818 2960 1190 3046 praesentia
1231 2957 1521 3040 corporis
1566 2955 1834 3021 Domini
1879 2955 1948 3017 in
1992 2973 2209 3028 coena,

263 3052 557 3136 haecque
615 3048 947 3117 contentio
1008 3047 1134 3111 fuit
1190 3066 1304 3128 per
1348 3044 1633 3126 quinque
1677 3040 1843 3106 dies:
1891 3040 1975 3104 ad
2019 3060 2211 3121 quam

265 3137 686 3205 confluebant
729 3134 918 3199 multi
966 3134 1235 3197 iuvenes
1293 3150 1374 3193 ex
1431 3126 1776 3193 academiis
1833 3125 2068 3209 populo
2115 3126 2212 3208 ig-

262 3228 429 3303 noti,
499 3224 609 3307 qui
666 3229 929 3306 propter
983 3216 1331 3283 iuvenilem
1392 3224 1671 3278 aetatem
1719 3211 2103 3277 videbantur
2149 3221 2216 3273 et

261 3312 458 3377 nimis
509 3307 788 3375 audaces
833 3316 901 3371 et
936 3326 1095 3370 sane
1130 3300 1481 3377 temerarii,
1526 3320 1725 3382 quum
1764 3321 1832 3362 se
1869 3297 2212 3380 disputan-

262 3397 438 3463 tibus
492 3395 852 3478 adiungere
895 3402 962 3457 et
1000 3410 1151 3455 cum
1207 3397 1345 3451 tam
1390 3385 1669 3450 literatis
1724 3383 2018 3449 hostibus
2062 3403 2213 3447 con-

261 3484 445 3568 gredi
499 3481 773 3547 vellent:
836 3478 915 3543 iis
974 3488 1195 3540 tamen
1240 3482 1497 3556 praeter
1541 3471 1835 3535 omnium
1878 3478 2213 3552 exspecta-

258 3571 509 3636 tionem
562 3568 656 3631 ita
699 3566 882 3631 Deus
940 3562 1151 3627 astitit
1205 3570 1280 3623 ut
1336 3558 1563 3641 quinto
1617 3556 2051 3622 contentionis
2110 3553 2216 3618 die

257 3676 389 3721 non
458 3654 787 3719 haberent
853 3646 1029 3714 unde
1094 3643 1498 3711 scholasticis
1565 3639 2036 3724 responderent
2091 3640 2218 3722 ipsi

257 3742 589 3825 papistae,
634 3758 843 3821 neque
887 3755 1112 3799 eorum
1159 3742 1293 3796 tam
1339 3729 1668 3812 sapientes
1713 3726 1977 3792 iudices.
2066 3724 2216 3808 Quo

258 3826 582 3893 iuvenum
628 3821 963 3905 triumpho
1009 3819 1247 3901 vulgus
1289 3818 1383 3882 ita
1425 3811 1861 3897 explaudebat
1905 3813 2214 3896 papistas,

258 3922 332 3978 ut
372 3911 667 3988 nobiles,
723 3910 834 3992 qui
890 3906 981 3973 ibi
1027 3904 1382 3969 honorifice
1426 3908 1774 3985 praeerant
1817 3900 2218 3982 papistisque

259 3997 599 4074 favebant,
643 3998 743 4062 ira
785 3993 1182 4075 infamiaque
1218 3989 1380 4053 moti
1424 4007 1692 4052 suorum
1736 3984 2070 4050 doctorum
2118 3985 2216 4067 ig-

258 4085 639 4151 norantiam
728 4081 1026 4165 Reginae
1118 4074 1591 4141 denunciarent
1686 4080 2213 4151 accusarentque.

261 4169 459 4251 Quod
508 4169 772 4253 quidem
814 4188 960 4232 eam
1007 4184 1142 4228 non
1187 4180 1416 4245 parum
1463 4157 1836 4233 commovit,
1882 4154 1997 4220 sed
2036 4155 2216 4220 Win-

256 4257 569 4323 toniensis
637 4254 751 4319 ille
806 4251 1085 4336 Angliae
1155 4242 1634 4313 archidiabolus
1708 4244 1931 4307 statim
1998 4241 2218 4305 omnia
2266 4260 2269 4271 ·

259 4342 422 4410 haec
491 4339 792 4418 sedabat,
857 4337 1245 4421 promittens
1303 4354 1372 4396 se
1429 4329 1917 4411 assignaturum
1976 4326 2215 4410 populo

260 4429 461 4496 aliam
509 4426 684 4493 diem
729 4446 854 4510 qua
900 4425 1178 4506 ipsemet
1224 4418 1451 4483 adesse
1510 4414 1739 4491 vellet,
1800 4423 1870 4478 et
1912 4413 2217 4478 omnibus

259 4516 775 4582 satisfacturum.
875 4508 1010 4573 Sed
1070 4504 1225 4569 dum
1279 4512 1746 4569 conterraneus
1805 4511 2027 4565 noster
2085 4496 2216 4564 dis-

259 4604 458 4669 cessit
513 4620 647 4664 non
708 4597 847 4665 dies
904 4592 1237 4676 assignata
1291 4600 1447 4654 erat.
1536 4586 1812 4650 Interim
1871 4584 2032 4649 mali
2086 4605 2216 4649 non

258 4685 600 4753 desistunt
650 4702 922 4768 pergere
980 4686 1047 4744 et
1104 4686 1333 4742 contra
1387 4671 1806 4756 evangelium
1860 4669 2039 4754 leges
2083 4680 2218 4734 sta-

261 4783 475 4850 tuere,
515 4770 631 4836 sed
666 4769 858 4854 paulo
893 4763 1294 4831 moderatius
1330 4770 1568 4823 tamen.
1638 4755 1923 4821 Elisabet
1944 4760 1997 4835 ⁸)
2033 4777 2219 4821 soror

260 4863 537 4943 reginae
581 4869 646 4922 et
690 4853 956 4920 domina
990 4850 1186 4915 Anna
1219 4848 1295 4910 de
1342 4844 1485 4926 olef
1516 4863 1928 4908 communem
1974 4842 2220 4907 habent
2268 4874 2273 4901 ι

261 4942 619 5021 familiam,
684 4940 1199 5025 religionemque
1242 4931 1667 4998 christianam
1712 4929 2070 4993 ferventius
2112 4948 2219 4991 re-

262 5030 491 5098 tinent
554 5048 751 5112 quam
810 5038 1003 5090 antea
1057 5037 1407 5101 nunquam.
1511 5014 1861 5080 Caeterum
1928 5012 2220 5097 plerique

480 5322 539 5385 7)
578 5321 644 5377 St
712 5334 779 5388 pe
810 5316 845 5371 1.
883 5331 928 5369 c.
971 5314 1029 5369 C.
1072 5315 1150 5379 10,
1178 5329 1243 5384 p.
1278 5311 1363 5367 47.

481 5391 537 5460 8)
585 5386 680 5443 We
803 5401 868 5456 p.
902 5383 1024 5438 230.

412 5477 635 5534 odoini
666 5489 851 5544 opera.
935 5470 1050 5526 Vol.
1088 5467 1253 5527 XIV.

1944 451 2106 514 1553
2145 447 2555 516 DEGEMB.

4139 457 4270 522 706

2298 637 2551 704 nobiles
2592 638 2824 703 favent
2861 639 3204 724 evangelio
3237 642 3635 726 missamque
3671 641 3992 709 reiiciunt.
4058 642 4282 709 Multi

2297 732 2522 790 tamen
2558 723 2978 790 dissimulant
3009 726 3404 793 rusticorum
3450 738 3650 806 metu,
3743 728 3811 793 ui
3854 726 4014 794 adeo
4058 727 4272 794 obsti-

2298 818 2451 874 nate
2472 810 2766 894 papismo
2789 809 3154 877 adhaerent
3174 812 3311 878 suis
3333 813 3682 897 praecipue
3755 815 3957 880 'vitiis
3992 815 4143 879 freti
4180 823 4272 879 ut

2301 895 2416 961 vix
2460 895 2711 961 nobiles
2756 896 3013 979 publice
3059 896 3413 981 quidquam
3473 899 3717 964 mutire
3760 900 4080 976 audeant,
4141 897 4264 965 sed

2299 980 2376 1045 in
2420 981 2697 1064 privatis
2740 979 3009 1048 aedibus
3067 984 3483 1068 evangelium
3529 986 3876 1050 retineant.
3968 985 4264 1051 Domina

2304 1066 2555 1133 Ioanne
2612 1088 2821 1151 nuper
2874 1066 3204 1134 declarata
3260 1070 3490 1153 regina
3555 1069 3765 1136 libera
3821 1082 3949 1149 est,
4022 1089 4268 1135 verum

2303 1162 2491 1237 pater
2533 1154 2673 1219 eius
2717 1151 2854 1219 dux
2901 1152 3263 1236 Suffoliciae
3318 1161 3420 1221 est
3463 1176 3503 1221 a
3544 1157 3834 1222 consiliis
3876 1155 4148 1240 reginae
4191 1164 4264 1221 et

2304 1238 2493 1305 adest
2535 1240 2772 1305 missae
2822 1260 2954 1305 non
3014 1240 3158 1305 sine
3214 1241 3480 1306 turbata
3521 1242 3934 1308 conscientia.
4023 1241 4267 1307 Oomes

2304 1324 2388 1390 de
2427 1324 2749 1402 Arundel,
2807 1346 3000 1409 quem
3044 1325 3310 1410 Regina
3351 1336 3687 1409 receperat
3740 1329 3916 1392 inter
3969 1347 4266 1393 summos

2305 1409 2739 1487 consiliarios,
2798 1412 2930 1476 iam
2986 1411 3285 1495 repulsus
3330 1420 3431 1478 est
3468 1411 3643 1495 quod
3699 1413 4146 1478 manifestavit
4189 1434 4266 1478 se

2305 1517 2450 1562 esse
2507 1495 2974 1575 christianum,
3047 1517 3170 1563 neo
3227 1496 3517 1562 admittit
3584 1499 3854 1565 missam
3910 1519 4028 1564 nec
4087 1497 4266 1562 domi

2308 1602 2467 1648 suae
2511 1602 2632 1647 nec
2675 1583 2745 1647 in
2791 1582 2951 1647 villa
2993 1582 3107 1648 ubi
3151 1594 3395 1648 manet.
3469 1584 3805 1649 Australis
3850 1584 3958 1649 hio
3999 1582 4266 1668 quidem

2309 1678 2426 1733 est:
2473 1667 2793 1734 australes
2838 1689 2994 1734 vero
3039 1669 3173 1734 fere
3218 1688 3445 1735 omnes
3493 1680 3632 1735 tum
3678 1669 3914 1753 plebeii
3960 1678 4099 1733 tum
4145 1690 4270 1733 no-

2309 1753 2472 1820 biles
2515 1754 2888 1838 papismum
2947 1753 3287 1831 abiiciunt,
3343 1756 3562 1838 sicque
3614 1755 3727 1820 ille
3772 1754 3948 1819 domi
3992 1756 4152 1820 satis
4194 1755 4272 1819 in

2311 1848 2454 1905 tuto
2489 1849 2607 1905 est.
2675 1839 3003 1924 Hybernii
3038 1840 3526 1906 constituerunt
3559 1840 3683 1906 sibi
3718 1861 3940 1925 regem
3977 1838 4269 1905 nobilem

2308 1925 2636 2010 quendam
2678 1925 3105 2009 Hybernum,
3163 1946 3353 2009 quem
3412 1948 3533 2011 ego
3579 1928 3733 1993 novi
3777 1928 3982 1991 bonae
4026 1923 4272 1990 indolis

2311 2021 2381 2077 et
2422 2011 2803 2078 literaturae
2847 2021 2913 2076 et
2956 2033 2995 2078 a
3049 2012 3390 2078 cunabulis
3445 2033 3580 2077 una
3633 2033 3788 2078 cum
3831 2012 4016 2096 Rege
4055 2031 4274 2094 nuper

2311 2106 2568 2163 mortuo
2611 2096 2942 2163 educatus.
3014 2096 3145 2163 Hic
3186 2098 3356 2162 inter
3390 2097 3614 2163 civiles
3652 2119 3805 2163 suos
3849 2096 4270 2180 evangelium

2315 2192 2530 2250 tenet:
2568 2203 2724 2248 nam
2757 2184 3000 2249 caeteri
3035 2192 3345 2267 tanquam
3382 2184 3559 2248 ferae
3595 2183 3931 2267 religionis
3959 2191 4035 2247 ut
4063 2183 4272 2247 etiam

2315 2269 2746 2335 humanitatis
2792 2278 2951 2333 sunt
2995 2284 3315 2352 expertes.
3406 2269 3695 2352 Repellit
3740 2289 3968 2334 omnes
4014 2267 4272 2351 Anglos

2313 2364 2379 2422 et
2419 2357 2712 2419 minatur
2756 2375 2825 2418 se
2867 2355 3257 2419 invasurum
3299 2356 3632 2439 Angliam.
3724 2352 3903 2420 Scoti
3948 2354 4074 2417 hoc
4117 2373 4275 2417 nos-

2314 2450 2485 2507 trate
2529 2441 2772 2507 sciente
2849 2461 3001 2505 nam
3048 2441 3175 2506 illis
3234 2440 3554 2506 finitimus
3612 2440 3739 2525 est)
3797 2439 4026 2523 procul
4068 2438 4273 2504 dubio

2314 2526 2727 2610 evangelium
2774 2547 2813 2590 a
2860 2527 3210 2603 miserunt,
3259 2535 3325 2591 et
3369 2529 3744 2611 nuperrime
3787 2524 4275 2608 quadringenta

2314 2612 2515 2678 biblia
2559 2620 2626 2678 et
2664 2620 2940 2694 quatuor
3000 2611 3173 2677 dolia
3231 2612 3428 2694 plena
3471 2612 3664 2679 novis
3718 2611 4132 2676 testamentis
4185 2631 4274 2675 ex

2318 2697 2563 2781 Anglia
2605 2707 3041 2782 asportarunt.
3109 2697 3402 2762 Abbates
3449 2708 3516 2762 et
3556 2699 3835 2781 episcopi
3875 2697 4078 2762 coacti
4115 2704 4276 2760 sunt

2315 2786 2384 2849 in
2408 2783 2698 2851 Galliam
2736 2785 3063 2867 aufugere.
3131 2785 3448 2849 Attamen
3494 2804 3704 2867 neque
3750 2783 3892 2867 lege
3935 2792 4280 2865 receptum

2317 2880 2418 2936 est
2462 2870 2879 2954 evangelium
2925 2890 3134 2952 neque
3192 2868 3664 2934 condemnatus
3721 2870 4092 2952 papismus,
4154 2865 4274 2932 sed

2317 2957 2625 3038 cuiquam
2682 2976 2801 3038 pro
2859 2955 3133 3020 arbitrio
3188 2954 3341 3019 licet
3400 2957 3638 3020 vivere.
3731 2953 3983 3020 Seditio
4027 2972 4276 3035 magna

2317 3042 2585 3106 iamiam
2665 3043 3078 3126 praesagitur
3156 3042 3222 3105 in
3296 3041 3556 3125 Anglia.
3669 3040 4029 3104 Enimvero
4109 3038 4277 3104 haec

2318 3127 2580 3212 Regina
2621 3125 2927 3193 omnibus
2969 3127 3185 3193 invisa
3229 3136 3345 3201 est,
3393 3138 3460 3191 et
3505 3125 3902 3191 Christianis
3946 3132 4013 3190 et
4055 3126 4280 3207 papis-

2319 3215 2433 3292 tis,
2497 3211 2581 3278 ob
2633 3210 2892 3279 easdem
2955 3234 3185 3280 causas
3251 3233 3415 3296 quas
3481 3232 3681 3294 supra
3744 3209 4276 3278 commemoravi.

2319 3297 2472 3379 Qua
2516 3298 2595 3364 de
2639 3321 2836 3365 causa
2879 3307 2956 3364 ut
2997 3296 3184 3364 Deus
3228 3298 3617 3375 auxilietur,
3664 3306 3730 3363 et
3776 3297 4126 3381 dissipatae
4170 3316 4280 3361 eo-

2317 3384 2554 3451 clesiae
2589 3404 2746 3450 suae
2782 3385 3166 3469 anglicanae
3202 3385 3580 3449 miserescat
3614 3391 3682 3448 et
3718 3382 3985 3448 tandem
4022 3388 4284 3447 restau-

2317 3491 2464 3536 rare
2508 3471 2688 3550 velit,
2740 3491 2853 3536 vos
2895 3490 3121 3535 omnes
3165 3491 3314 3535 eum
3360 3491 3549 3534 orare
3592 3490 3783 3552 rogo,
3831 3479 3897 3533 et
3937 3476 4016 3533 ut
4058 3467 4284 3532 omnia

2316 3555 2480 3623 haec
2525 3557 2608 3621 ad
2652 3557 2926 3641 gloriam
2974 3577 3165 3622 suam
3207 3563 3388 3621 recta
3434 3554 3728 3620 tendant.
3817 3554 3986 3618 Vale
4032 3554 4280 3617 iterum

2317 3651 2514 3725 atque
2558 3644 2826 3718 iterum,
2883 3643 2989 3708 vir
3033 3643 3297 3725 optime.
3389 3642 3573 3706 Deus
3618 3638 3700 3706 Ο.
3745 3640 3837 3705 M.
3898 3648 4084 3723 pater
4136 3658 4280 3702 om-

2317 3729 2505 3793 nium
2564 3737 2630 3794 te
2688 3728 2997 3795 ecclesiae
3055 3727 3167 3793 diu
3228 3736 3450 3793 servet
3497 3727 3906 3791 incolumem.
4007 3728 4109 3788 170
4138 3723 4282 3789 De-

2317 3815 2615 3880 cembris.
2706 3815 3104 3880 Lansannae
3149 3836 3234 3878 ex
3280 3812 3552 3878 aedibus
3597 3812 3680 3877 D.
3734 3811 3993 3877 Plessei.

3198 4547 3390 4617 1873.

2632 4726 3266 4794 GRA'PAROLUS
3314 4722 3952 4793 BULLINGERO.

2511 4926 2745 4990 Variae
2786 4945 2981 5008 usque
3021 4931 3166 4991 sunt
3208 4925 3535 4990 variorum
3573 4921 3904 4984 sententiae
3945 4919 4020 4985 de
4062 4918 4284 4985 haere-

2321 5013 2464 5078 tisis
2509 5017 2702 5077 morte
2747 5012 3109 5095 plectendis.
3203 5009 3432 5075 Contra
3484 5008 3796 5072 Smetum
3841 5007 4087 5070 amicus
4130 5007 4281 5088 qui-

2319 5100 2471 5165 dam
2517 5098 2746 5163 librum
2776 5103 2995 5179 parat.

2327 5307 2438 5372 (Ex
2489 5303 2827 5374 autographo
2872 5302 3031 5355 Arch.
3069 5302 3247 5355 Tur-ic.
3287 5301 3426 5353 Plut.
3467 5297 3564 5350 VI.
3605 5297 3719 5349 Vol.
3761 5295 3887 5361 155,
3927 5296 4055 5349 olim
4093 5295 4284 5350 Scrin-

2571 5376 2633 5427 B.
2672 5373 2812 5442 Epp.
2851 5373 3002 5425 Tom.
3040 5370 3124 5437 33,
3161 5371 3249 5424 sol.
3285 5368 3368 5422 58.
3408 5395 3474 5406 —
3510 5366 3723 5420 Simler.
3760 5365 3888 5418 Vol.
3922 5362 4033 5432 80.)

3783 5449 3854 5504 45
