4900 6167
590 403 718 465 295
802 398 806 403 ’

585 586 894 653 scientias
936 585 1312 670 opprimens
1354 582 1621 651 Christo
1662 583 2010 666 imperium
2053 582 2399 669 abrogavit
2413 633 2431 661 ,
2476 583 2534 648 si

586 671 928 757 regiminis
1006 671 1282 736 formam
1362 669 1619 735 invexit
1683 667 1767 732 ab
1839 668 2165 755 evangelii
2238 667 2536 735 doctrina

585 777 857 842 prorsus
899 755 1198 836 alienam,
1246 756 1303 821 si
1340 774 1589 820 novum
1625 770 1694 820 et
1736 755 2063 821 exoticum
2099 754 2535 820 sacerdotium

586 851 991 909 commentus
1034 849 1135 908 est
1177 849 1253 907 ut
1291 861 1362 907 se
1404 839 1702 905 mortalis
1742 840 1938 906 homo
1979 840 2533 907 reconciliatorem

583 929 761 993 inter
804 928 1024 994 Deum
1065 937 1134 992 et
1173 926 1494 992 mundum
1536 927 1797 1009 ingerat
1810 977 1826 1005 ,
1892 927 1951 992 si
2007 925 2386 1010 quotidiana
2427 947 2533 992 sa-

586 1014 832 1081 crificia
873 1013 1214 1080 fabricavit
1254 1032 1424 1096 quae
1466 1013 1535 1076 in
1577 1012 1809 1077 mortis
1826 1010 2081 1079 Christi
2124 1013 2334 1079 vicem
2379 1013 2534 1078 sub-

585 1108 772 1177 eant,
826 1100 883 1166 si
938 1098 1118 1165 mille
1181 1098 1434 1182 piacula
1489 1095 1886 1164 redimendis
1932 1098 2216 1181 peccatis
2256 1098 2533 1177 invenit,
2572 1139 2578 1146 ·

585 1187 645 1253 si
686 1185 916 1253 fictitia
957 1184 1222 1250 lavacra
1278 1205 1362 1249 ex
1401 1183 1551 1250 lacu
1592 1184 1848 1249 Averni
1900 1181 2129 1249 eduxit
2169 1202 2339 1267 quae
2381 1204 2533 1249 san-

586 1271 856 1357 guinem
898 1268 1015 1335 filii
1055 1268 1182 1335 Dei
1218 1272 1555 1348 siccarent,
1602 1270 1659 1333 si
1693 1270 1763 1334 in
1798 1269 1939 1335 eius
1974 1269 2188 1335 locum
2231 1270 2534 1334 innume·

584 1378 692 1422 ros
735 1364 1043 1439 patronos
1085 1355 1441 1434 substituit,
1487 1354 1543 1420 si
1584 1355 1900 1420 iustitiam
1938 1375 2103 1439 quae
2144 1355 2215 1419 in
2250 1354 2534 1420 solidum

584 1442 666 1507 ab
721 1462 798 1507 eo
854 1439 1137 1525 petenda
1180 1450 1323 1506 erat
1364 1440 1436 1505 in
1480 1440 1658 1505 mille
1700 1441 1914 1507 frusta
1956 1441 2297 1517 laceravit,
2355 1440 2412 1506 si
2456 1440 2534 1504 li·

584 1527 815 1593 berum
871 1525 1158 1592 hominis
1223 1524 1560 1592 arbitrium
1616 1526 1888 1609 spiritus
1943 1527 2150 1592 sancti
2204 1526 2346 1592 loco
2391 1547 2534 1591 ere-

583 1614 725 1678 xit:
783 1632 915 1678 non
959 1620 1060 1678 est
1115 1611 1285 1696 quod
1345 1612 1638 1696 ambigat
1693 1612 2017 1696 quispiam
2058 1632 2293 1678 verum
2337 1611 2535 1678 Chri-

585 1710 761 1765 stum
802 1697 1029 1781 procul
1087 1718 1127 1763 a
1170 1709 1413 1782 papatu
1455 1697 1770 1763 exsulare.
1857 1695 2197 1763 Mortuum
2253 1696 2535 1764 cadaver

584 1805 704 1869 pro
748 1786 898 1849 vivo
942 1783 1194 1850 Christi
1237 1804 1504 1867 corpore
1569 1806 1609 1848 a
1673 1783 1946 1868 papistis
2005 1786 2319 1850 ostentari
2384 1782 2533 1848 ideo

587 1870 756 1950 dixi,
822 1866 996 1953 quod
1039 1871 1361 1936 exstincta
1403 1869 1727 1954 evangelii
1773 1868 2100 1948 doctrina,
2168 1890 2333 1953 quae
2376 1888 2536 1934 vera
2575 1889 2581 1895 ⁴

587 1955 897 2022 ecclesiae
940 1955 1161 2019 anima
1203 1965 1303 2021 est
1360 1975 1634 2038 eamque
1677 1954 1815 2019 sola
1859 1955 2167 2032 vivificat,
2212 1955 2534 2020 umbrati-

584 2043 718 2107 lem
762 2051 980 2105 tamen
1023 2041 1242 2106 nescio
1285 2061 1478 2123 quam
1516 2041 1852 2107 ecclesiam
1888 2042 2236 2126 magnifice
2275 2040 2537 2124 praedi-

584 2135 750 2193 cant.
839 2125 1058 2207 Quam
1102 2138 1412 2209 corrupta
1465 2127 1551 2192 sit
1607 2125 1780 2209 apud
1824 2146 1932 2192 eos
1977 2125 2313 2192 doctrinae
2354 2127 2535 2210 puri-

584 2222 683 2278 tas
700 2263 716 2291 ,
760 2212 892 2277 imo
934 2232 1129 2295 quam
1172 2211 1562 2296 prodigiosis
1605 2210 1935 2278 erroribus
1977 2211 2270 2291 foedata,
2316 2212 2537 2295 palam

583 2299 873 2365 facimus.
960 2297 1069 2362 Illi
1115 2318 1244 2363 non
1292 2296 1486 2388 modo
1529 2297 1828 2380 tegendis
1861 2296 2163 2364 omnibus
2200 2307 2536 2381 corrupte·

584 2384 666 2449 lis
736 2383 1044 2450 ecclesiae
1101 2381 1401 2447 umbram
1474 2381 1872 2461 obtendunt,
1943 2383 2058 2449 sed
2132 2384 2537 2468 quiritantur

584 2482 953 2554 praeterea,
1028 2489 1300 2552 gravem
1359 2489 1399 2533 a
1448 2468 1640 2534 nobis
1703 2477 1770 2533 et
1828 2468 2172 2554 indignam
2226 2470 2537 2537 ecclesiae

586 2556 894 2620 iniuriam
966 2554 1105 2618 fleri
1217 2553 1344 2619 uod
1416 2574 1563 2619 eam
1634 2553 1925 2620 dicamus
1983 2575 2223 2621 errare.
2326 2555 2538 2639 Atqui

587 2642 798 2725 primo
853 2659 1132 2704 examen
1234 2641 1521 2705 octrinae
1578 2639 1954 2706 habendum
2012 2649 2184 2721 erat,
2242 2650 2318 2707 ut
2380 2639 2537 2706 inde

586 2725 856 2808 ecclesia
898 2734 1375 2808 agnosceretur.
1469 2726 1679 2809 Aequi
1720 2726 1834 2791 isti
1877 2725 2188 2878 probigue
2231 2728 2537 2793 aestima-

588 2823 761 2877 tores
802 2811 1101 2877 fucosum
1136 2810 1403 2876 titulum
1439 2811 1774 2877 doctrinae
1809 2812 2057 2879 obruen
2102 2833 2141 2878 o
2176 2813 2538 2880 discrimini

586 2898 726 2963 vim
768 2895 1147 2979 praeiudicii
1191 2895 1431 2963 habere
1471 2897 1718 2964 volunt.
1806 2898 2036 2982 Neque
2091 2919 2253 2965 vero
2311 2897 2378 2964 id
2421 2897 2538 2963 fal-

584 2980 763 3049 lendi
832 3001 1052 3049 causa:
1123 3002 1279 3048 nam
1334 2982 1568 3066 quibus
1621 2985 1997 3069 praestigiis
2054 2984 2157 3049 vel
2226 2984 2539 3051 lusciosos

584 3067 805 3135 oculos
839 3070 909 3133 in
952 3076 1136 3133 tanta
1177 3069 1324 3134 luce
1368 3067 1676 3135 deludere
1730 3068 2107 3136 tentarent?
2196 3067 2333 3136 Sed
2385 3069 2541 3153 quia

584 3155 756 3221 hanc
799 3153 1157 3219 mentiendi
1202 3154 1532 3220 licentiam
1588 3156 1659 3220 in
1713 3155 2089 3240 tyrannidis
2147 3175 2307 3221 suae
2350 3161 2540 3237 parte

586 3240 923 3325 deputant,
968 3237 1090 3304 sibi
1134 3260 1265 3305 non
1309 3240 1622 3306 videntur
1662 3262 1781 3325 pro
1824 3252 1978 3306 voto
2022 3239 2362 3319 dominari,
2408 3238 2540 3304 nisi

584 3324 1049 3392 contumeliose
1093 3326 1367 3391 miseras
1411 3327 1662 3392 animas
1705 3324 2127 3392 subsannent.

757 3409 906 3475 Hac
949 3408 1189 3475 ferocia
1230 3411 1440 3475 inflati
1483 3410 1855 3476 Tridentini
1921 3419 2143 3493 patres
2186 3409 2380 3476 hodie
2422 3409 2539 3475 ad·

588 3498 717 3563 huc
761 3493 1046 3560 undosos
1090 3514 1245 3560 suos
1287 3516 1570 3561 canones
1614 3495 2020 3580 despumant.
2109 3494 2363 3562 Sedent
2402 3495 2541 3561 illic

590 3581 872 3667 episcopi
918 3580 1138 3646 nescio
1181 3589 1356 3663 quot,
1402 3588 1471 3645 et
1512 3580 1778 3648 abbates
1822 3593 2083 3656 centum
2127 3581 2351 3648 forsan
2394 3601 2540 3649 cor-

591 3677 792 3734 nutae
846 3667 1108 3733 bestiae.
1214 3664 1288 3732 Si
1353 3666 1473 3731 flos
1538 3665 1997 3733 selectissimus
2063 3668 2262 3733 totius
2366 3668 2540 3733 entis

590 3755 727 3819 illic
770 3754 1028 3832 niteret,
1074 3751 1242 3817 nihil
1287 3761 1504 3817 tamen
1550 3760 1723 3819 esset
1764 3751 1944 3819 aliud
1985 3775 2182 3838 quam
2224 3774 2332 3819 sce
2359 3764 2544 3819 erata

592 3841 664 3903 in
708 3839 927 3904 Deum
969 3837 1381 3921 conspiratio,
1467 3836 1663 3906 Nunc
1706 3858 1863 3905 vero
1880 3889 1895 3919 ,
1940 3851 2286 3924 postquam
2326 3839 2543 3905 furfur

593 3931 664 3989 et
705 3923 1084 4008 quisquilias
1125 3924 1367 4007 impuri
1411 3923 1624 4008 putidi
1669 3946 1750 3990 ue
1792 3925 1895 3991 sui
1950 3926 2171 4011 gregis
2222 3926 2293 3991 in
2338 3945 2541 3990 unam

591 4009 895 4077 lacunam
937 4012 1264 4094 congessit
1305 4030 1493 4093 papa,
1537 4010 1604 4075 in
1651 4032 1689 4076 e
1731 4011 1949 4077 subito
1984 4011 2544 4094 repraesentativa

593 4094 868 4163 ecclesia
907 4094 1242 4178 emerget?
1308 4097 1399 4161 Et
1431 4094 1648 4163 adhuc
1681 4096 1854 4162 nihil
1888 4115 2001 4163 eos
2042 4097 2248 4181 pudet
2280 4115 2543 4163 sacrum

595 4180 903 4269 generale
956 4188 1024 4246 et
1069 4181 1443 4265 legitimum
1487 4181 1837 4249 concilium
1892 4182 2193 4261 vocitare,
2239 4182 2412 4267 quod
2459 4203 2544 4249 ne

593 4268 811 4333 inanis
855 4266 1117 4350 quidem
1160 4274 1227 4332 et
1252 4268 1501 4334 comica
1521 4267 1781 4334 concilii
1804 4268 1993 4335 larva
2033 4267 2163 4334 dici
2205 4267 2542 4335 meretur?

591 4352 657 4419 N
657 4374 730 4419 os
773 4372 930 4418 vero
946 4404 963 4432 ,
1064 4352 1258 4419 uibus
1310 4351 1468 4419 data
1523 4366 1625 4420 est
1666 4354 2011 4439 promissio
2054 4353 2545 4421 Antichristum

591 4438 705 4524 qui
748 4438 822 4503 in
863 4445 1041 4538 temp
1067 4459 1106 4504 o
1148 4439 1278 4505 Dei
1336 4437 1519 4505 sedet
1570 4440 1804 4524 spiritu
1862 4440 1996 4503 oris
2037 4437 2309 4523 Domini
2352 4462 2391 4507 o
2477 4460 2544 4506 r-

594 4535 734 4590 tere
776 4522 1043 4603 destrui,
1086 4524 1340 4591 foedam
1386 4525 1556 4592 hanc
1609 4533 1675 4590 et
1716 4524 2153 4590 meretriciam
2196 4526 2379 4610 impu
2425 4548 2543 4593 en-

593 4611 755 4678 tiam
798 4620 1208 4676 sacrosancto
1251 4609 1364 4676 illo
1407 4610 1629 4686 verbo,
1671 4610 1778 4677 cui
1822 4621 1959 4675 tam
1994 4607 2302 4678 audacter
2333 4612 2543 4680 insul-

595 4705 774 4775 tant,
833 4693 1129 4761 refellere
1184 4716 1316 4761 non
1370 4696 1778 4762 desinamus:
1837 4703 1913 4760 ut
1963 4694 2183 4779 palam
2241 4698 2544 4766 omnibus

594 4784 711 4849 flat
751 4778 907 4865 quid
961 4781 1137 4846 inter
1185 4791 1432 4848 castam
1475 4780 1727 4848 Christi
1768 4801 2075 4865 sponsam
2116 4789 2185 4849 et
2224 4783 2545 4850 foetidum

595 4865 807 4934 Belial
850 4874 1136 4932 scortum
1152 4916 1171 4945 ,
1223 4864 1382 4950 quid
1433 4868 1607 4933 inter
1647 4868 2094 4934 sanctuarium
2134 4868 2264 4935 Dei
2308 4877 2375 4935 et
2416 4868 2545 4937 Sa-

597 4962 792 5020 tanae
834 4950 1129 5036 lupanar,
1173 4951 1330 5036 quid
1369 4953 1549 5019 inter
1589 4953 1928 5036 spirituale
1968 4954 2231 5040 piorum
2272 4953 2543 5025 domici·

595 5037 758 5105 lium
800 5044 870 5104 et
907 5057 1252 5122 porcorum
1295 5037 1544 5119 haram,
1587 5037 1745 5124 quid
1787 5038 2067 5140 denique
2099 5039 2278 5109 inter
2315 5061 2545 5109 veram

597 5123 938 5191 ecclesiam
981 5132 1050 5191 et
1088 5143 1424 5190 romanam
1466 5124 1715 5191 curiam
1753 5125 2029 5194 intersit.

655 5287 658 5291 Α
768 5205 991 5276 Huius
1032 5210 1129 5276 rei
1171 5208 1353 5276 nulla
1405 5210 1642 5277 certior
1697 5210 1807 5277 vel
1847 5213 2058 5298 magis
2100 5210 2390 5281 dilucida
2430 5235 2545 5282 ne-

596 5313 727 5384 que
798 5293 880 5361 ab
938 5294 1214 5362 Euclide
1278 5315 1490 5382 neque
1544 5297 1626 5364 ab
1680 5296 2077 5366 Archimede
2141 5299 2365 5367 afferri
2428 5299 2545 5368 de-

2101 391 2629 461 EPISTOLAE
2677 394 3097 458 1607—1608

4459 396 4604 460 296

2635 582 3021 649 monstratio
3064 586 3311 667 potest,
3354 600 3549 665 quam
3594 581 3652 646 si
3695 580 4024 659 ecclesiae,
4068 580 4278 665 qualis
4319 603 4360 647 a
4400 583 4610 648 Luca

2637 666 3057 745 describitur,
3122 688 3276 736 cum
3335 687 3673 754 synagoga
3725 665 3945 753 papali
3996 668 4116 733 fiat
4167 668 4605 751 comparatio.

2636 753 2865 838 Neque
2905 774 3063 820 vero
3105 773 3311 837 usque
3355 752 3516 820 adeo
3561 773 3710 820 sum
3753 752 4004 838 rigidus
4045 763 4124 819 ut
4164 753 4248 818 ad
4292 774 4612 820 normam

2637 839 3101 924 apostolorum,
3138 858 3308 923 quae
3329 839 3628 924 angelica
3661 847 3761 906 est
3786 847 3853 904 et
3885 838 4203 917 coelestis,
4247 840 4611 906 confusum

2635 925 2812 993 istud
2856 924 3054 993 chaos
3070 977 3086 1005 ,
3147 946 3188 991 a
3231 946 3358 1009 quo
3398 934 3467 991 et
3506 933 3780 992 naturae
3834 922 3991 991 ordo
4046 933 4114 990 et
4155 925 4610 992 humanitatis

2637 1012 2802 1078 ratio
2833 1012 3101 1095 <penitus
3137 1009 3461 1089 abhorret,
3497 1011 3762 1096 exigere
3797 1010 4024 1076 velim:
4063 1010 4122 1076 si
4155 1009 4346 1076 modo
4379 1021 4612 1078 osten-

2639 1098 2799 1164 dant
2852 1096 3209 1181 quidquam
3270 1095 3394 1162 sibi
3438 1117 3580 1164 esse
3624 1098 3854 1175 affine,
3908 1117 4027 1179 per
4082 1117 4187 1162 me
4241 1117 4397 1162 sane
4455 1097 4612 1163 illis

2637 1183 3047 1267 triumphare
3088 1182 3302 1249 liceat.
3382 1179 3519 1248 Sed
3562 1203 3765 1268 quum
3810 1182 3948 1248 sint
3991 1182 4212 1248 omnia
4245 1185 4610 1261 contraria,

2638 1268 2898 1334 etiamsi
2939 1268 3150 1333 maior
3192 1287 3343 1352 pars
3385 1267 3728 1334 hominum
3768 1275 4001 1351 sponte
4045 1268 4395 1347 caecutiat,
4452 1277 4611 1334 toto

2639 1353 2877 1421 saltem
2915 1353 3266 1439 plaudente
3309 1353 3486 1420 coelo
3529 1352 3871 1422 vecordem
3932 1373 4160 1419 eorum
4215 1354 4614 1438 superbiam

2639 1461 2769 1507 non
2828 1439 3020 1506 modo
3085 1441 3257 1505 intre
3303 1438 3408 1505 ide
3472 1447 3892 1507 contemnere
3948 1437 4065 1506 sed
4120 1438 4326 1506 libere
4389 1441 4612 1507 etiam

2638 1525 2983 1593 traducere
3027 1525 3217 1592 nobis
3291 1524 3498 1592 ’cebit.
3586 1527 3854 1592 Interea
3905 1546 4038 1591 non
4096 1524 4260 1592 levis
4302 1526 4612 1593 consola-

2638 1612 2731 1676 tio
2775 1633 2895 1679 nos
2952 1618 3278 1678 sustentat
3319 1610 3492 1695 quod
3505 1662 3522 1691 ,
3579 1632 3784 1697 quum
3827 1610 4135 1678 ecclesiae
4167 1610 4440 1677 titulum
4473 1633 4611 1678 no·

2638 1695 2738 1764 bis
2804 1697 3224 1798 superciliose
3287 1709 3621 1781 opponant
3695 1698 3992 1782 papistae
4007 1749 4022 1775 ,
4104 1695 4290 1763 nobis
4368 1707 4614 1764 tamen

2636 1784 2903 1884 nonnisi
2945 1805 3092 1849 cum
3138 1784 3444 1868 professis
3487 1783 3739 1850 Christi
3797 1781 4092 1850 hostibus
4147 1781 4392 1849 bellum
4448 1805 4614 1851 esse

2642 1890 2901 1936 se1mus.
4549 1925 4564 1938 .

2810 1954 2958 2023 Hoc
3004 1976 3159 2021 vero
3203 1953 3479 2022 fiduciae
3523 1956 3687 2020 mihi
3731 1964 3850 2020 tua
3884 1952 4200 2021 Maiestas
4233 1956 4612 2038 permittat,

2639 2048 2717 2107 ut
2759 2040 2883 2105 sub
2927 2040 3235 2126 auspiciis
3293 2042 3427 2106 suis
3483 2042 3607 2106 hoc
3663 2061 3808 2106 meo
3864 2040 4086 2107 labore
4139 2039 4445 2107 fruantur
4497 2043 4616 2126 pii

2638 2125 2934 2205 lectores,
2980 2124 3186 2193 donec
3229 2126 3440 2192 altera
3482 2147 3636 2211 pars
3678 2127 3942 2192 residua
3984 2127 4108 2192 sub
4151 2126 4270 2192 filii
4313 2128 4412 2193 tui
4456 2128 4619 2193 Re-

2641 2212 2743 2296 gis
2787 2209 3109 2297 designati
3154 2214 3448 2292 nomine,
3504 2213 3609 2279 cui
3653 2232 3799 2278 eam
3843 2211 4202 2293 destinavi,
4247 2233 4365 2278 suo
4427 2221 4619 2278 tem-

2637 2317 2794 2380 pore
2837 2307 3045 2364 exeat.
3132 2297 3321 2377 Vale,
3368 2298 3810 2364 cordatissime
3854 2297 4023 2375 Rex,
4066 2306 4134 2364 et
4166 2300 4343 2365 omni
4378 2300 4619 2365 virtu-

2639 2396 2781 2448 tum
2824 2385 3234 2469 praestantia
3276 2384 3711 2450 ornatissime.
3774 2383 4099 2451 Dominus
4143 2384 4477 2464 thronum,
4523 2388 4617 2452 in

2640 2490 2766 2552 quo
2809 2480 2875 2536 te
2919 2470 3292 2549 collocavit,
3351 2471 3422 2536 in
3466 2471 3662 2535 finem
3721 2489 3930 2553 usque
3974 2468 4278 2536 stabiliat.
4367 2469 4618 2538 Gene-

2639 2575 2782 2635 vae,
2826 2555 3036 2640 pridie
3079 2555 3406 2623 Calendas
3448 2555 3678 2622 Martii
3728 2558 3910 2622 1552.

3414 2849 3816 2860 *—

3520 3099 3712 3171 16⁰8.

3086 3255 3615 3326 SLEIDANUS
3660 3257 4132 3325 ASCHAMO.

2816 3428 3182 3495 Novissima
3226 3449 3303 3494 ex
3344 3429 3597 3495 concilio
3647 3428 4033 3496 Tridentino.

2644 3599 2869 3682 (Exstat
2901 3601 3165 3681 impres-sa
3198 3600 3254 3653 in
3290 3599 3432 3654 libro
3468 3599 3553 3682 cui
3595 3598 3789 3653 titulus
3836 3606 3948 3653 est:
3996 3600 4085 3655 Io.
4123 3600 4356 3656 &tuentii
4390 3601 4610 3684 Hiero·

2641 3666 4608 3808 fflwfflfifflmwffwffimssmffi

2645 3806 2869 3863 xorem
2901 3821 3030 3861 vero
3401 3805 3594 3862 eduae.
3662 3805 3746 3859 Μ.
3786 3804 3870 3862 10.
3908 3805 4085 3861 Hem.
4120 3807 4366 3865 Acheru
4396 3823 4504 3865 rec.
4543 3815 4614 3866 et

3019 3879 3226 3931 annon.
3260 3876 3338 3931 ca.
3373 3874 3631 3931 Hannon.
3671 3871 3820 3929 1⁷07.
3853 3874 3904 3929 8.
3940 3892 4064 3946 pag.
4102 3875 4213 3944 37.)

2649 4044 3089 4114 ornatissimo
3166 4069 3308 4144 viro
3383 4046 3579 4112 Dom.
3646 4046 3910 4131 Rogero
3974 4048 4306 4115 Aschamo
4372 4049 4614 4133 Anglo

3141 4132 3424 4200 Ioannes
3466 4129 3834 4199 Sleidanus.
3900 4131 3973 4200 S.
4017 4133 4096 4201 Ρ.

2818 4268 2918 4335 Ad
2972 4290 3155 4336 meas
3211 4267 3563 4336 Decembri
3619 4289 3846 4336 mense
3901 4271 4178 4354 scriptas
4231 4272 4450 4421 accepi
4493 4292 4612 4339 re-

2647 4376 2956 4440 sponsum
2996 4363 3187 4422 tuum
3230 4355 3459 4420 datum
3502 4357 3681 4439 xxvj.
3703 4354 4016 4422 Ianuarii.
4063 4354 4370 4423 Calendis
4453 4358 4605 4425 ebr.

2647 4462 2905 4507 rursum
2951 4441 3035 4507 ad
3077 4449 3143 4508 te
3186 4441 3445 4524 scripsi,
3510 4440 3747 4524 quibus
3801 4440 4067 4526 quidem
4109 4462 4194 4508 ex
4235 4444 4442 4508 literis
4484 4445 4608 4508 in-

2649 4527 2942 4612 telligere
2981 4528 3266 4612 potuisti,
3311 4526 3468 4611 quid
3513 4524 3597 4598 ad
3638 4537 4038 4611 postremam
4080 4530 4437 4596 sessionem
4481 4529 4609 4598 hie

2645 4635 2686 4679 a
2743 4611 2934 4680 nobis
2992 4623 3213 4680 actum
3258 4612 3365 4679 sit.
3465 4612 3689 4679 Tertia
3750 4613 3855 4680 die
3910 4613 4106 4681 Febr.
4174 4633 4322 4681 cum
4385 4614 4606 4682 altero

2645 4699 2972 4767 Saxonico
3035 4699 3253 4785 legato
3308 4696 3627 4765 Venetiae
3699 4699 3878 4765 adivi
3930 4720 4049 4799 per
4100 4699 4458 4767 Patavium
4522 4713 4608 4768 et.

2643 4785 2978 4852 Viennam
3041 4792 3109 4850 et
3170 4782 3539 4864 Veronam,
3604 4784 3735 4850 huc
3795 4784 3964 4850 redii
4024 4784 4109 4851 ad
4173 4788 4306 4871 xvj.
4374 4785 4603 4854 huius.

2643 4869 2944 4939 Venetiis
2986 4869 3159 4936 nihil
3200 4878 3343 4937 erat
3382 4872 3481 4936 rei
3521 4890 3730 4938 novae
3771 4879 3840 4937 et
3880 4871 4124 4955 alioqui
4165 4881 4324 4939 sunt
4363 4873 4604 4957 magni

2645 4956 2987 5024 silentarii.
3010 4959 3047 4996 ⁴*
3131 4956 3346 5022 Tui-ca
3386 4955 3595 5023 fertur
3638 4956 3719 5023 ab
3781 4956 3876 5021 eis
3929 4958 4190 5041 petiisse
4232 4959 4602 5025 transitum

2646 5043 2784 5110 suis
2825 5041 3028 5126 copiis
3069 5061 3188 5125 per
3219 5042 3512 5127 ipsorum
3545 5043 3742 5108 fines:
3787 5062 3876 5109 an
3909 5042 4357 5127 impetraverit
4389 5043 4602 5129 plane

2642 5128 2891 5215 ignoro.
2985 5125 3295 5195 Vidimus
3349 5127 3959 5209 armamentarium,
4021 5149 4153 5214 quo
4214 5128 4382 5197 nihil
4442 5150 4601 5198 esse

2643 5220 2862 5299 potest
2921 5212 3316 5283 instructum
3380 5213 3623 5299 magis:
3689 5222 3930 5296 parant
3991 5235 4200 5283 novas
4264 5217 4596 5296 triremes,

2645 5299 2901 5386 aliaque
2962 5301 3232 5387 navigia
3294 5306 3361 5367 et
3423 5297 3532 5365 his
3595 5297 3791 5365 rebus
3851 5301 4158 5368 omnibus
4221 5298 4599 5371 destinatae
