4900 6167
661 388 789 452 583

658 572 967 639 Eximiae
1028 568 1294 654 pietatis
1356 576 1425 634 et
1487 566 1821 634 doctrinae
1897 566 2040 632 viro
2112 563 2198 630 D.
2266 562 2616 647 Bodolpho

660 656 1032 725 Gualthero
1085 653 1263 721 fideli
1308 652 1559 720 Christi
1612 652 1919 718 ministro
1980 652 2051 717 in
2092 651 2367 718 ecclesia
2408 650 2614 735 'Pigu-

1120 741 1267 805 rina
1308 749 1376 806 et
1416 739 1611 805 fratri
1656 738 1821 804 mihi
1859 736 2147 805 colendo.

832 876 903 943 S.
992 876 1297 960 Ignoees,
1351 874 1620 941 colende
1674 876 1906 951 frater,
1965 874 2021 939 si
2075 872 2269 938 amici
2313 880 2381 937 et
2423 872 2614 937 fami-

656 962 841 1029 liaris
896 961 1180 1027 hominis
1245 970 1477 1045 rogatu
1540 961 1660 1026 tibi
1725 962 2140 1045 importunus
2199 979 2343 1025 esse
2398 979 2612 1043 cogor.

659 1048 831 1114 Nam
930 1069 1089 1112 uum
1152 1067 1430 1129 puerum
1495 1068 1580 1112 ex
1636 1046 1836 1112 fratre
1884 1054 2188 1129 nepotem
2208 1096 2225 1122 ,
2280 1045 2469 1110 cuius
2511 1055 2614 1110 est

657 1144 855 1212 tutor,
902 1142 1071 1199 istuc
1112 1131 1460 1199 discendae
1502 1131 1766 1217 linguae
1809 1152 2006 1198 causa
2059 1139 2128 1196 et
2180 1128 2380 1196 simul
2422 1138 2499 1194 ut
2538 1131 2612 1194 in

656 1219 869 1284 literis
922 1218 1219 1302 proficiat
1280 1219 1539 1283 mittere
1591 1220 1863 1302 cogitet,
1934 1228 2113 1283 aetas
2167 1224 2385 1282 autem
2444 1236 2611 1299 opus

653 1303 895 1371 habeat
921 1304 1265 1387 disciplina
1286 1313 1354 1368 et
1394 1304 1638 1381 fraeno,
1683 1325 1815 1369 non
1858 1301 2058 1369 audet
2100 1302 2231 1367 nisi
2273 1300 2445 1387 apud
2489 1301 2611 1367 ho·

654 1391 903 1456 minem
941 1390 1207 1455 doctum
1244 1401 1312 1455 et
1345 1390 1696 1454 autoritate
1731 1388 2101 1474 praeditum
2135 1387 2370 1454 locare.
2435 1384 2611 1467 Quia

654 1495 813 1541 vero
869 1495 953 1540 ex
1008 1495 1115 1540 me
1175 1484 1242 1541 et
1299 1475 1382 1540 D.
1440 1474 1619 1541 Besa
1688 1474 2018 1540 intellexit
2067 1493 2391 1557 nusquam
2450 1473 2608 1538 alibi

654 1561 1059 1628 commodius
1102 1581 1294 1645 quam
1342 1560 1518 1626 domi
1562 1571 1714 1626 tuae
1768 1561 1935 1638 fore,
1993 1560 2182 1625 nobis
2221 1557 2348 1624 hoe
2389 1559 2607 1624 oneris

651 1647 967 1731 imposuit
1023 1655 1098 1712 ut
1155 1655 1219 1712 te
1283 1646 1584 1729 precibus
1642 1648 1883 1712 nostris
1938 1666 2249 1712 conemur
2292 1644 2376 1710 ad
2415 1664 2606 1729 prae·

653 1732 964 1798 standum
1034 1732 1155 1798 hoe
1215 1732 1501 1798 officium
1567 1731 1906 1799 adducere.
2016 1730 2408 1814 Quanquam
2473 1751 2605 1795 non

653 1817 784 1883 alia
826 1819 971 1903 lege
1014 1827 1079 1883 te
1124 1817 1286 1883 mihi
1332 1818 1683 1903 gratificari
1728 1818 1928 1883 velim
1974 1819 2098 1883 nisi
2156 1816 2370 1900 quoad
2415 1826 2606 1882 tuum

651 1902 1064 1970 commodum
1146 1904 1325 1969 feret.
1437 1906 1654 1988 Atque
1732 1925 1853 1990 ego
1931 1904 2320 1968 nominatim
2399 1923 2606 1986 quum

651 1991 1050 2073 scripturum
1116 2009 1219 2055 me
1282 1990 1753 2072 promitterem,
1817 1990 1943 2055 hoc
1997 1990 2254 2072 excepi,
2319 2009 2427 2053 me
2485 1988 2605 2054 tibi

650 2074 850 2141 nimis
892 2074 1198 2141 instando
1253 2096 1384 2141 non
1446 2075 1584 2141 fore
1639 2075 2005 2141 molestum.
2094 2075 2275 2160 Ergo
2319 2082 2396 2139 ut
2439 2073 2606 2138 mihi

650 2169 913 2246 gratum
958 2161 1096 2228 fore
1140 2162 1476 2245 profiteor,
1539 2163 1592 2227 si
1652 2182 1929 2245 puerum
1986 2158 2396 2227 educandum
2438 2160 2605 2225 reei-

647 2247 807 2331 pias,
853 2248 947 2312 ita
988 2267 1168 2313 nunc
1254 2246 1363 2313 uid
1406 2246 1690 2313 libenter
1733 2257 1799 2313 et
1841 2247 2082 2330 absque
2127 2245 2428 2311 molestia
2470 2246 2603 2311 fae-

648 2342 841 2398 turus
885 2334 993 2410 sis,
1039 2334 1160 2399 tibi
1205 2267 1699 2399 deliberandum
1745 2333 2059 2415 relinquo,
2151 2332 2380 2415 Neque
2423 2332 2602 2396 enim

647 2417 812 2483 mihi
870 2417 1018 2501 plus
1073 2419 1427 2502 impetrare
1497 2419 1613 2484 abs
1672 2426 1737 2484 te
1791 2418 1951 2484 libet
2007 2438 2205 2503 quam
2264 2417 2436 2502 quod
2483 2416 2604 2482 tibi

647 2503 966 2588 expediet.
1038 2503 1131 2569 De
1221 2506 1385 2569 retio
1421 2505 1636 2570 victus
1691 2504 2004 2589 quidquid
2052 2513 2327 2587 patruus
2386 2514 2599 2568 tecum

648 2600 882 2674 pactus
928 2591 1144 2668 fuerit,
1271 2610 1358 2655 na
1401 2589 1529 2655 fide
1575 2589 1658 2655 ad
1702 2590 1875 2656 diem
1920 2590 2266 2674 persolvet.

820 2675 927 2740 Nu
977 2697 1050 2741 er
1094 2691 1228 2741 tam
1276 2675 1530 2741 subitus
1552 2676 1775 2741 Berna
1818 2676 1941 2741 fuit
1977 2696 2163 2742 meus
2200 2674 2525 2742 discessus
2551 2675 2601 2759 ¹)

649 2769 726 2827 ut
770 2759 852 2826 D.
888 2695 1024 2827 2ξυί
1108 2762 1195 2827 Ido
1240 2774 1307 2826 et
1352 2760 1615 2844 reliquis
1658 2761 1969 2827 fratribus
2012 2783 2144 2826 non
2184 2761 2441 2827 licuerit
2487 2780 2600 2825 va-

647 2844 945 2913 ledicere.
1078 2868 1185 2913 am
1231 2869 1272 2913 a
1314 2845 1587 2930 prandio
1631 2869 1935 2914 reversus
1980 2847 2295 2931 collegam
2320 2848 2378 2930 ²)
2420 2848 2600 2930 lega·

646 2933 846 2999 tionis
906 2942 1236 3000 ocreatum
1295 2933 1529 3018 reperi.
1632 2932 2047 3018 Responsum
2107 2934 2283 2999 enim
2339 2942 2601 3015 praeter

646 3042 678 3085 6
725 3038 830 3085 em
874 3040 914 3084 a
956 3019 1220 3086 consule
1248 3016 1611 3107 Ne9[ebino]
1636 3020 1688 3105 ⁸)
1734 3018 1959 3085 datum
2004 3020 2235 3096 fuerat,
2282 3028 2600 3086 venturos

716 3124 993 3171 enevam
1038 3106 1151 3189 qui
1209 3104 1288 3169 de
1347 3105 1773 3173 caeremoniis
1820 3154 2274 3171 .........
2320 3123 2600 3188 quarum

649 3209 844 3257 eausa
888 3193 1222 3276 negotium
1270 3191 1455 3257 nobis
1507 3192 1824 3257 facessere
1867 3212 2001 3256 non
2045 3189 2371 3256 desinunt.
2463 3186 2602 3276 T[u

639 3274 903 3364 fratres]
950 3289 1017 3342 et
1059 3286 1459 3361 symmystas
1503 3279 1718 3343 saluta
1763 3276 2111 3361 diligenter
2148 3274 2598 3343 meo'nomine

646 3370 716 3427 et
736 3382 1007 3428 uxorem
1055 3360 1275 3449 [tuam.
1340 3361 1683 3449 Dominus]
1728 3385 1849 3428 vos
1875 3371 2153 3436 tueatur,
2201 3360 2440 3445 spiritu
2478 3382 2597 3427 suo

643 3448 967 3531 gubernet
1011 3468 1086 3515 ac
1130 3448 1490 3514 benedicat.
1579 3449 1638 3513 E
1686 3448 1970 3527 [Geneva
1996 3498 2009 3513 .
2039 3498 2052 3513 .
2080 3498 2093 3511 .
2120 3445 2167 3533 .]
2216 3447 2522 3513 calendas
2541 3446 2598 3533 ⁴)

646 3534 937 3619 Augusti
984 3537 1164 3599 1553.

1573 3669 1857 3737 Ioannes
1902 3669 2221 3737 Calvinus
2265 3679 2433 3735 tuus.

1528 4182 1715 4253 1768.

1048 4335 1163 4401 CA
1174 4334 1510 4402 LVINUS
1556 4335 2187 4403 BULLINGERO.

827 4505 1029 4590 Royat
1072 4507 1228 4588 quid
1276 4508 1513 4588 factum
1554 4509 1636 4572 sit
1679 4510 1754 4573 de
1797 4507 1998 4573 literis
2053 4530 2093 4573 a
2136 4509 2395 4576 ducissa
2440 4508 2597 4576 Fer-

648 4593 867 4660 rariae
918 4592 1216 4658 Turicum
1259 4594 1507 4672 missis,
1558 4594 1872 4659 Genavam
1915 4615 2039 4660 noa
2078 4594 2312 4661 allatis.
2400 4596 2600 4678 Deflet

636 4684 901 4831 mm
948 4678 1141 4763 Reyis·
1204 4676 1503 4745 Eduardi
1559 4684 1615 4744 et
1665 4679 2043 4747 Germaniae
2099 4682 2456 4748 discordias
2511 4685 2599 4750 ei-

648 5019 822 5075 1767.
850 5022 907 5085 1)
946 5021 1035 5076 De
1067 5024 1263 5078 itinere
1303 5020 1524 5075 Calvina·
1555 5022 1824 5076 Rev-nme·
1856 5038 1901 5074 υ.
1940 5038 2111 5092 supra
2150 5024 2222 5080 N.
2257 5023 2412 5079 1744.

853 5092 914 5155 2)
953 5090 1099 5148 Jean
1135 5093 1269 5145 Ami
1304 5090 1489 5146 Curta
1522 5091 1604 5145 dit
1638 5090 1911 5145 Boteiller.
1983 5092 2217 5162 (Galiffe
2250 5095 2315 5147 11.
2360 5094 2502 5162 119.)

856 5159 916 5220 3)
956 5161 1068 5216 Hie
1102 5166 1153 5216 et
1186 5160 1341 5227 instra
1375 5160 1567 5215 charta
1601 5159 1860 5213 lacerata.

856 5228 911 5291 4)
955 5228 1131 5297 Quota
1165 5231 1363 5285 conieci
1394 5231 1514 5284 licet
1548 5244 1614 5283 ex
1650 5229 1914 5283 mentione
1948 5233 2197 5298 responsi
2226 5232 2305 5288 N.
2344 5233 2480 5287 1768
2515 5235 2596 5289 ita
2639 5192 2645 5215 Ὗ

646 5301 709 5351 ue
745 5312 854 5351 non
891 5298 1026 5353 adeo
1061 5298 1159 5353 diu
1188 5306 1313 5368 post
1354 5298 1493 5352 Idus
1526 5300 1786 5367 scriptam
1823 5296 2137 5354 dixerimus.

2172 374 2695 445 EPIS'I'OLAE
2744 379 3166 440 1767—1769

4521 385 4626 447 584

2745 562 3461 702 Aumffpmggasffl‘tfg
3498 564 3664 686 All->egid
3699 565 3880 686 'Euxine
3913 565 4062 647 ngat.
4096 565 4192 620 VI.
4228 565 4347 619 Vol.
4360 566 4489 687 ἐξ,
4520 569 4632 691 ἓξῗ

2719 673 2925 756 Gener.
2963 651 3101 783 lllnl,
3116 673 3348 756 alterum·
3385 675 3666 754 Tun-etim.
3591 702 3604 714 ⁰
3651 702 3664 715 ’
3700 702 3794 757 fol.
3900 703 3951 767 L
3997 704 4231 756 alterum
4265 654 4523 785 recentius
4551 706 4632 760 fol.

2717 767 2847 838 2663
2879 778 3013 824 item
3049 772 3133 826 bis
3167 773 3368 841 legitur
3401 771 3543 840 Epp.
3577 771 3739 825 Bern.
3779 771 3877 826 VI.
3913 771 4016 825 2¹0
4037 780 4095 825 et
4117 772 4237 825 vn.
4263 771 4346 826 87.
4403 773 4633 828 Simlerns

2717 839 2886 892 habet
2929 839 3057 895 Vol.
3104 837 3192 892 80.
3277 840 3477 893 Vei-sio
3520 840 3767 977 anpglig6
3769 842 3981 974 1)nserta
4023 848 4107 894 est
4153 841 4303 895 Tom.
4352 840 4416 894 11.
4457 842 4632 896 Edinb.

2716 1075 3158 1177 ornatissimo
3223 1080 3367 1144 viro
3412 1077 3496 1144 D.
3541 1078 3880 1146 Henricho
3924 1079 4315 1164 Bullingero
4357 1081 4636 1147 ecclesiae

2715 1163 3070 1248 'Pigurinae
3137 1164 3385 1248 pastori
3451 1166 3636 1229 tratri
3704 1172 3772 1230 et
3835 1176 4244 1251 symmystae
4306 1167 4635 1251 plurimum

3476 1249 3902 1317 observando.

2886 1385 2956 1451 S.
3051 1386 3303 1452 Paulus
3327 1390 3379 1470 ¹)
3435 1388 3702 1453 natione
3768 1388 4006 1465 Italus,
4073 1389 4269 1454 homo
4334 1400 4637 1474 spectatae

2714 1469 2901 1536 nobis
2945 1472 3307 1554 probitatis,
3352 1492 3555 1555 quum
3603 1494 3813 1556 nuper
3866 1474 3948 1539 ad
3992 1474 4320 1541 Comitem
4363 1486 4637 1541 nostrum

2716 1555 2963 1622 Celsum
2981 1561 3040 1635 ²)
3085 1559 3415 1636 scriberet,
3460 1559 3636 1624 inter
3676 1560 3807 1624 alia
3847 1563 4081 1644 posuit,
4127 1583 4198 1627 se
4232 1562 4454 1627 literas
4493 1562 4638 1627 mihi

2712 1643 3009 1709 attulisse
3075 1643 3157 1709 ab
3221 1644 3665 1710 illustrissima
3737 1645 4081 1712 Ferrariae
4144 1646 4403 1714 ducissa
4417 1700 4432 1724 ,
4494 1670 4638 1730 quas

2711 1728 2887 1811 apud
2931 1739 2999 1792 te
3043 1730 3414 1814 reliquerat.
3441 1733 3495 1813 ³)
3585 1730 3759 1811 Quia
3802 1752 3956 1797 vero
4000 1754 4211 1815 nuper
4255 1748 4570 1799 venerunt
4605 1755 4639 1799 a

2712 1815 2795 1879 D.
2827 1814 3165 1881 Gualtltero
3206 1816 3455 1893 literae,
3473 1820 3530 1893 ⁴)
3575 1818 3688 1882 ubi
3730 1818 3915 1882 nulla
3957 1820 4100 1884 eius
4142 1820 4240 1884 rei
4273 1821 4353 1884 fit
4386 1821 4637 1886 mentio:

2709 1909 2777 1965 et
2818 1900 3014 1983 paulo
3058 1911 3212 1966 ante
3254 1901 3538 1967 Ioannes
3585 1903 3858 1968 [Amne
3901 1915 4224 1970 mercator
4265 1904 4637 1990 Sangallen-

2708 1986 2799 2051 sis
2835 1987 2959 2052 hae
2995 1988 3321 2053 transiens
3360 1974 3634 2066 dixerat,
3680 2002 3748 2053 te
3784 2011 3902 2072 per
3936 1990 4259 2072 quendam
4284 1992 4637 2056 Hebraeum

2708 2073 3073 2156 scripsisse:
3154 2075 3522 2157 suspicatus
3603 2095 3779 2153 sum,
3862 2086 3927 2140 te
3994 2075 4076 2140 ab
4139 2077 4252 2142 illo
4319 2076 4638 2161 deceptum

2704 2159 2925 2224 fuisse.
3015 2159 3241 2242 Neque
3297 2161 3474 2225 enim
3532 2160 3643 2225 ille
3697 2182 3738 2225 a
3793 2161 3976 2226 nobis
4032 2165 4212 2227 visus
4262 2174 4392 2241 est,
4449 2185 4639 2246 neque

2709 2243 2952 2320 dubito,
2997 2246 3153 2329 quin
3199 2266 3275 2310 eo
3320 2266 3390 2311 se
3434 2246 3785 2313 contulerit
3827 2248 4001 2312 unde
4048 2251 4259 2313 maior
4301 2272 4452 2333 spes
4494 2251 4640 2314 lucri

2708 2329 3079 2414 affulgebat.
3147 2330 3341 2411 Quod
3387 2334 3442 2397 si
3488 2331 3657 2396 forte
3700 2333 3927 2399 literae
3970 2334 4120 2399 illae
4162 2335 4496 2418 perierint,
4538 2335 4638 2400 ad-

2705 2417 3019 2481 monitam
3065 2437 3208 2482 esse
3251 2415 3572 2485 ducissam
3610 2421 3819 2502 cupio,
3885 2419 4173 2486 Proinde
4215 2424 4370 2503 quia
4413 2423 4517 2488 hic
4548 2424 4639 2486 vir

2703 2501 2971 2579 nobilis,
3031 2524 3158 2586 quo
3213 2505 3631 2570 intel-nuncio
3691 2508 3862 2587 apud
3909 2507 4160 2590 Regem
4207 2508 4469 2574 Galliae
4518 2509 4636 2572 iam

2706 2608 2913 2652 annos
2956 2588 3325 2672 complures
3381 2612 3502 2656 usa
3560 2600 3688 2667 est,
3745 2592 3907 2658 istac
3957 2594 4252 2658 facturus
4313 2606 4457 2659 erat
4509 2596 4636 2671 iter,

2705 2674 2935 2757 rogavi
2976 2683 3051 2738 ut
3095 2674 3210 2739 abs
3253 2684 3318 2740 te
3362 2677 3821 2755 sciscitaretur,
3866 2679 4180 2761 quidnam
4236 2679 4352 2744 illo
4376 2685 4426 2748 ⁵)
4468 2681 4637 2745 fasci-

2704 2760 2853 2826 culo
2897 2781 3092 2843 quem
3138 2761 3311 2842 apud
3357 2772 3424 2826 te
3472 2761 3721 2827 Paulus
3771 2761 4095 2846 deposuit,
4155 2764 4406 2830 sactum
4464 2778 4636 2839 esset,

2704 2851 2780 2909 ut
2823 2844 2908 2910 ad
2953 2846 3304 2911 Dominam
3349 2868 3533 2912 suam
3579 2850 3833 2914 referat.

2875 2929 2979 2996 De
3044 2944 3253 2998 morte
3318 2933 3525 3017 Regis
3591 2934 3874 3020 Angliae
3952 2935 4427 3018 frequentiores
4502 2946 4639 3002 sunt

2705 3018 2947 3095 nuncii,
2993 3038 3188 3101 quam
3231 3019 3488 3083 vellem.
3578 3021 3812 3103 ltaque
3854 3022 3986 3086 iam
4030 3020 4335 3105 lugemus
4378 3044 4510 3088 non
4550 3044 4639 3087 se-

2704 3121 2817 3168 cus
2861 3123 2937 3169 ac
2993 3115 3351 3169 mortuum:
3411 3105 3521 3170 vel
3574 3106 3789 3188 potius
3843 3106 4145 3191 lugemus
4204 3110 4513 3175 ecelesiae
4554 3109 4640 3172 vi-

2703 3206 2845 3252 cem
2865 3239 2880 3264 ,
2940 3210 3106 3271 quae
3161 3192 3233 3254 in
3291 3212 3421 3256 uno
3477 3193 3688 3273 capite
3742 3192 4288 3259 inaestimabilem
4335 3196 4638 3261 iacturam

2702 3274 2872 3338 fecit.
2955 3275 3149 3340 Nune
3193 3297 3501 3358 quorsum
3544 3298 3650 3342 res
3685 3277 3986 3343 turbatae
4029 3279 4351 3345 inclinent
4386 3282 4635 3351 anxie⁶)

2702 3362 3184 3442 exspectatione
3228 3364 3527 3445 suspensi
3584 3385 3828 3428 sumus.
3918 3366 4349 3431 Germaniam
4410 3369 4639 3431 interea

2703 3466 2744 3509 a
2788 3467 2858 3511 se
2912 3448 3159 3511 mutuis
3218 3448 3602 3515 vulneribus
3656 3459 3724 3515 et
3790 3451 4123 3517 intestinis
4180 3454 4447 3530 confici,
4507 3452 4636 3535 plus

2703 3552 2899 3614 quam
2958 3531 3309 3598 dolendum
3372 3545 3489 3599 est.
3607 3534 3739 3600 Sed
3797 3537 3965 3601 nihil
4029 3540 4268 3603 mirum
4294 3590 4308 3615 ‚
4372 3540 4426 3604 si
4487 3560 4638 3602 mor-

2704 3615 2803 3683 bis
2859 3616 3221 3700 desperatis
3277 3630 3411 3685 tam
3471 3621 3758 3686 violenta
3823 3623 4111 3687 remedia
4164 3624 4488 3690 Dominus
4537 3623 4636 3688 ad-

2703 3702 2946 3769 hibeat.
3036 3705 3127 3769 Et
3184 3707 3340 3788 quid
3400 3715 3636 3784 restat,
3696 3708 3824 3773 nisi
3883 3720 3958 3772 ut
4012 3710 4294 3775 assiduis
4352 3711 4636 3792 precibus

2702 3790 3091 3873 flagitemus,
3132 3813 3217 3856 ne
3262 3792 3596 3857 eeclesiam
3641 3813 3829 3859 suam
3872 3796 4062 3860 obrui
4106 3797 4296 3873 sinat,
4345 3799 4503 3878 quin
4535 3816 4636 3879 po·

2704 3877 2835 3941 tius
2879 3876 3052 3940 inter
3093 3877 3221 3941 ista
3262 3878 3607 3962 naufragia
3649 3900 3794 3944 eam
3838 3881 4223 3946 conservet?
4315 3883 4499 3957 Vale,
4543 3903 4636 3946 or-

2702 3961 3043 4027 natissime
3087 3964 3196 4027 vir
3233 3979 3300 4028 et
3341 3965 3547 4029 frater
3584 3967 3657 4029 in
3681 3966 3950 4031 Christo
3994 3967 4469 4034 colendissime.
4533 3967 4639 4033 Sa-

2701 4045 2845 4111 luta
2887 4048 3168 4114 officiose
3212 4060 3614 4135 symmystas
3659 4061 3836 4129 tuos,
3897 4073 4190 4131 uxorem,
4248 4075 4541 4137 generoS,
4582 4064 4638 4119 et

2700 4133 2887 4198 filias.
2955 4133 3278 4201 Dominus
3324 4158 3436 4202 vos
3480 4159 3706 4202 omnes
3748 4138 4071 4221 praesidio
4116 4160 4234 4204 suo
4278 4152 4542 4205 tueatur
4579 4148 4636 4203 et

2700 4219 2933 4300 spiritu
3070 4221 3316 4286 beruet.
3407 4223 3713 4307 Collegae
3768 4225 3899 4288 mei
3964 4235 4030 4289 te
4075 4225 4435 4307 plurimum
4477 4226 4635 4292 salu-

2702 4312 2866 4368 tant.
2958 4242 3274 4372 gguevae
3317 4314 3376 4372 4.
3425 4309 3712 4392 Augusti
3735 4312 3787 4388 ⁷)
3842 4316 4021 4375 1553.

3625 4446 3908 4513 Ioannes
3955 4446 4271 4516 Calvinus
4317 4460 4485 4517 tuus.

2949 4568 3110 4575 --vffl

2702 4630 2876 4686 1768.
2909 4631 2967 4695 1)
3010 4632 3241 4689 Gnatus.
3313 4633 3389 4689 N.
3428 4632 3576 4687 1763.

2909 4700 2962 4762 2)
3003 4701 3429 4773 Martinenqum,
3467 4703 3736 4758 Italorum
3772 4707 4217 4762 concionatorem.

2906 4768 2964 4851 3)
3000 4769 3090 4824 De
3120 4772 3208 4827 his
3240 4772 3301 4852 ia
3342 4771 3517 4854 Gadis·
3614 4773 3774 4828 istola
3805 4775 3961 4841 nihil,
3999 4782 4048 4830 et
4081 4776 4302 4831 omnino
4337 4774 4632 4846 deperditae

2702 4846 2847 4906 sunt,
2881 4846 3022 4961 saeua
3056 4846 3107 4895 et
3139 4840 3448 4909 Bauanqm
3481 4842 3947 4966 αηαέαῇαιῗίἧίῗε

2905 4911 2970 5043 5))
2999 4917 3500 5047 :amam
3535 4951 3822 5035 mendant
3853 4954 4084 5037 fasma:
4115 4982 4198 5037 de.

2906 5045 2966 5110 6)
3003 5046 3115 5127 ῌίο
3389 5064 3425 5102 a
3461 5049 3653 5131 scribis
3669 5050 3821 5105 lectio
3837 5051 4144 5107 sollicitata.
4204 5051 4478 5107 Caeterum
4511 5051 4629 5102 haec

2700 5130 2766 5170 ex
2808 5114 3018 5245 Βαῑξῗη
3055 5116 3248 5237 ep.3N.
3271 5115 3431 5241 ὶ171331)
3449 5126 3630 5241 seatmtt.
3803 5186 3874 5240 ha

3001 5200 3110 5238 non
3183 5227 3195 5252 ‚
3230 5203 3269 5239 u
3435 5203 3496 5238 en
3555 5202 3801 5256 apoqrav
3879 5228 3888 5237 .
