4900 6167
730 352 858 417 223
2226 346 2747 415 EPISTOLAE
2797 350 3214 412 1574—1577
4545 358 4650 430 224

732 539 1044 613 arcanum
1089 542 1155 601 et
1186 533 1838 619 incomprehensibile
1862 534 2216 602 eonsilium
2251 556 2334 601 ex
2375 535 2666 619 professo

729 624 1010 708 attingat
1051 621 1546 706 appositissime,
1606 619 1720 685 scd
1764 642 1894 686 una
1937 621 2413 704 simplicissime
2457 622 2666 686 omni-

728 711 850 776 bus
894 727 1057 791 quae
1113 706 1346 774 adduci
1401 715 1681 789 possunt
1734 706 2081 776 satisfacit:
2142 718 2215 772 tu
2271 706 2465 771 homo
2518 706 2665 789 quis

729 816 798 861 es
841 795 950 878 qui
996 814 1079 858 ex
1122 792 1396 858 adverso
1442 790 1792 874 respondes
1830 791 2018 857 Deo?
2107 791 2288 856 Num
2343 789 2501 858 dicit
2542 793 2665 875 fig-

724 889 1017 946 mentum
1063 879 1123 943 ei
1166 878 1275 961 qui
1320 878 1542 941 finxit:
1591 896 1708 942 cur
1749 898 1857 942 me
1902 878 2148 944 finxisti
2191 877 2275 942 ad
2308 876 2483 943 hunc
2527 897 2663 941 mo-

727 963 928 1031 dum?
999 966 1243 1029 Annon
1286 961 1486 1027 habet
1526 969 1915 1045 potestatem
1968 963 2211 1047 figulus
2267 961 2391 1027 luti
2451 973 2526 1026 ut
2582 983 2664 1026 ex

727 1049 953 1117 eadem
995 1069 1212 1113 massa
1252 1049 1459 1132 fingat
1502 1047 1682 1112 aliud
1726 1047 1986 1131 quidem
2042 1069 2158 1115 vas
2210 1049 2280 1112 in
2326 1046 2664 1126 honorem,

714 1133 903 1202 ‘aliud
960 1154 1112 1201 vero
1170 1135 1239 1198 in
1297 1133 1722 1217 ignominiam
1739 1133 1770 1196 ἵ)
1856 1133 2003 1199 Hoc
2058 1153 2440 1216 responsum
2508 1132 2665 1197 sim-

769 1222 876 1287 lex
919 1228 984 1284 et
1027 1218 1396 1285 absolutum
1439 1218 1600 1284 satis
1643 1219 1943 1285 omnibus
1986 1239 2127 1284 esse
2171 1218 2391 1294 debet,
2436 1230 2504 1283 et
2544 1237 2665 1282 no-

772 1307 829 1371 is
872 1305 1019 1388 plus
1063 1304 1220 1370 satis
1265 1325 1404 1369 esse
1447 1311 1701 1386 oportet
1744 1305 1960 1370 Deum
1998 1306 2091 1368 ita
2136 1303 2301 1368 velle
2344 1313 2411 1368 et
2445 1302 2665 1369 decer-

726 1413 901 1457 nere.
1006 1389 1359 1472 Quumque
1417 1391 1715 1455 voluntas
1785 1390 1924 1455 eius
1981 1390 2395 1456 sanctissima
2459 1389 2546 1454 sit
2602 1395 2669 1454 et

726 1478 1003 1560 optima,
1069 1474 1479 1557 suspicienda
1535 1497 1575 1539 a
1630 1476 1818 1541 nobis
1862 1486 1928 1540 et
1971 1473 2300 1540 adoranda
2341 1483 2473 1551 est,
2531 1496 2668 1539 non

728 1561 1092 1629 accusanda
1134 1568 1252 1626 aut
1293 1559 1614 1643 culpanda
1652 1561 1823 1643 quod
1866 1583 2064 1628 causa
2106 1560 2193 1625 sit
2225 1560 2417 1639 mali,
2463 1581 2668 1642 quum

723 1657 980 1713 tantum
1021 1647 1174 1711 boni
1213 1647 1395 1712 Deus
1437 1647 1526 1712 sit
1568 1654 1758 1711 autor
1801 1655 1867 1711 et
1909 1666 2119 1713 causa.
2210 1644 2549 1728 Siquidem
2594 1652 2670 1710 ut

725 1733 962 1800 merito
1006 1733 1300 1797 omnium
1353 1753 1518 1814 quae
1573 1740 1729 1798 sunt
1772 1732 1986 1796 Deum
2032 1739 2326 1796 autorem
2370 1740 2436 1796 et
2489 1752 2666 1797 crea-

727 1829 937 1884 torem
981 1819 1290 1897 fatemur,
1352 1825 1419 1882 et
1461 1838 1650 1882 nemo
1690 1817 1818 1882 nisi
1859 1815 2099 1899 impius
2142 1825 2210 1882 et
2246 1818 2517 1883 insanus
2561 1837 2666 1882 eo-

722 1925 873 1969 rum
915 1923 1079 1987 quae
1113 1923 1448 1986 nunquam
1489 1901 1747 1969 condita
1782 1902 2052 1966 fuerunt
2084 1916 2437 1968 creatorem
2478 1902 2665 1982 dicet,

719 1991 845 2070 ita,
891 1999 965 2054 ut
1006 1989 1169 2054 bene
1214 1990 1302 2055 sit
1343 1990 1576 2054 creatis
1614 1996 1682 2052 et
1725 1989 1957 2053 vivant
1998 1989 2138 2053 vita
2180 1988 2403 2067 beata,
2449 2010 2490 2052 a
2533 1987 2667 2053 solo

722 2074 869 2141 Deo
913 2074 1190 2154 habent,
1234 2096 1364 2139 non
1410 2095 1450 2137 a
1486 2094 1557 2140 se
1602 2073 1790 2156 ipsis,
1838 2073 1951 2138 sed
1996 2074 2246 2157 gratiae
2292 2082 2394 2138 est
2435 2082 2502 2138 et
2542 2074 2666 2136 mi·-

726 2159 1144 2238 sericordiae,
1190 2179 1356 2244 quae
1400 2160 1678 2242 benigne
1723 2157 1910 2223 adest
1953 2159 2173 2224 electis
2214 2160 2406 2224 iuxta
2448 2159 2667 2224 decre-

722 2255 870 2311 tum
924 2254 1261 2312 aeternum
1306 2245 1451 2309 Dei.
1539 2246 1631 2308 Et
1686 2255 1938 2324 contra,
1996 2244 2167 2328 quod
2209 2266 2284 2310 eo
2340 2266 2476 2310 non
2521 2265 2666 2327 per-

722 2333 991 2417 tingant
1047 2328 1307 2413 reprobi
1361 2350 1570 2414 neque
1623 2330 1883 2408 vivant,
1954 2351 1993 2395 a
2061 2351 2131 2396 se
2188 2330 2348 2413 ipsis
2400 2330 2666 2406 habent,

725 2419 878 2501 quia
934 2417 1185 2500 gratiae
1243 2424 1309 2480 et
1367 2413 1845 2481 misericordiae
1900 2437 2028 2481 non
2089 2430 2243 2480 sunt
2299 2417 2665 2498 participes,

720 2523 935 2586 neque
988 2503 1127 2566 vita
1170 2500 1502 2565 donantur
1559 2511 1824 2567 aeterna
1841 2552 1857 2578 ,
1914 2501 2028 2566 sed
2074 2502 2198 2566 sibi
2250 2502 2409 2586 ipsis
2465 2502 2664 2567 relin-

722 2595 1035 2672 quuntur,
1080 2592 1155 2651 ut
1190 2588 1422 2651 morito
1458 2595 1748 2668 pereant,
1793 2597 1868 2650 ut
1904 2587 1985 2652 ab
2021 2595 2289 2652 aeterno
2323 2608 2486 2652 vasa
2527 2588 2665 2653 irae

724 2673 1023 2738 ordinata
1064 2672 1264 2736 fuere.
1354 2670 1490 2738 Sed
1534 2673 1708 2755 quis,
1768 2671 1936 2738 absit
1978 2672 2175 2738 verbo
2219 2672 2502 2752 invidia,
2543 2695 2662 2757 pu·-

721 2759 859 2824 rius
903 2757 1189 2822 sanctius
1242 2766 1309 2822 et
1365 2758 1585 2823 verius
1640 2757 1859 2823 omnia
1894 2757 2051 2825 haec
2095 2759 2425 2842 expedivit
2470 2780 2663 2842 quam

720 2845 926 2909 frater
981 2849 1204 2908 noster
1260 2841 1562 2908 Calvina&
1630 2843 1703 2907 in
1759 2865 1877 2909 sua
1941 2842 2167 2909 divina
2219 2844 2660 2925 Institutione,

721 2930 833 2994 ubi
879 2928 959 2993 de
1001 2927 1585 3012 praedestinatione
1630 2928 1780 3013 agit.
1871 2929 2201 3008 Mordeat,
2247 2930 2511 2995 arrodat
2549 2929 2666 2994 illa

723 3014 1144 3099 Hieronymus
1178 3023 1243 3080 et
1277 3013 1493 3098 quivis
1526 3015 1932 3080 mortalium:
1969 3036 2104 3080 non
2140 3023 2449 3098 poterunt
2482 3015 2666 3099 quid-

721 3122 920 3184 quam
964 3107 1258 3165 evertere
1302 3111 1437 3164 tam
1479 3107 1694 3166 certae
1737 3110 1805 3167 et
1841 3101 2151 3166 immotae
2193 3101 2506 3179 veritatis,
2551 3099 2666 3168 sed

721 3194 981 3252 tantum
1025 3186 1196 3269 quod
1251 3186 1324 3249 in
1391 3191 1643 3268 petram
1693 3185 2210 3271 impingentibus
2262 3186 2666 3270 praedictum

721 3280 821 3338 est
861 3271 1313 3354 reportabunt:
1358 3271 1855 3356 confringentur
1898 3293 2079 3338 sane.

892 3356 1106 3421 Valde
1149 3377 1537 3435 recreamur,
1579 3358 1817 3423 fratres
1861 3379 2057 3442 quam
2100 3358 2449 3436 carissimi,
2496 3356 2666 3441 quod

721 3462 948 3508 omnes
982 3440 1157 3506 idem
1190 3442 1466 3520 sentitis,
1512 3442 1737 3508 eadem
1773 3444 2080 3527 probatis,
2125 3456 2199 3509 ut
2234 3452 2461 3510 sancta
2497 3441 2664 3508 bona

721 3538 790 3593 et
831 3529 957 3612 pia.
1047 3525 1223 3593 Sunt
1262 3535 1331 3593 et
1371 3529 1481 3611 pia
1545 3528 1787 3594 tradita
1827 3530 1908 3594 ab
1972 3550 2050 3595 eo
2093 3550 2282 3613 quem
2330 3528 2666 3595 nobiscum

721 3613 978 3679 habetis
1021 3620 1154 3677 tam
1195 3614 1376 3695 pium
1419 3613 1792 3696 operarium
1833 3613 1994 3681 Dei:
2063 3636 2258 3698 quem
2300 3614 2487 3680 nobis
2529 3636 2665 3681 ser-

724 3707 836 3764 vet
879 3705 947 3763 et
986 3718 1107 3764 nos
1150 3719 1283 3763 una
1325 3697 1647 3765 Christus.
1736 3699 1827 3764 Et
1881 3700 2159 3784 impium
2213 3701 2413 3766 istum
2450 3701 2668 3765 turba-

723 3794 932 3848 torem
974 3794 1044 3847 et
1083 3805 1308 3850 omnes
1343 3785 1457 3867 qui
1493 3805 1643 3852 cum
1680 3805 1757 3851 eo
1790 3786 2055 3867 faciunt,
2100 3787 2229 3852 nisi
2262 3788 2666 3869 resipiscant,

720 3868 962 3950 plectat
1013 3875 1311 3951 potenter
1353 3871 1552 3936 Deus.
1655 3870 2091 3937 Audieramus
2143 3872 2326 3955 prius
2390 3894 2476 3937 ex
2536 3870 2667 3936 Fa-

720 3953 874 4019 rello
928 3973 1125 4036 quam
1179 3954 1399 4038 inique
1456 3965 1680 4041 ageret
1736 3967 1803 4022 et
1857 3979 2053 4040 quam
2116 3957 2313 4041 impie
2367 3958 2662 4022 sentiret.

723 4037 917 4103 Nunc
975 4059 1058 4103 ex
1124 4041 1364 4107 vestris
1420 4042 1626 4108 literis
1739 4042 1954 4108 lenius
2022 4042 2233 4109 edocti
2295 4063 2526 4108 sumus
2584 4039 2664 4107 de

722 4124 1086 4207 pervicacia
1127 4125 1564 4193 scelestissimi
1606 4063 1950 4194 nebulonis
1968 4180 1983 4206 ,
2040 4130 2150 4212 qui
2206 4128 2427 4194 omnia
2470 4146 2663 4194 oona-

723 4219 835 4273 tur
876 4217 1172 4275 evertere
1215 4218 1284 4275 et
1322 4212 1716 4278 confundere
1775 4235 1939 4298 quae
1996 4214 2201 4279 frater
2255 4221 2478 4279 noster
2524 4212 2664 4279 Gaz-

722 4295 910 4360 vinus
951 4293 1211 4378 scripsit
1247 4302 1316 4360 et
1356 4300 1766 4365 confirmavit
1807 4299 1887 4365 de
1944 4320 2180 4366 arcano
2223 4300 2353 4365 Dei
2394 4297 2664 4366 oonsilio

724 4378 1059 4446 electionis
1092 4389 1160 4445 et
1200 4381 1687 4465 reprobationis,
1732 4394 1800 4450 et
1841 4406 2008 4469 quae
2050 4405 2173 4450 vos
2215 4391 2438 4452 sancte
2483 4395 2662 4450 tene·

726 4465 812 4528 tis
856 4471 925 4530 et
966 4486 1103 4530 una
1145 4487 1292 4531 cum
1334 4487 1409 4531 eo
1451 4467 1708 4536 docetis.
1797 4472 1888 4537 Et
1942 4492 2063 4537 nos
2118 4491 2279 4536 sane
2338 4491 2379 4535 a
2419 4470 2662 4553 princi-

723 4551 831 4632 pio
888 4550 1239 4633 praedicati
1291 4553 1615 4638 evangelii
1666 4556 1760 4620 ita
1814 4557 2145 4622 tenuimus
2208 4564 2278 4621 et
2328 4554 2665 4622 docuimus

724 4645 801 4700 ut
841 4656 1018 4702 nunc
1101 4656 1313 4721 uoque
1349 4644 1648 4706 tenemus
1690 4648 1759 4705 et
1792 4641 2261 4725 praedicamus.
2332 4642 2425 4706 Et
2466 4662 2666 4724 quan-

724 4731 868 4786 tum
912 4728 1015 4787 est
1055 4657 1448 4789 discriminis
1489 4726 1661 4791 inter
1692 4726 1911 4791 Deum
1956 4739 2024 4792 et
2062 4725 2398 4804 Satanam,
2442 4736 2512 4792 et
2547 4728 2666 4791 im-

723 4807 863 4891 pios
907 4819 1082 4873 actos
1125 4806 1205 4871 ab
1246 4808 1388 4892 ipso
1430 4807 1703 4888 satana,
1751 4819 2011 4878 tantum
2054 4810 2297 4879 distare
2339 4811 2665 4878 credimus

728 4895 959 4958 bonam
1002 4891 1128 4956 Dei
1174 4893 1590 4974 voluntatem,
1632 4918 1797 4980 quae
1839 4899 1980 4981 pios
2020 4897 2253 4982 probat
2293 4908 2360 4963 et
2401 4905 2665 4964 exercet

727 4977 811 5042 ad
854 4976 1238 5061 patientiam
1280 4988 1347 5044 et
1388 4980 1593 5047 malos
1634 4982 1829 5049 etiam
1912 4984 2076 5062 unit,
2122 5006 2162 5049 a
2200 4986 2481 5068 pessima
2525 4984 2662 5049 dia-

729 5061 854 5128 boli
893 5073 967 5142 ,et
1006 5064 1354 5147 impiorum
1400 5065 1748 5136 voluntate.
1895 5079 1925 5135 t
1975 5067 2476 5137 dimernendum
2520 5090 2663 5135 esse

728 5147 801 5211 in
856 5149 1044 5216 malis
1100 5172 1267 5235 quae
1320 5149 1621 5220 accidunt
1671 5154 1853 5222 nobis
1909 5155 2066 5222 dum
2120 5155 2570 5222 immittuntur
2621 5176 2662 5221 a

727 5231 900 5314 Deo,
960 5243 1031 5302 ut
1073 5237 1395 5323 supplices
1442 5239 1657 5323 ipsum
1697 5261 2111 5310 revereamur
2153 5250 2221 5308 et
2258 5241 2659 5320 invocemus,

2767 534 2938 617 quod
2980 541 3207 602 sancte
3261 541 3328 601 et
3382 532 3548 601 bene
3599 545 3755 622 agat
3795 537 3866 601 in
3929 557 4118 603 usum
4173 545 4240 601 et
4287 540 4655 610 commodum

2766 641 3031 686 suorum
3077 640 3236 703 quos
3279 620 3494 704 elegit,
3527 632 3595 687 et
3635 644 3885 702 rursus,
3928 620 4087 688 dum
4123 620 4430 689 Satanam
4467 635 4530 690 et
4565 648 4656 695 eos

2766 726 2927 788 quos
2969 705 3109 789 agit
3148 704 3446 773 videmus
3490 707 3756 773 nonnisi
3796 707 4061 772 ruinam
4119 711 4320 774 nostri
4371 710 4567 775 moliri
4602 721 4658 777 et

2766 791 2986 856 omnia
3027 791 3320 874 improbe
3356 812 3567 876 agere,
3613 801 3913 875 petamus
3955 792 4037 858 ab
4070 814 4146 859 eo
4186 793 4456 860 liberari.
4534 797 4659 863 Ma·

2765 877 2947 941 xima
2980 877 3181 943 afficit
3211 878 3334 942 iste
3370 878 3722 962 sacrilegus
3758 880 4150 944 contumelia
4170 877 4299 944 Dei
4332 900 4661 963 supremam

2765 963 3172 1028 maiestatem
3216 962 3373 1028 dum
3426 963 3705 1030 involvit
3744 985 3889 1029 eam
3931 964 4004 1029 in
4047 964 4316 1031 crimine
4356 964 4572 1034 diaboli
4605 976 4664 1033 et

2768 1047 3250 1114 Chaldaeorum
3295 1057 3362 1114 et
3404 1049 3683 1114 aliorum
3724 1050 3838 1133 qui
3870 1060 4170 1116 sanctum
4204 1049 4321 1115 Iob
4356 1061 4662 1116 vexarunt.

2769 1132 3072 1198 Perfidus
3129 1140 3229 1198 est
3283 1136 3642 1216 scripturae
3694 1155 3960 1201 eversor
4018 1137 4076 1200 si
4139 1147 4334 1219 neget
4370 1135 4483 1202 Iob
4531 1157 4664 1203 vere

2771 1218 3043 1296 dixisse,
3103 1219 3465 1284 Dominum
3508 1219 3763 1285 dedisse
3819 1230 3886 1286 et
3926 1220 4282 1286 Dominum
4339 1220 4665 1301 abstulisse,

2769 1316 2845 1368 ut
2886 1304 3131 1386 placuit
3169 1305 3451 1370 Domino
3486 1305 3578 1370 ita
3619 1304 3863 1371 factum
3907 1327 4066 1372 esse.
4154 1307 4365 1372 Tanta
4402 1307 4668 1389 impietas

2765 1389 2924 1454 ferri
2965 1389 3145 1454 nullo
3203 1389 3393 1455 modo
3448 1399 3680 1473 potest.
3768 1392 3971 1456 Faxit
4012 1391 4196 1457 Deus
4254 1405 4325 1457 ut
4364 1393 4472 1474 qui
4508 1413 4670 1474 prae-

2766 1484 2921 1539 sunt
2955 1496 3073 1540 suo
3100 1474 3316 1541 debite
3350 1475 3712 1560 fungantur
3748 1498 4018 1543 munere
4051 1477 4124 1541 in
4159 1476 4459 1543 tollendis
4498 1478 4674 1542 offen-

2768 1560 3000 1627 diculis
3056 1582 3138 1625 ex
3196 1560 3469 1627 ecclesia
3522 1571 3592 1627 et
3643 1564 3712 1627 in
3769 1562 4210 1628 turbatoribus
4268 1561 4675 1645 prohibendis,

2768 1667 2851 1710 ne
2894 1646 3218 1712 facessant
3261 1646 3569 1713 ecclesiae
3612 1657 3679 1712 et
3720 1648 3847 1732 piis
3889 1648 4244 1733 negotium.

2939 1730 3143 1810 Hoec,
3185 1732 3422 1798 fratres
3465 1733 3534 1797 in
3582 1733 3864 1799 Domino
3910 1732 4319 1812 observandi,
4361 1732 4675 1798 habuimus

2772 1838 2937 1900 quae
2982 1816 3066 1882 ad
3107 1817 3333 1883 literas
3386 1828 3642 1885 vestras
3698 1841 3816 1903 pro
3861 1820 4178 1902 temporis
4241 1818 4536 1903 angustia
4586 1837 4674 1881 re-

2769 1901 3252 1985 sponderemus,
3288 1923 3425 1967 non
3446 1917 3522 1969 ut
3543 1905 3779 1970 rationi
3815 1905 4143 1971 humanae
4173 1905 4675 1981 satisfaceremus,

2768 1999 2835 2052 et
2876 1989 3091 2054 nescio
3134 1988 3415 2071 quadam
3443 1994 3479 2028 ⁴*
3521 1990 3936 2074 simplicitate
3970 1991 4449 2066 ementiremur,
4491 1999 4553 2053 et
4582 2007 4677 2054 ve-

2767 2073 2868 2139 lut
2909 2073 3090 2139 aliud
3131 2089 3401 2157 agentes
3451 2074 3592 2157 pios
3625 2083 3695 2141 et
3726 2097 3991 2143 causam
4022 2077 4204 2160 piam
4245 2075 4677 2151 desereremus,

2769 2169 2886 2223 aut
2928 2160 3130 2242 impio
3164 2159 3554 2239 faveremus,
3594 2164 3705 2243 qui
3749 2163 3940 2229 toties
3974 2163 4265 2228 monitus
4299 2180 4549 2243 semper
4584 2156 4679 2223 de-

2773 2246 2969 2311 terior
3012 2247 3240 2325 evasit‚
3285 2246 3387 2311 cui
3432 2248 3697 2312 mentiri
3739 2256 3874 2312 tam
3915 2249 4257 2330 proprium
4298 2255 4400 2313 est
4439 2266 4616 2330 quam
4645 2263 4681 2308 a

2770 2331 2956 2397 bonis
3000 2339 3099 2396 est
3141 2331 3445 2396 alienum.
3534 2332 3844 2398 Contenti
3903 2334 4146 2399 fuimus
4190 2334 4262 2398 in
4299 2330 4681 2414 simplicitate

2770 2417 3121 2499 apostolica
3160 2437 3429 2483 manere
3463 2416 3543 2482 de
3585 2418 3726 2484 luto
3770 2426 3837 2483 et
3876 2419 4094 2502 figulo,
4142 2418 4225 2485 de
4267 2419 4440 2483 vasis
4481 2418 4543 2481 in
4585 2414 4684 2479 ho-

2769 2523 2995 2567 norem
3054 2511 3120 2566 et
3175 2504 3637 2569 contumeliam
3687 2505 3875 2570 factis
3892 2556 3907 2581 ‚
3977 2513 4040 2569 et
4115 2502 4503 2587 sapientiam
4553 2499 4683 2579 Dei,

2769 2588 3178 2653 voluntatem
3223 2596 3291 2654 et
3332 2590 3671 2656 eonsilium
3725 2600 4065 2656 aeternum
4121 2591 4449 2674 suspicere
4488 2594 4551 2652 et
4587 2583 4684 2649 ad-

2769 2673 2995 2738 mirari
3010 2724 3026 2752 ,
3082 2694 3279 2757 quam
3334 2677 3550 2740 nescio
3593 2676 3750 2759 quid
3793 2676 4199 2742 comminisci
4241 2675 4349 2742 vel
4393 2673 4685 2739 oblatrare

2769 2780 2922 2825 cum
2963 2760 3260 2843 improbo
3306 2760 3700 2844 Hieronymo.
3790 2760 3929 2828 Vos
3987 2762 4110 2827 hoc
4170 2762 4326 2827 boni
4366 2757 4686 2827 consuletis

2767 2865 2935 2929 quae
2978 2843 3302 2910 credimus
3357 2844 3546 2910 bonis
3602 2847 3901 2913 omnibus
3944 2846 4300 2929 probanda.
4391 2844 4687 2911 Dominus

2767 2930 2983 2996 Iesus·
3015 2952 3131 2996 vos
3181 2939 3249 2995 et
3311 2929 3566 3013 plebem
3620 2943 3912 2998 sanctam
3979 2954 4133 2999 cum
4177 2934 4287 3017 pio
4330 2931 4688 3014 magistratu

2768 3025 3006 3092 servet,
3049 3015 3403 3081 eliminatis
3447 3019 3748 3084 omnibus
3802 3018 4111 3101 reprobis.
4203 3017 4440 3083 Valete
4484 3024 4548 3081 et
4582 3030 4687 3077 nos

2769 3103 3004 3167 vestris
3074 3100 3379 3167 adiuvate
3444 3102 3743 3185 precibus
3759 3156 3774 3181 ,
3846 3113 3921 3168 ut
3990 3125 4109 3188 pro
4181 3103 4368 3170 vobis
4437 3117 4687 3167 oramus.

2775 3188 3045 3254 Tossani
3102 3208 3423 3253 memores
3487 3197 3708 3254 estote.
3795 3187 3860 3253 N
3861 3191 4108 3255 eocomi
4168 3193 4271 3255 22.
4330 3184 4687 3254 Decembris

2941 3444 3170 3509 Vestri
3196 3443 3243 3530 ¹)
3301 3465 3567 3527 prorsus
3622 3445 3693 3510 in
3741 3447 4024 3512 Domino
4066 3447 4311 3514 fratres
4327 3498 4343 3525 ,
4409 3447 4519 3529 qui
4573 3461 4691 3506 non

2771 3539 3031 3595 tantum
3073 3529 3283 3595 literis
3340 3531 3616 3615 cupiunt
3673 3540 3958 3597 vestram
4015 3541 4313 3600 sanctam
4375 3541 4442 3596 et
4482 3546 4691 3614 puram

2769 3614 3130 3682 doctrinam
3173 3615 3254 3681 de
3302 3615 3532 3682 divina
3570 3615 3981 3683 ordinatione
4023 3619 4427 3701 approbare,
4484 3624 4548 3680 et
4585 3613 4692 3677 im-

2768 3702 2948 3784 piam
3021 3710 3092 3767 et
3167 3702 3549 3786 sacrilegam
3617 3701 3986 3786 Hieronymi
4049 3702 4405 3782 damnare,
4482 3718 4692 3767 verum

2770 3788 2971 3852 etiam
3013 3786 3210 3871 pleno
3252 3808 3363 3853 ore
3403 3809 3624 3854 coram
3667 3788 3737 3853 id
3791 3790 4016 3855 testari
4075 3800 4145 3854 et
4187 3790 4401 3855 fusius
4418 3839 4434 3867 ,
4497 3787 4547 3853 si
4590 3802 4694 3869 par

2770 3872 2873 3950 sit,
2917 3872 3132 3956 palam
3176 3874 3405 3939 facere.

3378 4009 3681 4076 Farellus
3714 4013 4006 4077 omnium
4042 4012 4315 4078 nomine
4359 4002 4694 4090 subscripsi

3453 4104 3522 4160 et
3564 4095 3806 4180 aliquot
3848 4119 3928 4163 ex
3974 4098 4211 4164 iuratis
4260 4107 4336 4164 ut
4382 4100 4619 4163 vocant.

3889 4198 4109 4266 Fabri.

3889 4285 3966 4351 P.
4011 4286 4323 4352 Lement.

3883 4370 4222 4437 Iohannes
4268 4372 4519 4456 Drogy.

3887 4455 4134 4540 Grury.

2766 4726 2943 4783 1574.
2973 4728 3027 4793 1)
3061 4730 3216 4785 Haec
3248 4742 3415 4798 usque
3447 4728 3526 4784 ad
3554 4729 3715 4797 finem
3753 4728 4006 4786 Ρανεῑῑιιε
4038 4744 4215 4787 manu
4241 4732 4500 4803 propria.

3549 5055 3945 5064 ---..-———--———
