4900 6167
622 419 745 483 143

791 602 1043 670 Christi
1093 623 1292 687 quam
1356 602 1833 669 studiosissimo
1890 623 2082 670 servo
2138 602 2375 669 Ioanni
2417 604 2573 671 Gal-

614 691 793 768 vin0,
835 689 1090 789 pastori
1130 709 1326 772 quam
1366 688 1745 755 fidelissimo
1789 688 2102 755 ecclesiae
2138 687 2573 771 Genevensis‚

615 773 1339 927 pafflessueghristianum
1391 773 1754 841 illustranti
1813 781 1956 839 tum
1999 774 2126 860 piis
2181 784 2324 876 tum
2367 774 2574 842 doctis

2063 946 2397 1013 Genavae.

790 1080 860 1145 S.
927 1080 1031 1145 De
1075 1087 1142 1144 te
1183 1087 1453 1163 questus
1497 1101 1678 1157 sum,
1745 1088 1811 1145 et
1866 1083 2051 1165 queri
2094 1104 2231 1147 non
2276 1082 2572 1148 desinam

615 1166 825 1232 donec
868 1164 1039 1248 quod
1081 1173 1230 1249 peto
1266 1165 1527 1232 feceris:
1568 1187 1723 1231 nam
1760 1188 1896 1232 non
1938 1176 2194 1233 tantum
2230 1168 2574 1234 ecclesiam

613 1253 995 1317 universam
1030 1252 1162 1315 imo
1196 1271 1316 1316 nos
1350 1271 1610 1334 quoque
1645 1253 1868 1335 privas
1901 1254 2163 1338 magnis
2200 1251 2572 1331 commodis,
2583 1281 2592 1287 ·

613 1335 772 1401 dum
817 1334 1178 1402 scribendis
1223 1336 1513 1418 epistolis
1557 1344 1622 1401 te
1669 1345 1931 1402 tantum
1976 1360 2110 1403 non
2153 1339 2449 1416 conficis,
2508 1346 2610 1403 et.

613 1421 769 1487 inde
814 1421 986 1503 quod
1032 1422 1471 1486 necessarium
1534 1429 1635 1487 est
1690 1424 1901 1506 magis
1957 1422 2331 1506 impeditur.
2422 1424 2571 1489 Νοιι

609 1516 877 1592 poteras
921 1507 1328 1572 committere
1387 1506 1583 1573 alicui
1639 1508 1985 1573 scribenda
2041 1531 2206 1592 quae
2249 1509 2331 1573 ad
2378 1508 2574 1575 colle-

613 1612 787 1677 gam,
835 1599 953 1655 aut
995 1599 1169 1655 totas
1212 1592 1436 1656 literas
1481 1613 1598 1674 per
1640 1615 2107 1686 amanuensem
2151 1615 2400 1672 curare,
2446 1595 2575 1658 nisi

614 1686 688 1741 ιιι
735 1685 991 1758 partem
1036 1676 1457 1755 absolvisseS,
1503 1685 1571 1741 et
1614 1698 1759 1743 eam
1804 1700 1971 1761 quae
2014 1679 2148 1762 legi
2191 1681 2333 1745 sine
2375 1701 2571 1763 quam

614 1763 905 1826 maximo
962 1759 1185 1826 dolore
1229 1769 1477 1844 potest,
1506 1767 1559 1832 ¹)
1618 1784 1854 1845 nempe
1911 1763 1992 1828 de
2046 1766 2333 1831 transitu
2376 1786 2574 1848 quam

617 1847 970 1947 doctissimi
1018 1846 1343 1913 Ludovici
1388 1847 1620 1927 Βνᾱσὶ,
1642 1849 1700 1932 ²)
1747 1848 1828 1912 de
1881 1870 2009 1931 quo
2067 1851 2299 1915 merito
2344 1871 2574 1949 quere·

614 1953 741 2010 rer,
789 1932 918 1997 nisi
955 1941 1132 1996 certo
1168 1932 1406 1997 scirem
1441 1934 1702 2015 pietatis
1746 1934 2082 2000 fructum
2065 1956 2198 2001 lam
2241 1937 2576 2018 copiosum

614 2025 880 2096 metere,
926 2038 1127 2099 quum
1172 2038 1426 2083 summe
1461 2020 1609 2101 pius
1652 2019 1849 2083 etiam
1893 2020 2180 2085 animam
2224 2042 2429 2105 agens
2474 2042 2576 2087 se-

614 2107 871 2168 minare
919 2123 1055 2167 non
1100 2103 1386 2169 cessarit.
1454 2104 1589 2169 Pro
1624 2104 1806 2168 luctu
1850 2124 2007 2170 sane
2050 2106 2348 2189 gratulor
2391 2107 2471 2183 ei,
2510 2114 2578 2172 et

614 2190 787 2271 patri
831 2195 966 2254 tam
1012 2189 1298 2272 benigno
1341 2208 1464 2273 ago
1518 2190 1799 2272 gratias,
1859 2211 1981 2256 nec
2027 2190 2252 2256 dubito
2292 2193 2458 2274 quin
2499 2199 2577 2256 tu

614 2284 684 2338 et
739 2274 933 2340 istius
987 2293 1372 2373 germanus,
1445 2274 1683 2356 quibus
1739 2275 1951 2357 pietas
2010 2282 2077 2341 et
2133 2277 2353 2342 omnia
2409 2297 2578 2360 quae

614 2360 869 2425 Christi
914 2368 1073 2424 sunt
1114 2359 1186 2423 in
1233 2360 1373 2424 viro
1416 2358 1677 2442 plenius
1723 2368 1913 2426 erant
1955 2369 2139 2442 nota,
2185 2383 2318 2428 non
2362 2362 2577 2427 multo

613 2446 828 2529 magis
871 2444 1152 2511 laudetis
1196 2444 1571 2511 Dominum.

790 2530 1092 2596 Excusas
1144 2530 1317 2612 quod
1361 2529 1445 2595 ad
1488 2551 1595 2594 me
1654 2551 1788 2596 non
1831 2531 2194 2615 scripseris.
2299 2533 2445 2618 Ego
2513 2541 2578 2599 te

781 2635 821 2680 o
886 2616 1042 2698 quia
1094 2615 1465 2713 scripseris,
1534 2616 1836 2699 quamvis
1906 2639 2170 2684 necesse
2243 2627 2385 2683 erat
2448 2620 2580 2684 ista

613 2636 934 2784 affigam
978 2700 1225 2766 audire.
1298 2699 1375 2767 Si
1419 2701 1514 2765 ita
1557 2701 1830 2768 haberet
1873 2710 1947 2767 ut
1990 2705 2083 2768 ait
2117 2704 2496 2783 monachus,
2518 2706 2577 2787 ⁸)

616 2786 724 2850 vir
781 2786 976 2869 plene
1032 2787 1402 2869 improbus,
1474 2785 1649 2870 quod
1702 2808 1858 2854 mox
1916 2789 2009 2853 ita
2063 2811 2205 2856 esse
2270 2789 2578 2866 iudicavi,

616 2870 727 2935 ubi
772 2870 961 2936 illum
1018 2893 1183 2954 quae
1251 2872 1608 2973 scripseras
1667 2881 1801 2938 tam
1858 2883 2082 2941 sancte
2141 2875 2382 2941 audere
2440 2882 2577 2940 tam

611 2955 910 3055 improbe
953 2957 1341 3041 impugnare
1376 2959 1614 3042 accepi.
1686 2958 1778 3022 Et
1820 2981 1978 3025 sane
2020 2960 2132 3025 ubi
2179 2960 2363 3025 nulla
2407 2969 2579 3026 esset

614 3042 944 3125 scriptura
999 3063 1165 3125 quae
1218 3042 1380 3109 haec
1424 3042 1743 3120 traderet,
1802 3055 1879 3109 ut
1932 3047 2090 3112 facit
2147 3066 2343 3129 quam
2389 3067 2577 3129 aper-

614 3128 889 3209 tissime,
927 3139 1148 3192 tamen
1182 3130 1635 3195 firmissimum
1671 3151 1814 3195 esse
1849 3141 2108 3196 constat
2151 3153 2267 3214 per
2301 3131 2370 3196 id
2405 3130 2577 3214 quod

612 3234 882 3280 necesse
948 3214 1194 3278 habent
1258 3236 1483 3280 omnes
1548 3216 1769 3294 fateri,
1837 3217 1949 3299 qui
2003 3217 2226 3282 Deum
2287 3218 2578 3282 fatentur

616 3321 693 3364 su
704 3319 877 3363 mme
920 3299 1197 3378 bonum,
1254 3299 1523 3379 iustum,
1580 3301 2004 3378 omniscium,
2061 3301 2177 3400 qui
2218 3302 2362 3368 vult
2404 3301 2576 3385 quod

616 3383 809 3449 novit
868 3391 938 3449 et
998 3384 1206 3450 multo
1272 3385 1483 3469 magis
1550 3384 1725 3468 quod
1791 3352 2169 3465 constituit,
2238 3394 2306 3452 et
2368 3408 2575 3470 quum

615 3477 841 3535 tantus
886 3470 974 3535 sit
1028 3481 1106 3533 ιιι
1158 3470 1630 3553 comprehendi
1686 3492 1821 3536 non
1862 3472 2098 3553 possit,
2152 3438 2396 3538 ’debere
2438 3493 2575 3537 me-

614 3556 743 3620 rito
778 3574 1316 3637 unumquemque
1350 3564 1734 3622 reverenter
1767 3558 2036 3656 exsequi
2068 3558 2241 3641 quod
2281 3558 2341 3623 is
2374 3557 2575 3622 iubet.

787 3640 939 3706 Non
982 3660 1349 3723 sperassem
1410 3647 1665 3705 tantam
1708 3642 2141 3708 mutationem
2185 3644 2254 3709 in
2297 3651 2577 3726 utroque

620 3724 987 3792 Randsco:
1006 3729 1069 3808 ⁴)
1113 3724 1229 3792 sed
1272 3725 1601 3793 sanandos
1645 3726 1854 3792 credo.
1944 3728 2050 3793 De
2093 3730 2414 3795 monacho
2460 3749 2575 3813 pa-

616 3830 767 3874 rum
812 3812 951 3892 spei
994 3821 1110 3875 est.
1202 3810 1530 3892 Quamvis
1575 3812 1911 3877 hominem
1957 3835 2091 3879 non
2136 3815 2429 3892 viderim,
2477 3829 2575 3879 ta-

617 3916 771 3960 men
816 3896 1090 3961 coniicio
1134 3905 1556 3981 arrogantem
1598 3897 1792 3963 valde
1835 3907 1902 3962 et
1937 3899 2064 3965 sibi
2108 3900 2389 3965 multum
2434 3899 2577 3984 pla-

617 3990 895 4046 centem.
965 3981 1291 4047 Dominus
1327 3981 1425 4047 illi
1460 3984 1783 4067 propitius
1816 3983 1906 4049 sit
1939 3993 2006 4049 et
2027 3985 2265 4051 fratres
2286 3985 2576 4052 reducat.

794 4065 1068 4132 Sokorus
1086 4070 1142 4144 6)
1222 4068 1489 4152 scripsit
1558 4068 1933 4151 Philippum
2008 4079 2075 4135 et
2156 4071 2580 4137 Pomeranum

618 4151 1147 4235 Vittembergam
1181 4154 1263 4219 ob
1297 4154 1579 4219 Interim
1611 4154 1955 4237 reliquisse
1998 4163 2067 4220 et
2108 4156 2241 4222 illic
2286 4156 2578 4222 scholam

621 4235 1032 4367 dissipatam,
1054 4240 1110 4312 ⁶)
1168 4240 1766 4322 Argentoratenses
1822 4240 2171 4306 consilium
2227 4251 2448 4324 petere
2491 4263 2577 4307 an

620 4423 802 4476 1...
825 4422 886 4556 a
920 4425 999 4547 ι
1014 4439 1187 4548 τι

826 4556 885 4694 {3
922 4559 1197 4696 {w
1203 4563 2580 4700 &mammaeam

621 4695 1010 4764 quamnam.
2326 4649 2433 4703 ψ

617 4763 888 4889 γωδ)
930 4763 1192 4820 Senem
1225 4767 1326 4822 hoc
1360 4773 1594 4836 tenpore
1625 4769 1741 4822 ίακ
1772 4783 1802 4821 e
1834 4768 1978 4822 vivis
2009 4771 2300 4825 excessisse
2332 4768 2579 4870 nondum

827 4899 1800 4964 fflflaecveroaonconsontma.
1857 4904 2330 4962 Melanchthona.
2367 4905 2420 4960 d.
2450 4904 2578 4960 111.

625 4967 774 5023 Non.
815 4968 957 5023 Μαί.
1027 4967 1359 5025 Bassaniam
1404 4986 1462 5026 se
1479 4977 1865 5096 recma-at
1901 4972 2301 5040 confessionem
2340 4972 2576 5029 Saxon-

1240 5038 1490 5096 Maesa·
1520 5055 1588 5094 ex

1296 4426 1413 4480 alia
1446 4441 1645 4480 manu:
1680 4444 1789 4481 non
1824 4434 2024 4495 potest.

659 5171 820 5242 emp
757 5111 1173 5241 Bcfid’VII.
1244 5110 1636 5247 Afflap.
1669 5175 1791 5232 787.
1864 5175 2109 5235 &basiat
2153 5180 2285 5234 Mel.
2126 5113 2580 5248 mm)

679 5256 992 5297 omem
1026 5260 1147 5299 ουκ
1182 5246 1985 5315 σσίνίοσεσῑίὺίκσνιῳίω,
2018 5249 2580 5304 ννισοηίιαεοκσονο

622 5311 966 5378 dissipatam,
1003 5314 1223 5368 omnino
1253 5315 1472 5384 [alsam.

2108 415 2637 486 EPISTOLAE
2688 405 3112 483 1506—1509

4505 421 4631 483 144

2676 603 2760 670 ad
2817 603 3158 671 concilium
3216 601 3569 669 concedere
3624 602 3921 670 debeant.
3943 605 4004 687 ⁷)
4091 602 4328 672 Nescio
4386 625 4478 671 an
4529 605 4637 674 ita

2677 690 2931 755 habeat.
3019 689 3288 755 Interea
3343 696 3566 755 coetus
3618 688 4094 756 mahometicae
4151 690 4341 757 binas
4393 688 4637 758 habuit

2677 775 3001 841 sessiones
3066 775 3142 839 ιιι
3206 773 3456 840 Gallia:
3533 774 3915 840 conclusum
3977 774 4179 841 fuisse
4243 776 4638 860 priusquam

2675 861 3073 939 conveniret,
3110 860 3167 925 si
3198 860 3272 923 in
3305 860 3704 926 sessionibus
3740 868 3957 959 actum
3977 861 4069 927 sit
4102 860 4184 927 de
4209 860 4637 945 exsequendo

2676 944 2997 1012 conclusa.
3087 944 3170 1010 Id
3210 945 3498 1011 Domino
3540 945 3838 1029 relinquo
3879 946 3952 1011 ιιι
3995 946 4182 1013 cuius
4225 967 4430 1013 manu
4473 954 4640 1013 sunt

2676 1032 2915 1096 omnia.

2854 1115 3191 1182 Nicolaum
3226 1121 3414 1181 tuum
3448 1126 3743 1216 optarem
3777 1117 4101 1184 reducem.
4115 1122 4181 1200 ⁸)
4252 1118 4330 1186 Si
4371 1126 4640 1187 tantum‘

2671 1201 3009 1286 intelligas
3053 1222 3140 1267 an
3183 1204 3574 1284 pervenerit
3595 1223 3722 1286 quo
3764 1203 4006 1269 missus
4048 1214 4150 1271 est
4190 1213 4369 1272 recte
4414 1205 4637 1272 habet.

2678 1286 2873 1352 Mora
2926 1285 3087 1352 adeo
3146 1286 3424 1351 molesta
3481 1309 3616 1352 non
3672 1287 3865 1354 debet
3907 1309 4068 1355 esse.
4156 1291 4404 1358 Munus
4447 1293 4639 1357 Lau-

2675 1372 3058 1438 rentianum
3080 1370 3132 1455 a)
3177 1373 3410 1455 accepi,
3458 1379 3525 1437 et
3569 1394 3644 1438 eo
3688 1373 3794 1438 die
3828 1395 3976 1440 sum
4021 1396 4181 1441 usus
4225 1385 4290 1441 et
4325 1377 4640 1460 quotidie.

2677 1457 3004 1523 Dominus
3064 1457 3163 1521 illi
3220 1457 3441 1522 faveat
3497 1480 3574 1524 ac
3618 1459 3810 1524 uxori
3855 1467 3920 1524 et
3965 1460 4352 1528 domesticis.
4443 1461 4642 1544 Vale,

2678 1543 2894 1608 saluta
2935 1542 3218 1627 collegas
3263 1553 3332 1607 et
3380 1542 3694 1626 quidquid
3738 1552 3840 1609 est
3883 1553 4150 1611 sanctae
4190 1547 4382 1612 istius
4425 1548 4642 1614 eccle-

2680 1628 2833 1692 siae.
2931 1627 3209 1694 Utinam
3273 1629 3384 1711 qui
3450 1627 3647 1694 rediit
3713 1651 3924 1728 nuper
3981 1632 4059 1695 P.
4087 1631 4173 1714 ¹⁰)
4228 1641 4496 1717 pergat,
4569 1641 4642 1698 et

2679 1734 2829 1778 cum
2873 1733 2949 1778 eo
2994 1734 3224 1779 omnes
3279 1714 3565 1779 officium
3607 1714 3870 1781 faciant.
3964 1715 4439 1784 Normandium
4481 1739 4642 1784 cum

2679 1818 2900 1864 socero
2956 1807 3022 1864 et
3072 1799 3277 1865 fratre
3340 1806 3560 1865 servet
3617 1800 3974 1880 Dominus,
4043 1809 4111 1866 et
4169 1804 4281 1885 qui
4337 1813 4646 1886 superest

2680 1882 2978 1950 Budeum
3021 1906 3096 1951 ac
3146 1885 3478 1951 Tricciana.
3568 1883 3841 1970 Collega
3882 1895 3948 1952 te
3991 1887 4249 1954 salutat.
4325 1888 4645 1955 Neocomi

2684 1973 2741 2033 3.
2790 1969 3015 2035 Galen.
3062 1970 3220 2035 Iulii
3269 1975 3451 2036 1551.

3915 2058 4096 2124 Tuus
4139 2059 4461 2126 Farellus.

3566 2599 3752 2669 1507.

3148 2736 3620 2805 CALVINUS
3665 2737 4093 2805 INOERTO.
4122 2744 4174 2814 ¹)

2857 2908 3069 2974 Besae
3111 2908 3256 2972 laus
3308 2909 3495 2992 yram·
3535 2908 3741 2973 morbo
3782 2911 4074 2992 correpti,
4128 2911 4239 2976 sed
4279 2911 4413 2975 iam
4455 2929 4646 2976 reva-

2682 2994 2959 3059 lescentis
2993 2998 3048 3060 et
3087 2996 3148 3059 si
3190 2994 3327 3060 Deo
3359 2994 3563 3076 placet
3603 2994 3829 3059 amici-s·
3869 3000 3927 3059 et
3967 2995 4253 3062 ecclesiae
4293 2995 4545 3060 servati.

2681 3164 2873 3229 (Manu
2909 3165 3113 3234 scripta
3157 3180 3264 3217 non
3312 3168 3508 3216 exstat.
3577 3162 3770 3216 Edidit
3804 3163 3946 3216 Besa
3981 3164 4112 3218 Gen.
4101 3164 4336 3287 8699,
4373 3165 4533 3217 Laus.
4583 3182 4644 3233 p.

2680 3231 2800 3297 220,
2838 3233 3051 3287 Hanov.
3089 3249 3142 3302 p.
3177 3231 3308 3301 247,
3346 3232 3557 3285 Ohouet
3590 3248 3645 3299 p.
3681 3230 3810 3294 132,
3847 3233 4096 3302 Amst.p
4269 3262 4338 3273 -
4371 3231 4646 3287 Gallicam

2682 3301 2987 3356 versionem
3036 3303 3268 3370 praebet
3296 3276 3413 3354 Ed.
3464 3301 3795 3435 Βοτοιῖὧ..)
3809 3299 3938 3370 143,
3984 3250 4252 3370 anglicam
4297 3301 4398 3355 Ed.
4435 3301 4645 3356 Edinb.

2855 3536 3080 3619 Quum
3115 3538 3282 3602 mihi
3326 3559 3397 3603 se
3433 3540 3715 3606 nuncius
3758 3539 3866 3605 hic
3912 3560 4066 3605 cum
4107 3540 4241 3605 tuis
4284 3538 4368 3605 ad
4389 3539 4648 3606 Bezam

2681 3624 2889 3689 literis
2933 3623 3202 3702 obtulit,
3263 3645 3384 3707 ego
3429 3636 3495 3689 et
3536 3626 3784 3690 recenti
3828 3634 4008 3690 metu
4052 3626 4390 3707 perculsus
4433 3632 4503 3690 et
4545 3625 4648 3690 si-

2683 3710 2821 3776 mul
2886 3710 3074 3794 gravi
3129 3728 3431 3773 moerore
3484 3730 3832 3793 oppressus
3897 3730 4094 3774 eram.
4183 3710 4410 3776 Pridie
4456 3711 4648 3776 enim

2682 3795 3062 3860 nunciatum
3104 3795 3270 3858 mihi
3312 3795 3554 3873 fuerat,
3611 3805 3794 3877 peste
3836 3805 4207 3877 correptum
4251 3817 4410 3861 esse.
4497 3794 4646 3860 Ita-

2682 3901 2808 3965 que
2852 3901 2985 3944 non
3029 3887 3289 3944 tantum
3331 3879 3619 3962 periculo
3666 3880 3936 3958 anxius,
3991 3879 4106 3944 sed
4149 3901 4351 3965 prope
4394 3881 4646 3947 attoni-

2682 3973 2825 4043 tus,
2884 3986 3003 4049 pro
3057 3965 3375 4048 singulari
3418 3985 3567 4030 meo
3624 3966 3696 4029 in
3736 3965 3926 4029 illum
3980 3984 4201 4031 amore
4259 3967 4448 4050 quasi
4499 3966 4648 4033 iam

2681 4057 3014 4117 mortuum
3054 4049 3388 4134 lugebam.
3433 4051 3556 4115 etsi
3591 4071 3728 4115 non
3763 4061 3900 4115 tam
3934 4050 4177 4132 privati
4218 4054 4458 4118 amoris
4491 4059 4648 4118 erat

2887 4287 2948 4356 7)
2989 4288 3352 4344 Marbacln‘us
3397 4287 3777 4357 Witteberyam
3810 4295 4034 4368 coneum
4067 4289 4135 4344 de
4165 4306 4232 4343 ea
4265 4305 4328 4344 re
4361 4291 4641 4347 commuu-

2681 4373 2794 4478 ,ἐξ
2830 4358 3381 4480 ῗαὲηῗζαᾞῖαα
3329 4425 3458 4480 Mel.
3492 4425 3575 4480 ed.
3656 4426 3838 4492 trebel,
3869 4443 3928 4496 p.
3719 4357 4439 4481 mfflgefmdt
4436 4428 4472 4481 1.
4505 4360 4642 4509 LII}

2680 4491 2826 4576 536).
2900 4494 3338 4550 mmmmm
3384 4494 3670 4548 cumdium
3717 4467 4268 4564 Arq’entoratemibue
4312 4494 4503 4551 dat-m
4547 4497 4642 4552 ίνι-

2682 4564 2864 4618 venies
2886 4565 2958 4698 ¹⁴3⁸
2997 4562 3043 4617 Ο
3195 4561 3321 4628 Res.
3359 4559 3487 4616 VII.
3524 4560 3642 4616 767.

2983 4578 3348 4686 offlam
3323 4630 3436 4684 ίακ
3467 4631 3692 4686 rediisse
3726 4630 3918 4687 docent
3949 4631 4029 4687 N.
4062 4631 4197 4686 1499
4231 4637 4286 4687 et
4312 4647 4424 4715 seq.

2887 4631 2950 4766 9)
2994 4697 3168 4768 Quale
3196 4713 3398 4754 mum
3431 4699 3816 4755 Nor-mondino
3847 4703 3900 4754 σι’
3930 4702 4141 4757 miserit
4171 4702 4458 4757 κεκίνηκε.
4544 4702 4641 4757 Vn·-

2681 4782 2815 4822 mm
2845 4768 3225 4904 ςιὸῗωρνοῗά
3157 4782 3187 4822 ⁸
3273 4836 3455 4892 'hacc
3499 4769 3822 4892 uzu-adquam
3849 4841 3912 4890 ιιι
3943 4835 4226 4905 dispicias.
4296 4839 4640 4909 Apoyrapho

2684 4919 2807 4960 m
2841 4906 3111 4960 σκίαινα.
3181 4904 3307 4960 Nos
3340 4904 3636 4959 Ροηίννκ
3669 4903 4028 4986 suspicamur.

2680 4972 3225 5039 1507.1)1)ο1ισσ
3275 4973 3742 5039 miceriam-unt
3793 4973 4037 5028 viv-orm
4091 4973 4372 5030 dodorus·
4428 4977 4639 5031 coniec-

2681 5048 2854 5097 mae.
2929 5040 3843 5108 Βσνναιιεϋναννοιεαᾶων.
3880 5041 4638 5162 “stimmo-Betae

2680 5111 2916 5180 aliqum
2950 5115 3239 5191 σοφααιιηι
3266 5111 3470 5192 faiam·
3495 5109 3771 5164 Βαιννιικ
3801 5108 3984 5232 (Bm
4083 5107 4208 5177 158)
4243 5111 4639 5182 m,

2681 5253 2797 5302 ῡακ
2829 5246 2980 5301 dicae
3051 5247 3240 5317 Neque
3273 5254 3385 5301 tam
3416 5218 3610 5315 procul
3640 5178 3717 5301 οἵ
3745 5177 4303 5304 Heluinam&
4333 5153 4639 5304 ἑῗίίιιοηζ

2683 5331 2819 5377 νινε.
2855 5317 2908 5370 si
2937 5321 3077 5370 recte
3109 5332 3250 5387 quae
3281 5315 3437 5382 infra
3467 5316 3607 5384 haee
3633 5314 4032 5424 perpendiculo.
