4900 6167
269 439 376 501 417

267 620 614 708 proderent..
706 620 855 702 Quo
912 622 1123 706 magis
1177 640 1369 704 saepe
1425 620 1699 687 miratus
1752 641 1899 686 sum
1967 628 2189 689 vestra

268 707 540 774 omnium
598 705 1013 791 indulgentia
1077 704 1277 772 talem
1335 705 1619 772 belluam
1675 706 1900 774 foveri.
1986 709 2191 774 Prae-

269 794 440 878 cipue
481 813 658 870 vero,
706 812 905 875 quum
948 792 1165 858 locum
1206 791 1276 856 in
1318 792 1718 875 praefatione
1752 791 2034 876 quadam
2076 804 2194 858 tua

267 878 537 964 legerem
581 878 724 957 (ubi
758 885 906 960 post
927 877 1419 943 wormatiense
1453 877 1751 943 insaniae
1786 879 2117 962 specimen
2139 883 2191 957 ⁰)

307 963 403 1030 lus
463 984 660 1046 quam
725 962 1086 1051 liberaliter
1150 960 1266 1028 abs
1336 972 1404 1028 te
1466 960 1800 1043 laudatur)
1863 964 2191 1048 obstupui.

425 1048 703 1116 facessat
743 1047 855 1113 ille
869 1099 887 1127 ,
944 1069 1141 1133 quem
1195 1047 1665 1115 alienissimum
1718 1070 1757 1114 a
1811 1050 1996 1116 nobis
2052 1070 2195 1116 esse

265 1133 531 1218 expedit.
623 1131 956 1214 Quosdam
1001 1133 1163 1199 alios
1206 1143 1493 1200 retentos
1535 1133 1818 1199 mallem.

422 1219 515 1287 Ut
557 1230 782 1285 tamen
824 1219 943 1286 hos
986 1239 1248 1303 quoque
1281 1220 1598 1299 omittam,
1644 1242 1749 1286 me
1787 1242 1918 1286 non
1960 1221 2199 1287 leviter

261 1306 502 1391 pungit,
548 1324 713 1389 quas
757 1306 826 1369 in
868 1316 1096 1372 nostra
1139 1302 1408 1370 docendi
1449 1306 1700 1371 ratione
1742 1305 1937 1371 nimis
1979 1305 2199 1389 palam

263 1391 648 1475 conspicitur
707 1392 1161 1476 repugnantia.
1251 1390 1577 1474 Equidem
1632 1412 1766 1456 non
1819 1391 2079 1475 ignoro,
2138 1392 2199 1456 si

261 1475 406 1561 quid
450 1475 647 1542 detur
691 1477 1035 1542 hominum
1078 1477 1439 1554 autoritati,
1501 1476 1694 1560 longe
1747 1478 2014 1558 aequius
2055 1498 2198 1543 esse

263 1573 331 1628 ut
372 1562 492 1628 tibi
537 1561 939 1628 subscribam
983 1583 1180 1645 quam
1223 1570 1297 1627 ut
1330 1571 1403 1626 tu
1439 1562 1511 1626 in
1544 1563 1940 1627 sententiam
1984 1583 2199 1628 meam

262 1647 624 1714 descendas.
714 1646 966 1713 Verum
1019 1647 1086 1712 id
1144 1669 1275 1714 non
1330 1648 1579 1732 agitur,
1635 1669 1847 1730 neque
1902 1645 2101 1713 etiam
2159 1669 2200 1713 a

259 1734 377 1818 piis
431 1732 688 1800 Christi
743 1733 1062 1810 ministris
1120 1732 1479 1817 optandum
1544 1743 1658 1798 est.
1758 1732 1905 1800 Hoc
1956 1733 2202 1800 scilicet

261 1821 476 1902 quaeri
523 1819 831 1902 utrinque
889 1817 1105 1895 decet,
1168 1830 1243 1883 ut
1298 1818 1781 1885 consentiamus
1838 1818 1910 1883 in
1967 1840 2199 1902 puram

261 1905 378 1970 Dei
423 1906 796 1970 veritatem.
857 1906 999 1970 .Me
1044 1913 1280 1982 autem,
1328 1912 1408 1969 ut
1446 1904 1732 1988 ingenue
1776 1906 2002 1983 fatear,
2048 1905 2200 1969 reli-

259 1992 356 2075 gio
398 1989 676 2073 impedit
719 2011 803 2055 ne
848 1990 965 2054 tibi
1000 1992 1069 2056 in
1106 1990 1230 2055 hac
1272 1989 1607 2055 doctrinae
1651 2000 1835 2072 parte
1878 1989 2199 2068 accedam,

260 2075 419 2159 quod
465 2078 667 2142 nimis
709 2075 1151 2159 philosophice
1194 2074 1275 2140 de
1317 2075 1523 2142 libero
1558 2075 1826 2141 arbitrio
1869 2075 2201 2159 disputare

263 2161 531 2228 videris:
594 2165 664 2226 in
722 2161 1039 2226 electione
1097 2158 1439 2228 tractanda
1501 2160 1668 2226 nihil
1725 2161 1904 2227 aliud
1962 2161 2202 2227 habere

260 2249 679 2331 propositum,
725 2247 853 2312 nisi
896 2261 973 2312 ut
1006 2257 1073 2313 te
1109 2246 1191 2313 ad
1227 2266 1639 2313 communem
1675 2247 2014 2312 hominum
2050 2267 2200 2312 sen-

261 2354 394 2398 sum
443 2332 912 2399 accommodes.
977 2331 1207 2416 Neque
1251 2333 1427 2397 enim
1462 2331 1958 2399 hallucinationi
2000 2332 2201 2398 tribui

261 2418 371 2484 hoc
428 2429 682 2502 potest,
785 2417 908 2483 uod
979 2418 1176 2483 homo
1233 2425 1467 2483 acutus
1540 2427 1607 2482 et
1664 2417 1948 2502 prudens
2010 2428 2075 2484 et
2127 2418 2200 2482 in

261 2505 584 2587 scriptura
622 2523 742 2587 pro
787 2526 822 2568 e
863 2505 1261 2570 exercitatus
1297 2503 1681 2569 electionem
1704 2503 1833 2569 Dei
1867 2523 2016 2569 cum
2056 2524 2203 2587 pro-

260 2588 680 2655 missionibus
701 2589 1045 2655 confundis
1067 2610 1233 2672 quae
1256 2601 1414 2654 sunt
1433 2590 1794 2655 universae.
1817 2589 2002 2655 Nihil
2023 2590 2201 2654 enim

261 2677 465 2759 magis
511 2685 747 2740 notum
792 2691 892 2740 est
937 2677 1135 2759 quam
1179 2673 1360 2741 verbi
1403 2673 1954 2758 praedicationem
1996 2675 2200 2740 omni·

261 2760 371 2824 bus
415 2761 792 2845 promiscue
834 2781 977 2826 esse
1024 2781 1469 2837 communem,
1527 2759 1642 2826 sed
1698 2760 1849 2826 fidei
1898 2761 2202 2845 spiritum

261 2845 406 2910 solis
453 2845 684 2911 electis
724 2845 1042 2928 singulari
1101 2846 1442 2931 privilegio
1501 2845 1747 2912 donari.
1834 2846 2203 2914 Universae

261 2945 410 2997 sunt
454 2930 938 3015 promissiones.
1025 2930 1160 3013 Qui
1201 2934 1280 2998 fit
1326 2932 1530 3016 igitur
1586 2940 1664 2997 ut
1705 2953 1842 2997 non
1885 2952 2203 3016 peraeque

257 3017 423 3100 apud
473 3038 704 3083 omncs
757 3017 977 3101 vigeat
1032 3038 1256 3084 earum
1314 3016 1641 3084 efficacia?
1744 3019 1995 3103 Nempe
2053 3020 2205 3101 quia

258 3124 385 3168 non
431 3101 740 3169 omnibus
784 3103 1123 3169 brachium
1171 3124 1365 3169 suum
1409 3102 1596 3170 Deus
1651 3104 1976 3187 patefacit.
2065 3104 2129 3169 N
2131 3123 2202 3170 ec

257 3209 409 3255 vero
454 3187 633 3273 apud
676 3188 976 3255 homines
1030 3187 1442 3255 mediocriter
1492 3190 1564 3253 in
1622 3192 1945 3273 scriptura
1989 3210 2206 3256 versa-

259 3285 353 3339 tos
399 3295 483 3341 ea
528 3295 631 3341 res
673 3270 1110 3358 disputatione
1143 3274 1423 3358 indiget:
1470 3295 1672 3358 quum
1705 3277 1951 3360 pariter
1994 3276 2205 3341 omni-

257 3359 372 3426 bus
395 3360 655 3427 Christi
691 3363 968 3445 gratiam
1004 3361 1286 3426 offerant
1314 3360 1788 3445 promissiones,
1833 3370 1901 3426 et
1936 3367 2208 3426 externa

258 3465 412 3514 voce
473 3447 710 3511 invitet
764 3445 946 3511 Deus
1001 3445 1318 3530 quoslibet
1372 3447 1439 3511 in
1507 3445 1811 3512 salutem:
1878 3446 2205 3531 peculiare

257 3549 397 3597 esse
431 3529 588 3598 fidei
625 3531 888 3597 donum.
944 3532 1037 3596 Et
1069 3531 1233 3597 mihi
1263 3530 1486 3598 videor
1525 3539 1731 3597 totam
1767 3533 1938 3599 hanc
1973 3552 2204 3615 quaes·

257 3617 525 3695 tionem,
586 3618 886 3701 quamvis
928 3616 1245 3701 impedita
1303 3617 1388 3684 sit
1443 3640 1518 3684 ac
1562 3619 1852 3701 spinosa,
1908 3618 2204 3701 proxime

257 3700 430 3768 edito
498 3701 716 3768 libello
775 3702 1052 3769 dilucide
1117 3704 1490 3787 explicasse.
1604 3701 1828 3784 Quum
1880 3725 1986 3769 res
2044 3702 2205 3769 adeo

255 3787 455 3871 plana
474 3788 582 3868 sit,
629 3798 695 3853 te
718 3809 802 3853 ex
826 3788 1027 3854 animi
1047 3808 1245 3854 sensu
1267 3810 1532 3872 prorsus
1570 3787 1901 3855 diversum
1924 3786 2200 3867 tradere,

255 3893 450 3939 nemo
497 3875 622 3939 erit
679 3874 824 3939 sani
882 3873 1108 3941 iudicii
1166 3875 1269 3941 cui
1329 3874 1737 3958 persuadeas.
1824 3872 2071 3940 Curam
2114 3875 2201 3939 si-

255 3958 397 4025 mul
442 3967 513 4024 et
557 3957 843 4025 dolorem
887 3960 1054 4024 mihi
1099 3969 1310 4045 auget,
1370 3959 1543 4043 quod
1599 3969 1664 4025 te
1719 3959 1908 4024 video
1964 3958 2089 4026 hac
2132 3959 2201 4024 in

252 4063 322 4110 re
361 4043 840 4130 propemodum
898 4065 1039 4111 esse
1082 4046 1179 4110 tui
1238 4044 1636 4112 dissimilem.
1741 4046 1960 4111 Audio
2004 4045 2198 4125 enim,

253 4149 453 4212 quum
502 4130 623 4196 tibi
674 4130 891 4196 oblata
933 4141 1104 4197 esset
1156 4131 1440 4197 formula
1492 4141 1752 4197 nostrae
1805 4152 1953 4196 cum
1999 4131 2200 4216 Tigu-

251 4214 395 4282 rina
440 4216 720 4284 ecclesia
772 4217 1241 4295 consensionis,
1300 4218 1593 4300 protinus
1651 4222 1911 4300 arrepto
1953 4215 2200 4282 calamo

253 4302 646 4367 sententiam
692 4322 910 4379 unam,
954 4323 1119 4385 quae
1140 4303 1267 4368 Dei
1312 4301 1548 4369 electos
1592 4324 1632 4367 a
1674 4300 1964 4386 reprobis
2007 4323 2199 4386 parce

253 4392 320 4451 et
351 4388 574 4453 sobrie
614 4386 944 4465 discernit,
980 4388 1095 4454 abs
1132 4397 1197 4453 te
1230 4390 1431 4455 fuisse
1465 4389 1843 4455 confossam.
1870 4390 1956 4459 ¹⁰)
2006 4386 2198 4469 Quod

255 4485 428 4539 certe
476 4471 559 4538 ab
603 4473 850 4556 ingenii
894 4474 991 4538 tui
1035 4472 1563 4553 mansuetudine,
1623 4482 1700 4538 ut
1749 4472 1877 4538 alia
1931 4482 2196 4551 taceam,
2255 4479 2261 4492 '

256 4557 451 4624 valde
511 4557 836 4624 abhorret.
936 4558 1168 4641 Itaque
1231 4568 1306 4623 ut
1355 4580 1577 4625 meum
1628 4557 1921 4626 libellum
1983 4558 2043 4624 le
2090 4580 2201 4625 ere

254 4643 360 4710 vel
395 4643 939 4728 saltemgustare
983 4644 1306 4710 sustineas
1342 4666 1474 4711 non
1509 4666 1583 4710 ro
1630 4664 1696 4710 o:
1785 4644 1895 4709 uia
1935 4643 2002 4709 id

254 4733 360 4796 tra
400 4730 575 4797 mihi
617 4728 910 4797 facturus
953 4727 1196 4795 videor.
1284 4729 1558 4796 Utinam
1585 4666 1705 4798 {is
1742 4666 1829 4796 ‘de
1871 4730 2067 4797 rebus
2102 4750 2207 4796 co-

255 4833 397 4882 ram
442 4815 793 4902 aliquando
835 4814 1116 4899 colloqui
1157 4815 1399 4881 liceret.
1462 4816 1676 4884 Notus
1719 4823 1819 4883 est
1850 4815 2016 4881 mihi
2052 4823 2207 4883 tuus

255 4901 531 4984 candor,
586 4909 929 4986 perspecta
984 4902 1357 4985 ingenuitas
1411 4909 1479 4966 et
1531 4899 1917 4968 moderatio:
1991 4902 2200 4985 pietas

462 5143 524 5209 9)
563 5142 683 5211 Quo
730 5141 891 5197 modo
924 5158 981 5196 se
1027 5140 1356 5196 Womatiae
1397 5140 1621 5211 mma
1665 5142 1804 5208 109oe
1846 5158 1937 5212 ap.
1985 5141 2202 5198 Muelle-

257 5213 524 5401 ἺΒΖΙό)
553 5209 914 5348 Ἅρῗένε.
965 5277 1046 5345 16,
1093 5279 1161 5345 cf.
1218 5278 1360 5333 Tem.
1397 5278 1523 5333 VII.
1560 5293 1619 5346 p.
1666 5275 1769 5331 740
1812 5286 1862 5335 et
1904 5293 2076 5349 supra
2119 5277 2196 5336 N.

400 5433 619 5490 calvini
648 5450 828 5504 opera.
911 5434 1025 5489 Vol.
1064 5431 1158 5488 x1
1171 5435 1229 5488 ν.

1932 434 2093 496 1552
2139 426 2546 497 ΒΕΟΕΜΒ.

4114 441 4250 506 418

2293 637 2449 684 vero
2493 616 2744 702 angelis
2786 622 2855 683 et
2892 616 3016 682 toti
3058 616 3305 684 mundo
3340 624 3579 686 testata
3620 625 3735 687 est.
3803 622 3986 708 Ergo
4029 624 4248 708 facile,

2292 709 2366 767 ut
2409 723 2619 786 spero,
2665 708 2803 769 tota
2843 723 2923 769 ea
2964 723 3070 769 res
3114 704 3287 771 inter
3329 726 3449 770 nos
3493 706 3930 792 expediretur.
4021 709 4245 792 Quare

2293 788 2353 855 si
2390 808 2677 872 unquam
2719 809 2791 855 se
2845 788 3033 854 daret
3070 792 3522 874 opportunitas
3577 792 3742 858 nihil
3800 794 4013 879 magis
4058 803 4244 881 opta-

2292 894 2435 939 rem
2470 893 2665 957 quam
2705 872 2789 938 ad
2831 881 2897 940 te
2932 894 3299 942 accurrere:
3346 877 3451 941 sin
3495 898 3649 943 vero
3685 875 4035 965 contigerit
4067 881 4246 966 quod

2296 960 2508 1038 times,
2553 960 2679 1026 erit
2718 959 2845 1025 hoc
2891 961 3057 1025 mihi
3100 961 3173 1025 in
3230 961 3430 1028 rebus
3487 962 3744 1029 miseris
3799 972 3867 1030 et
3922 965 4237 1034 luctuosis

2297 1066 2433 1110 non
2466 1045 2612 1112 leve
2647 1044 2972 1125 solatium,
3013 1045 3236 1112 videre
3269 1055 3336 1112 te
3371 1046 3558 1131 prius
3592 1057 3659 1113 et
3692 1049 4013 1133 amplecti,
4050 1073 4248 1135 quam

2299 1151 2383 1196 ex
2428 1130 2553 1196 hoc
2595 1131 2841 1196 mundo
2885 1131 3308 1215 migrandum
3352 1133 3455 1198 sit.
4249 1131 4256 1139 ”

2471 1215 2603 1282 Hic
2645 1216 2913 1283 minime
2956 1217 3236 1283 fruimur
3278 1239 3357 1283 ea
3391 1218 3608 1300 quiete
3652 1238 3850 1301 quam
3885 1222 4239 1294 existimas.

2295 1299 2494 1366 Intus
2556 1301 2841 1366 multum
2904 1302 3154 1386 negotii
3171 1354 3187 1382 ,
3257 1302 3705 1369 molestiarum
3775 1313 3969 1388 atque
4041 1308 4241 1375 etiam

2300 1385 2663 1452 turbarum.
2751 1386 2835 1451 In
2869 1395 3221 1472 conspectu
3256 1395 3410 1453 sunt
3443 1389 3683 1468 hostes,
3729 1410 3769 1453 a
3807 1391 4042 1474 quibus
4075 1414 4255 1460 nova

2301 1470 2579 1538 subinde
2634 1471 2925 1554 pericula
2993 1472 3357 1539 cervicibus
3413 1474 3655 1539 nostris
3710 1475 4072 1543 imminent.
4183 1479 4251 1545 A

2297 1555 2694 1641 Burgundia
2749 1557 3033 1640 quinque
3089 1557 3401 1624 horarum
3455 1560 3691 1625 itinere
3750 1559 4079 1630 distamus.
4183 1565 4251 1632 A

2299 1640 2545 1707 ditione
2585 1642 2819 1727 gallica
2859 1643 3035 1708 intra
3075 1644 3270 1709 unius
3327 1644 3527 1709 horae
3570 1646 3851 1729 spatium
3905 1646 3990 1712 ad
4024 1656 4246 1732 portas

2298 1733 2559 1793 nostras
2601 1729 2884 1794 venitur.
2974 1726 3109 1794 Sed
3167 1730 3319 1812 quia
3375 1729 3539 1794 nihil
3597 1731 3852 1798 beatius
3894 1741 3995 1799 est
4051 1755 4249 1817 quam

2301 1812 2588 1878 militare
2632 1815 2751 1878 sub
2796 1811 3047 1881 Christi
3085 1814 3351 1893 vexillo,
3396 1836 3531 1879 non
3566 1825 3667 1882 est
3702 1839 3820 1882 cur
3865 1824 3931 1883 te
3973 1818 4103 1884 ista
4146 1821 4249 1883 in-

2299 1896 2636 1964 commoda
2680 1920 2717 1963 a
2761 1898 2949 1965 nobis
2990 1897 3277 1966 visendis
3313 1899 3701 1967 deterreant.
3790 1903 4057 1969 Interea
4098 1925 4249 1988 gra-

2301 1992 2448 2048 tum
2487 1982 2779 2049 officium
2862 1982 3194 2064 raestabis,
3241 1993 3430 2050 tuum
3474 1993 3541 2051 et
3582 2007 3998 2054 communem
4042 1989 4246 2056 eccle-

2303 2070 2440 2135 siae
2508 2075 2749 2135 statum
2815 2069 3181 2136 indicando.
3290 2070 3458 2137 Vale
3474 2122 3489 2150 ,
3553 2071 3910 2138 clarissime
3976 2074 4085 2140 vir
4099 2125 4116 2154 ,
4183 2082 4250 2141 et

2301 2155 2469 2219 mihi
2510 2176 2593 2220 ex
2626 2155 2844 2219 animo
2879 2154 3260 2221 honorande
3294 2158 3512 2223 frater.
3602 2155 3932 2224 Dominus
3967 2170 4031 2225 te
4067 2180 4252 2244 prae-

2302 2239 2469 2306 sidio
2513 2261 2630 2305 suo
2676 2247 2957 2318 tueatur,
3001 2240 3237 2325 spiritu
3281 2251 3470 2327 regat
3512 2250 3579 2308 et
3611 2242 3953 2310 benedicat
3994 2253 4249 2311 sanctos

2303 2323 2564 2390 labores
2608 2331 2773 2390 tuos.
2866 2324 3170 2411 Collegae
3205 2328 3335 2391 mei
3379 2335 3447 2393 et
3498 2328 3691 2394 multi
3744 2329 3833 2412 pii
3876 2328 4247 2414 cordatique

2300 2410 2602 2477 homines
2635 2418 2700 2476 te
2734 2419 3110 2477 reverenter
3146 2411 3450 2480 salutant.
3521 2413 3854 2494 Genevae,
3891 2420 3951 2481 4.
3980 2414 4245 2482 Calend.

2305 2494 2611 2563 Decemb.
2666 2499 2846 2562 1552.

3163 2582 3494 2650 Iohannes
3539 2583 3860 2653 Calvinus
3903 2593 4076 2653 tuus.

3214 2877 3467 2886 ——ss

3192 3093 3380 3166 1677.

2329 3229 2987 3299 SAMPAULINUS
3032 3229 3514 3298 MINIS'PRIS
3557 3230 3812 3297 BERN
3814 3231 4230 3302 ENSIBUS.

2480 3400 2765 3504 Exponit
2830 3406 3135 3484 quatenus
3202 3403 3273 3468 in
3345 3403 3471 3468 loco
3540 3403 3617 3468 de
3681 3404 4250 3505 praedestinatione

2304 3571 2492 3637 nibus
2532 3573 2604 3637 in
2643 3507 2933 3638 comta
2972 3573 3097 3639 eibi
3154 3494 3380 3674 oblati}
3420 3593 3548 3639 non
3599 3494 4078 3674 sffbsogfsfpsorit„
4147 3512 4250 3641 ἐξ

2304 3657 2438 3722 mul
2479 3658 2739 3723 candide
2789 3658 3065 3724 declarat
3121 3659 3607 3738 aedificatiomm
3652 3660 3860 3740 plebis
3914 3659 4245 3726 subtilibus

2304 3742 2715 3826 theoloqmm
2756 3745 3292 3810 exercitationibus
3333 3765 3455 3810 non
3485 3746 3857 3826 promoveri.

2302 3913 2721 3983 (Autographon
2767 3914 2943 3967 deseri
2984 3914 3150 3967 simus
3194 3929 3263 3966 ex
3298 3912 3429 3967 Ood.
3480 3913 3619 3966 Bibl.
3659 3914 3951 3968 Bet-nensis
4034 3917 4089 3968 ui
4231 3945 4252 3958 ·

2301 3987 2462 4036 natus
2498 3986 2583 4036 est
2603 3981 2757 4038 MSS.
2794 3982 2925 4038 hist.
2998 3982 3223 4037 elv.111.
3259 3980 3341 4043 34.
3377 3982 3466 4035 fol.
3487 3980 3604 4035 190.
3641 4010 3705 4022 -
3742 3981 3955 4038 Simler.
4026 3985 4096 4038 ol.
4136 3984 4168 4037 7
4207 3991 4250 4052 .)

2472 4152 2907 4219 Fidelissimis
2960 4170 3037 4217 ac
3080 4151 3471 4218 doctissimis
3527 4151 3837 4219 ecclesiae
3880 4152 4243 4220 Beruensis

2300 4238 2619 4305 ministris
2662 4244 2730 4303 et
2770 4236 3243 4321 professoribus
3287 4257 3362 4302 ac
3406 4237 3715 4304 fratribus
3758 4238 4132 4392 efflatis.

2473 4459 2779 4526 Gratiam
2834 4467 2901 4526 et
2953 4480 3179 4544 pacem
3251 4480 3371 4542 per
3422 4457 3767 4525 Christum
3840 4468 4248 4527 servatorem

2300 4549 2615 4612 nostrum.
2704 4545 2919 4611 Nimis
2973 4545 3084 4612 lon
3132 4565 3244 4610 um
3301 4551 3499 4624 esset,
3558 4545 3794 4610 fratres
3849 4545 3922 4609 in
3978 4545 4249 4613 Christo

2299 4631 2636 4711 carissimi,
2681 4632 2955 4697 recitare
2996 4651 3081 4697 vo
3126 4630 3182 4696 is
3216 4629 3596 4714 singulatim
3634 4629 3789 4713 quid
3832 4651 3983 4696 cum
4028 4642 4249 4697 vetere

2298 4717 2550 4802 collega
2591 4738 2739 4783 meo
2785 4715 3151 4784 Marmorea.
3170 4714 3221 4800 ¹)
3267 4724 3334 4780 et
3373 4735 3630 4781 mecum
3684 4715 3757 4780 in
3801 4715 4246 4800 praedestina-

2298 4803 2497 4868 tionis
2554 4824 2750 4869 causa
2805 4810 2954 4886 post
3020 4800 3489 4886 sesquiannum
3545 4801 3692 4883 plus
3750 4802 3969 4866 minus
4024 4811 4245 4868 actum

2298 4889 2402 4954 sit.
2495 4889 2781 4954 Tantum
2836 4908 3094 4954 summa
3148 4907 3371 4952 rerum
3426 4888 3638 4971 capita
3697 4886 3991 4952 breviter
4047 4886 4245 4951 attin-

2298 4994 2453 5059 gam
2495 4982 2571 5040 ιιι
2613 4974 2999 5059 intelligatis
3041 4993 3240 5057 quam
3273 4981 3547 5056 uterque
3582 4979 3878 5039 nostrum
3913 4971 4090 5053 pacis
4136 4993 4244 5039 ec-

2296 5059 2644 5127 clesiarum
2678 5080 2936 5143 semper
2971 5058 3301 5126 studiosus
3344 5067 3414 5124 et
3447 5081 3487 5124 a
3523 5056 4048 5134 contentionibus
4082 5057 4245 5124 alie-

2296 5349 2474 5405 1677.
2510 5350 2570 5419 ι)
2607 5349 2685 5407 Ν.
2724 5349 2875 5421 1582,
2909 5355 3019 5408 noc.
3056 5349 3104 5406 7.
3757 5430 3826 5484 27
