<?xml version="1.0" encoding="UTF-8"?>
<!DOCTYPE html PUBLIC "-//W3C//DTD XHTML 1.0 Transitional//EN"
    "http://www.w3.org/TR/xhtml1/DTD/xhtml1-transitional.dtd">
<html xmlns="http://www.w3.org/1999/xhtml" xml:lang="en" lang="en">
 <head>
  <title>
</title>
<meta http-equiv="Content-Type" content="text/html;charset=utf-8" />
  <meta name='ocr-system' content='tesseract 3.04.00' />
  <meta name='ocr-capabilities' content='ocr_page ocr_carea ocr_par ocr_line ocrx_word'/>
</head>
<body>
  <div class='ocr_page' id='page_1' title='image "./ioanniscalvinio03unkngoog_0188.png"; bbox 0 0 4900 6167; ppageno 0'>
   <div class='ocr_carea' id='block_1_1' title="bbox 714 419 836 484">
    <p class='ocr_par' dir='ltr' id='par_1_1' title="bbox 714 419 836 484">
     <span class='ocr_line' id='line_1_1' title="bbox 714 419 836 484; baseline -0.016 0"><span class='ocrx_word' id='word_1_1' title='bbox 714 419 836 484; x_wconf 82' lang='lat'><strong>351</strong></span> 
     </span>
    </p>
   </div>
   <div class='ocr_carea' id='block_1_2' title="bbox 706 598 2660 3946">
    <p class='ocr_par' dir='ltr' id='par_1_2' title="bbox 707 598 2660 3602">
     <span class='ocr_line' id='line_1_2' title="bbox 711 598 2659 690; baseline -0.002 -21"><span class='ocrx_word' id='word_1_2' title='bbox 711 604 932 690; x_wconf 78' lang='lat' dir='ltr'><strong>gratia</strong></span> <span class='ocrx_word' id='word_1_3' title='bbox 971 601 1099 666; x_wconf 87' lang='lat' dir='ltr'><strong>Dei</strong></span> <span class='ocrx_word' id='word_1_4' title='bbox 1115 652 1132 680; x_wconf 89' lang='lat'><strong>,</strong></span> <span class='ocrx_word' id='word_1_5' title='bbox 1188 607 1265 667; x_wconf 90' lang='lat' dir='ltr'><strong>ut</strong></span> <span class='ocrx_word' id='word_1_6' title='bbox 1322 608 1479 686; x_wconf 86' lang='lat' dir='ltr'><strong>puto</strong></span> <span class='ocrx_word' id='word_1_7' title='bbox 1534 620 1666 665; x_wconf 89' lang='lat' dir='ltr'><strong>non</strong></span> <span class='ocrx_word' id='word_1_8' title='bbox 1711 600 2005 682; x_wconf 86' lang='lat' dir='ltr'><strong>improbo</strong></span> <span class='ocrx_word' id='word_1_9' title='bbox 2019 651 2034 678; x_wconf 92' lang='lat'><em>‚</em></span> <span class='ocrx_word' id='word_1_10' title='bbox 2096 599 2210 666; x_wconf 87' lang='lat' dir='ltr'><strong>sed</strong></span> <span class='ocrx_word' id='word_1_11' title='bbox 2268 600 2352 666; x_wconf 89' lang='lat' dir='ltr'><strong>ad</strong></span> <span class='ocrx_word' id='word_1_12' title='bbox 2398 598 2659 684; x_wconf 82' lang='lat' dir='ltr'><strong>quidvis</strong></span> 
     </span>
     <span class='ocr_line' id='line_1_3' title="bbox 711 685 2660 774; baseline -0.002 -19"><span class='ocrx_word' id='word_1_13' title='bbox 711 688 927 774; x_wconf 82' lang='lat' dir='ltr'><strong>magis</strong></span> <span class='ocrx_word' id='word_1_14' title='bbox 982 695 1135 772; x_wconf 86' lang='lat' dir='ltr'><strong>apto</strong></span> <span class='ocrx_word' id='word_1_15' title='bbox 1202 707 1401 770; x_wconf 89' lang='lat' dir='ltr'><strong>quam</strong></span> <span class='ocrx_word' id='word_1_16' title='bbox 1461 685 1545 751; x_wconf 91' lang='lat' dir='ltr'><strong>ad</strong></span> <span class='ocrx_word' id='word_1_17' title='bbox 1597 685 1821 751; x_wconf 89' lang='lat' dir='ltr'><strong>literas</strong></span> <span class='ocrx_word' id='word_1_18' title='bbox 1836 736 1851 764; x_wconf 92' lang='lat'><strong>,</strong></span> <span class='ocrx_word' id='word_1_19' title='bbox 1911 706 2104 769; x_wconf 88' lang='lat' dir='ltr'><strong>quem</strong></span> <span class='ocrx_word' id='word_1_20' title='bbox 2160 687 2348 770; x_wconf 91' lang='lat' dir='ltr'><strong>cupio</strong></span> <span class='ocrx_word' id='word_1_21' title='bbox 2409 685 2660 751; x_wconf 76' lang='lat' dir='ltr'>discere</span> 
     </span>
     <span class='ocr_line' id='line_1_4' title="bbox 713 770 2660 859; baseline -0.002 -18"><span class='ocrx_word' id='word_1_22' title='bbox 713 775 1013 859; x_wconf 86' lang='lat' dir='ltr'><strong>linguam</strong></span> <span class='ocrx_word' id='word_1_23' title='bbox 1078 773 1378 858; x_wconf 85' lang='lat' dir='ltr'><strong>gallicam</strong></span> <span class='ocrx_word' id='word_1_24' title='bbox 1393 823 1410 851; x_wconf 87' lang='lat'>‚</span> <span class='ocrx_word' id='word_1_25' title='bbox 1482 782 1550 838; x_wconf 89' lang='lat' dir='ltr'><strong>et</strong></span> <span class='ocrx_word' id='word_1_26' title='bbox 1616 771 1936 854; x_wconf 88' lang='lat' dir='ltr'><strong>pisturam</strong></span> <span class='ocrx_word' id='word_1_27' title='bbox 1996 770 2255 837; x_wconf 86' lang='lat' dir='ltr'><strong>aliudve</strong></span> <span class='ocrx_word' id='word_1_28' title='bbox 2328 772 2660 856; x_wconf 83' lang='lat' dir='ltr'><strong>opificium</strong></span> 
     </span>
     <span class='ocr_line' id='line_1_5' title="bbox 711 856 2660 940; baseline -0.002 -15"><span class='ocrx_word' id='word_1_29' title='bbox 711 860 845 925; x_wconf 71' lang='lat' dir='ltr'><strong>tale</strong></span> <span class='ocrx_word' id='word_1_30' title='bbox 888 879 1024 924; x_wconf 93' lang='lat' dir='ltr'><strong>non</strong></span> <span class='ocrx_word' id='word_1_31' title='bbox 1066 859 1334 924; x_wconf 90' lang='lat' dir='ltr'><strong>omnino</strong></span> <span class='ocrx_word' id='word_1_32' title='bbox 1377 856 1715 923; x_wconf 90' lang='lat' dir='ltr'><strong>sordidum</strong></span> <span class='ocrx_word' id='word_1_33' title='bbox 1733 908 1748 935; x_wconf 92' lang='lat'><em>‚</em></span> <span class='ocrx_word' id='word_1_34' title='bbox 1794 866 1861 923; x_wconf 90' lang='lat' dir='ltr'><strong>et</strong></span> <span class='ocrx_word' id='word_1_35' title='bbox 1903 857 1986 922; x_wconf 86' lang='lat' dir='ltr'><strong>ad</strong></span> <span class='ocrx_word' id='word_1_36' title='bbox 2029 856 2199 940; x_wconf 90' lang='lat' dir='ltr'><strong>quod</strong></span> <span class='ocrx_word' id='word_1_37' title='bbox 2240 857 2516 923; x_wconf 88' lang='lat' dir='ltr'><strong>idoneus</strong></span> <span class='ocrx_word' id='word_1_38' title='bbox 2562 858 2660 922; x_wconf 86' lang='lat' dir='ltr'><strong>vi-</strong></span> 
     </span>
     <span class='ocr_line' id='line_1_6' title="bbox 713 942 2659 1028; baseline -0.002 -17"><span class='ocrx_word' id='word_1_39' title='bbox 713 944 856 1011; x_wconf 84' lang='lat' dir='ltr'><strong>deri</strong></span> <span class='ocrx_word' id='word_1_40' title='bbox 898 945 1121 1028; x_wconf 81' lang='lat' dir='ltr'><strong>possit.</strong></span> <span class='ocrx_word' id='word_1_41' title='bbox 1208 945 1313 1009; x_wconf 91' lang='lat' dir='ltr'><strong>De</strong></span> <span class='ocrx_word' id='word_1_42' title='bbox 1355 965 1485 1026; x_wconf 87' lang='lat' dir='ltr'><strong>qua</strong></span> <span class='ocrx_word' id='word_1_43' title='bbox 1539 964 1613 1009; x_wconf 89' lang='lat' dir='ltr'><strong>re</strong></span> <span class='ocrx_word' id='word_1_44' title='bbox 1664 942 1857 1026; x_wconf 89' lang='lat' dir='ltr'><strong>plura</strong></span> <span class='ocrx_word' id='word_1_45' title='bbox 1911 943 2022 1025; x_wconf 90' lang='lat' dir='ltr'><strong>qui</strong></span> <span class='ocrx_word' id='word_1_46' title='bbox 2066 943 2312 1027; x_wconf 79' lang='lat' dir='ltr'><strong>perfert</strong></span> <span class='ocrx_word' id='word_1_47' title='bbox 2354 944 2477 1009; x_wconf 89' lang='lat' dir='ltr'><strong>has</strong></span> <span class='ocrx_word' id='word_1_48' title='bbox 2521 954 2659 1008; x_wconf 91' lang='lat' dir='ltr'><strong>stu·</strong></span> 
     </span>
     <span class='ocr_line' id='line_1_7' title="bbox 712 1028 2660 1113; baseline -0.001 -17"><span class='ocrx_word' id='word_1_49' title='bbox 712 1030 950 1097; x_wconf 85' lang='lat' dir='ltr'><strong>diosus.</strong></span> <span class='ocrx_word' id='word_1_50' title='bbox 1038 1030 1123 1094; x_wconf 94' lang='lat' dir='ltr'><strong>In</strong></span> <span class='ocrx_word' id='word_1_51' title='bbox 1165 1029 1287 1095; x_wconf 90' lang='lat' dir='ltr'><strong>hoc</strong></span> <span class='ocrx_word' id='word_1_52' title='bbox 1329 1029 1661 1113; x_wconf 86' lang='lat' dir='ltr'><strong>proposito</strong></span> <span class='ocrx_word' id='word_1_53' title='bbox 1695 1048 1865 1094; x_wconf 83' lang='lat' dir='ltr'><strong>uxor</strong></span> <span class='ocrx_word' id='word_1_54' title='bbox 1906 1048 1946 1091; x_wconf 86' lang='lat' dir='ltr'><strong>a</strong></span> <span class='ocrx_word' id='word_1_55' title='bbox 1979 1049 2085 1093; x_wconf 90' lang='lat' dir='ltr'><strong>me</strong></span> <span class='ocrx_word' id='word_1_56' title='bbox 2126 1028 2443 1107; x_wconf 78' lang='lat' dir='ltr'><strong>dissentit,</strong></span> <span class='ocrx_word' id='word_1_57' title='bbox 2491 1050 2660 1112; x_wconf 85' lang='lat' dir='ltr'><strong>quae</strong></span> 
     </span>
     <span class='ocr_line' id='line_1_8' title="bbox 712 1113 2658 1202; baseline -0.003 -18"><span class='ocrx_word' id='word_1_58' title='bbox 712 1123 982 1200; x_wconf 83' lang='lat' dir='ltr'><strong>cuperet</strong></span> <span class='ocrx_word' id='word_1_59' title='bbox 1025 1114 1132 1202; x_wconf 88' lang='lat' dir='ltr'><strong>(ut</strong></span> <span class='ocrx_word' id='word_1_60' title='bbox 1172 1124 1274 1181; x_wconf 87' lang='lat' dir='ltr'><strong>est</strong></span> <span class='ocrx_word' id='word_1_61' title='bbox 1316 1115 1669 1180; x_wconf 89' lang='lat' dir='ltr'><strong>mulierum</strong></span> <span class='ocrx_word' id='word_1_62' title='bbox 1712 1114 2056 1198; x_wconf 83' lang='lat' dir='ltr'><strong>ingenium</strong></span> <span class='ocrx_word' id='word_1_63' title='bbox 2090 1115 2264 1179; x_wconf 88' lang='lat' dir='ltr'><strong>fastu</strong></span> <span class='ocrx_word' id='word_1_64' title='bbox 2302 1113 2658 1199; x_wconf 88' lang='lat' dir='ltr'><strong>turgidius)</strong></span> 
     </span>
     <span class='ocr_line' id='line_1_9' title="bbox 711 1199 2658 1285; baseline -0.002 -17"><span class='ocrx_word' id='word_1_65' title='bbox 711 1202 905 1268; x_wconf 88' lang='lat' dir='ltr'><strong>illum</strong></span> <span class='ocrx_word' id='word_1_66' title='bbox 947 1200 1031 1266; x_wconf 90' lang='lat' dir='ltr'><strong>ad</strong></span> <span class='ocrx_word' id='word_1_67' title='bbox 1073 1199 1335 1285; x_wconf 77' lang='lat' dir='ltr'><strong>aliquod</strong></span> <span class='ocrx_word' id='word_1_68' title='bbox 1390 1222 1703 1285; x_wconf 89' lang='lat' dir='ltr'><strong>magnum</strong></span> <span class='ocrx_word' id='word_1_69' title='bbox 1759 1207 2164 1266; x_wconf 86' lang='lat' dir='ltr'><strong>mercaturae</strong></span> <span class='ocrx_word' id='word_1_70' title='bbox 2208 1221 2431 1284; x_wconf 90' lang='lat' dir='ltr'><strong>genus.</strong></span> <span class='ocrx_word' id='word_1_71' title='bbox 2524 1199 2658 1266; x_wconf 81' lang='lat' dir='ltr'><strong>Sed</strong></span> 
     </span>
     <span class='ocr_line' id='line_1_10' title="bbox 711 1287 2658 1370; baseline -0.003 -14"><span class='ocrx_word' id='word_1_72' title='bbox 711 1309 860 1356; x_wconf 87' lang='lat' dir='ltr'><strong>meo</strong></span> <span class='ocrx_word' id='word_1_73' title='bbox 914 1287 1154 1354; x_wconf 90' lang='lat' dir='ltr'><strong>iudicio</strong></span> <span class='ocrx_word' id='word_1_74' title='bbox 1213 1307 1547 1370; x_wconf 87' lang='lat' dir='ltr'><strong>nunquam</strong></span> <span class='ocrx_word' id='word_1_75' title='bbox 1591 1287 1717 1351; x_wconf 91' lang='lat' dir='ltr'><strong>erit</strong></span> <span class='ocrx_word' id='word_1_76' title='bbox 1759 1292 1981 1369; x_wconf 83' lang='lat' dir='ltr'><strong>aptus:</strong></span> <span class='ocrx_word' id='word_1_77' title='bbox 2050 1294 2115 1350; x_wconf 87' lang='lat' dir='ltr'><strong>et</strong></span> <span class='ocrx_word' id='word_1_78' title='bbox 2174 1288 2430 1352; x_wconf 87' lang='lat' dir='ltr'><strong>etiamsi</strong></span> <span class='ocrx_word' id='word_1_79' title='bbox 2488 1294 2658 1351; x_wconf 89' lang='lat' dir='ltr'><strong>esset</strong></span> 
     </span>
     <span class='ocr_line' id='line_1_11' title="bbox 711 1370 2658 1526; baseline -0.001 -87"><span class='ocrx_word' id='word_1_80' title='bbox 711 1380 910 1526; x_wconf 59' lang='lat' dir='ltr'><strong>:Etrus</strong></span> <span class='ocrx_word' id='word_1_81' title='bbox 952 1372 1164 1456; x_wconf 87' lang='lat' dir='ltr'><strong>magis</strong></span> <span class='ocrx_word' id='word_1_82' title='bbox 1205 1373 1407 1438; x_wconf 85' lang='lat' dir='ltr'><strong>velim</strong></span> <span class='ocrx_word' id='word_1_83' title='bbox 1462 1372 1543 1437; x_wconf 94' lang='lat' dir='ltr'><strong>ob</strong></span> <span class='ocrx_word' id='word_1_84' title='bbox 1586 1371 1829 1436; x_wconf 92' lang='lat' dir='ltr'><strong>multos</strong></span> <span class='ocrx_word' id='word_1_85' title='bbox 1888 1392 2118 1437; x_wconf 90' lang='lat' dir='ltr'><strong>causas</strong></span> <span class='ocrx_word' id='word_1_86' title='bbox 2162 1372 2379 1454; x_wconf 89' lang='lat' dir='ltr'><strong>ipsum</strong></span> <span class='ocrx_word' id='word_1_87' title='bbox 2436 1370 2658 1437; x_wconf 89' lang='lat' dir='ltr'><strong>labore</strong></span> 
     </span>
     <span class='ocr_line' id='line_1_12' title="bbox 784 1457 2658 1544; baseline -0.001 -20"><span class='ocrx_word' id='word_1_88' title='bbox 784 1460 933 1541; x_wconf 82' lang='lat' dir='ltr'><strong>‘quo</strong></span> <span class='ocrx_word' id='word_1_89' title='bbox 975 1459 1294 1544; x_wconf 83' lang='lat' dir='ltr'><strong>proximis</strong></span> <span class='ocrx_word' id='word_1_90' title='bbox 1337 1457 1480 1523; x_wconf 89' lang='lat' dir='ltr'><strong>utili</strong></span> <span class='ocrx_word' id='word_1_91' title='bbox 1537 1458 1662 1523; x_wconf 88' lang='lat' dir='ltr'><strong>hoc</strong></span> <span class='ocrx_word' id='word_1_92' title='bbox 1720 1466 2010 1541; x_wconf 90' lang='lat' dir='ltr'><strong>tempore</strong></span> <span class='ocrx_word' id='word_1_93' title='bbox 2045 1459 2365 1540; x_wconf 88' lang='lat' dir='ltr'><strong>occupari.</strong></span> <span class='ocrx_word' id='word_1_94' title='bbox 2456 1458 2658 1522; x_wconf 88' lang='lat' dir='ltr'><strong>Matri</strong></span> 
     </span>
     <span class='ocr_line' id='line_1_13' title="bbox 712 1542 2656 1627; baseline -0.003 -14"><span class='ocrx_word' id='word_1_95' title='bbox 712 1543 979 1613; x_wconf 76' lang='lat' dir='ltr'><strong>videtur</strong></span> <span class='ocrx_word' id='word_1_96' title='bbox 1045 1543 1127 1609; x_wconf 90' lang='lat' dir='ltr'><strong>ad</strong></span> <span class='ocrx_word' id='word_1_97' title='bbox 1181 1544 1401 1609; x_wconf 91' lang='lat' dir='ltr'><strong>omnia</strong></span> <span class='ocrx_word' id='word_1_98' title='bbox 1444 1543 1847 1627; x_wconf 82' lang='lat' dir='ltr'><strong>aptissimus,</strong></span> <span class='ocrx_word' id='word_1_99' title='bbox 1912 1557 1989 1607; x_wconf 87' lang='lat' dir='ltr'><strong>ut</strong></span> <span class='ocrx_word' id='word_1_100' title='bbox 2048 1551 2150 1608; x_wconf 91' lang='lat' dir='ltr'><strong>est</strong></span> <span class='ocrx_word' id='word_1_101' title='bbox 2213 1542 2425 1608; x_wconf 89' lang='lat' dir='ltr'><strong>omnis</strong></span> <span class='ocrx_word' id='word_1_102' title='bbox 2480 1543 2656 1607; x_wconf 89' lang='lat' dir='ltr'><strong>filius</strong></span> 
     </span>
     <span class='ocr_line' id='line_1_14' title="bbox 710 1627 2655 1714; baseline -0.003 -17"><span class='ocrx_word' id='word_1_103' title='bbox 710 1631 913 1698; x_wconf 88' lang='lat' dir='ltr'><strong>matri</strong></span> <span class='ocrx_word' id='word_1_104' title='bbox 956 1630 1245 1714; x_wconf 80' lang='lat' dir='ltr'>pulcher.</span> <span class='ocrx_word' id='word_1_105' title='bbox 1335 1627 1588 1710; x_wconf 79' lang='lat' dir='ltr'><strong>Quare,</strong></span> <span class='ocrx_word' id='word_1_106' title='bbox 1649 1629 1706 1694; x_wconf 91' lang='lat' dir='ltr'><strong>si</strong></span> <span class='ocrx_word' id='word_1_107' title='bbox 1742 1628 2003 1693; x_wconf 80' lang='lat' dir='ltr'><strong>volente</strong></span> <span class='ocrx_word' id='word_1_108' title='bbox 2047 1629 2191 1693; x_wconf 93' lang='lat' dir='ltr'><strong>Deo</strong></span> <span class='ocrx_word' id='word_1_109' title='bbox 2234 1635 2450 1711; x_wconf 88' lang='lat' dir='ltr'><strong>posset</strong></span> <span class='ocrx_word' id='word_1_110' title='bbox 2494 1630 2655 1707; x_wconf 89' lang='lat' dir='ltr'><strong>fieri,</strong></span> 
     </span>
     <span class='ocr_line' id='line_1_15' title="bbox 710 1713 2658 1800; baseline -0.003 -17"><span class='ocrx_word' id='word_1_111' title='bbox 710 1737 1019 1800; x_wconf 86' lang='lat' dir='ltr'><strong>cuperem</strong></span> <span class='ocrx_word' id='word_1_112' title='bbox 1074 1716 1146 1780; x_wconf 93' lang='lat' dir='ltr'><strong>in</strong></span> <span class='ocrx_word' id='word_1_113' title='bbox 1202 1716 1414 1781; x_wconf 89' lang='lat' dir='ltr'><strong>locum</strong></span> <span class='ocrx_word' id='word_1_114' title='bbox 1486 1715 1629 1779; x_wconf 89' lang='lat' dir='ltr'><strong>eius</strong></span> <span class='ocrx_word' id='word_1_115' title='bbox 1694 1714 1905 1779; x_wconf 88' lang='lat' dir='ltr'><strong>filium</strong></span> <span class='ocrx_word' id='word_1_116' title='bbox 1971 1714 2232 1797; x_wconf 89' lang='lat' dir='ltr'><strong>pistoris</strong></span> <span class='ocrx_word' id='word_1_117' title='bbox 2296 1713 2658 1797; x_wconf 90' lang='lat' dir='ltr'><strong>cuiuspiam</strong></span> 
     </span>
     <span class='ocr_line' id='line_1_16' title="bbox 709 1800 2656 1884; baseline -0.004 -13"><span class='ocrx_word' id='word_1_118' title='bbox 709 1803 865 1872; x_wconf 84' lang='lat' dir='ltr'><strong>boni</strong></span> <span class='ocrx_word' id='word_1_119' title='bbox 911 1802 1036 1869; x_wconf 80' lang='lat' dir='ltr'><strong>viri</strong></span> <span class='ocrx_word' id='word_1_120' title='bbox 1078 1801 1434 1879; x_wconf 87' lang='lat' dir='ltr'><strong>christiani,</strong></span> <span class='ocrx_word' id='word_1_121' title='bbox 1480 1801 1593 1884; x_wconf 91' lang='lat' dir='ltr'><strong>qui</strong></span> <span class='ocrx_word' id='word_1_122' title='bbox 1626 1800 1814 1865; x_wconf 91' lang='lat' dir='ltr'><strong>illum</strong></span> <span class='ocrx_word' id='word_1_123' title='bbox 1852 1800 2131 1878; x_wconf 89' lang='lat' dir='ltr'><strong>doceret,</strong></span> <span class='ocrx_word' id='word_1_124' title='bbox 2176 1807 2243 1864; x_wconf 89' lang='lat' dir='ltr'><strong>et</strong></span> <span class='ocrx_word' id='word_1_125' title='bbox 2282 1801 2481 1865; x_wconf 88' lang='lat' dir='ltr'><strong>etiam</strong></span> <span class='ocrx_word' id='word_1_126' title='bbox 2517 1809 2656 1864; x_wconf 90' lang='lat' dir='ltr'><strong>ute-</strong></span> 
     </span>
     <span class='ocr_line' id='line_1_17' title="bbox 709 1884 2656 1969; baseline -0.003 -14"><span class='ocrx_word' id='word_1_127' title='bbox 709 1897 899 1956; x_wconf 79' lang='lat' dir='ltr'><strong>retur</strong></span> <span class='ocrx_word' id='word_1_128' title='bbox 942 1888 1083 1953; x_wconf 91' lang='lat' dir='ltr'><strong>eius</strong></span> <span class='ocrx_word' id='word_1_129' title='bbox 1125 1908 1324 1969; x_wconf 86' lang='lat' dir='ltr'><strong>opera</strong></span> <span class='ocrx_word' id='word_1_130' title='bbox 1363 1887 1435 1951; x_wconf 91' lang='lat' dir='ltr'><strong>in</strong></span> <span class='ocrx_word' id='word_1_131' title='bbox 1479 1885 1852 1952; x_wconf 79' lang='lat' dir='ltr'><strong>domesticis</strong></span> <span class='ocrx_word' id='word_1_132' title='bbox 1906 1884 2208 1951; x_wconf 89' lang='lat' dir='ltr'><strong>omnibus</strong></span> <span class='ocrx_word' id='word_1_133' title='bbox 2225 1936 2239 1961; x_wconf 90' lang='lat'><strong>,</strong></span> <span class='ocrx_word' id='word_1_134' title='bbox 2306 1887 2376 1950; x_wconf 91' lang='lat' dir='ltr'><strong>in</strong></span> <span class='ocrx_word' id='word_1_135' title='bbox 2421 1885 2656 1968; x_wconf 90' lang='lat' dir='ltr'><strong>quibus</strong></span> 
     </span>
     <span class='ocr_line' id='line_1_18' title="bbox 710 1971 2655 2057; baseline -0.004 -16"><span class='ocrx_word' id='word_1_136' title='bbox 710 1975 910 2041; x_wconf 81' lang='lat' dir='ltr'><strong>rebus</strong></span> <span class='ocrx_word' id='word_1_137' title='bbox 953 1973 1271 2057; x_wconf 84' lang='lat' dir='ltr'><strong>singulari</strong></span> <span class='ocrx_word' id='word_1_138' title='bbox 1313 1971 1703 2037; x_wconf 80' lang='lat' dir='ltr'><strong>dexteritate</strong></span> <span class='ocrx_word' id='word_1_139' title='bbox 1747 1971 1938 2037; x_wconf 85' lang='lat' dir='ltr'><strong>valet.</strong></span> <span class='ocrx_word' id='word_1_140' title='bbox 2031 1973 2166 2036; x_wconf 80' lang='lat' dir='ltr'><strong>Aut</strong></span> <span class='ocrx_word' id='word_1_141' title='bbox 2207 1972 2293 2053; x_wconf 91' lang='lat' dir='ltr'><strong>(si</strong></span> <span class='ocrx_word' id='word_1_142' title='bbox 2340 1993 2474 2036; x_wconf 91' lang='lat' dir='ltr'><strong>non</strong></span> <span class='ocrx_word' id='word_1_143' title='bbox 2517 1991 2655 2054; x_wconf 88' lang='lat' dir='ltr'><strong>pos-</strong></span> 
     </span>
     <span class='ocr_line' id='line_1_19' title="bbox 708 2055 2656 2144; baseline -0.003 -18"><span class='ocrx_word' id='word_1_144' title='bbox 708 2066 812 2126; x_wconf 81' lang='lat' dir='ltr'><strong>set</strong></span> <span class='ocrx_word' id='word_1_145' title='bbox 873 2058 1045 2144; x_wconf 86' lang='lat' dir='ltr'><strong>apud</strong></span> <span class='ocrx_word' id='word_1_146' title='bbox 1109 2059 1420 2142; x_wconf 90' lang='lat' dir='ltr'><strong>pistorem</strong></span> <span class='ocrx_word' id='word_1_147' title='bbox 1476 2057 1651 2134; x_wconf 90' lang='lat' dir='ltr'><strong>fieri)</strong></span> <span class='ocrx_word' id='word_1_148' title='bbox 1681 2063 1729 2134; x_wconf 85' lang='lat'><strong>¹)</strong></span> <span class='ocrx_word' id='word_1_149' title='bbox 1798 2058 1852 2122; x_wconf 92' lang='lat' dir='ltr'><strong>si</strong></span> <span class='ocrx_word' id='word_1_150' title='bbox 1917 2067 2088 2122; x_wconf 91' lang='lat' dir='ltr'><strong>esset</strong></span> <span class='ocrx_word' id='word_1_151' title='bbox 2158 2055 2338 2122; x_wconf 91' lang='lat' dir='ltr'><strong>aliud</strong></span> <span class='ocrx_word' id='word_1_152' title='bbox 2396 2056 2656 2123; x_wconf 87' lang='lat' dir='ltr'><strong>artificii</strong></span> 
     </span>
     <span class='ocr_line' id='line_1_20' title="bbox 838 2142 2655 2228; baseline -0.004 -17"><span class='ocrx_word' id='word_1_153' title='bbox 838 2167 934 2223; x_wconf 79' lang='lat' dir='ltr'><strong>ue,</strong></span> <span class='ocrx_word' id='word_1_154' title='bbox 980 2145 1150 2228; x_wconf 88' lang='lat' dir='ltr'><strong>quod</strong></span> <span class='ocrx_word' id='word_1_155' title='bbox 1195 2165 1327 2209; x_wconf 91' lang='lat' dir='ltr'><strong>non</strong></span> <span class='ocrx_word' id='word_1_156' title='bbox 1373 2144 1734 2227; x_wconf 89' lang='lat' dir='ltr'><strong>requireret</strong></span> <span class='ocrx_word' id='word_1_157' title='bbox 1776 2163 2049 2227; x_wconf 85' lang='lat' dir='ltr'><strong>magnas</strong></span> <span class='ocrx_word' id='word_1_158' title='bbox 2084 2142 2333 2226; x_wconf 88' lang='lat' dir='ltr'><strong>ingenii</strong></span> <span class='ocrx_word' id='word_1_159' title='bbox 2369 2143 2546 2207; x_wconf 84' lang='lat' dir='ltr'><strong>vires</strong></span> <span class='ocrx_word' id='word_1_160' title='bbox 2589 2150 2655 2205; x_wconf 92' lang='lat' dir='ltr'><strong>et</strong></span> 
     </span>
     <span class='ocr_line' id='line_1_21' title="bbox 707 2168 2653 2312; baseline -0.004 -14"><span class='ocrx_word' id='word_1_161' title='bbox 707 2168 1061 2298; x_wconf 60' lang='lat' dir='ltr'><strong>ffiestum</strong></span> <span class='ocrx_word' id='word_1_162' title='bbox 1103 2237 1275 2296; x_wconf 89' lang='lat' dir='ltr'><strong>esset</strong></span> <span class='ocrx_word' id='word_1_163' title='bbox 1317 2237 1438 2294; x_wconf 91' lang='lat' dir='ltr'><strong>etc.</strong></span> <span class='ocrx_word' id='word_1_164' title='bbox 1528 2229 1673 2312; x_wconf 88' lang='lat' dir='ltr'><strong>Ego</strong></span> <span class='ocrx_word' id='word_1_165' title='bbox 1716 2228 2005 2293; x_wconf 86' lang='lat' dir='ltr'><strong>vicissim</strong></span> <span class='ocrx_word' id='word_1_166' title='bbox 2048 2229 2188 2293; x_wconf 90' lang='lat' dir='ltr'><strong>eius</strong></span> <span class='ocrx_word' id='word_1_167' title='bbox 2249 2228 2457 2293; x_wconf 91' lang='lat' dir='ltr'><strong>filium</strong></span> <span class='ocrx_word' id='word_1_168' title='bbox 2504 2228 2653 2291; x_wconf 91' lang='lat' dir='ltr'><strong>mit·</strong></span> 
     </span>
     <span class='ocr_line' id='line_1_22' title="bbox 710 2313 2653 2398; baseline -0.004 -14"><span class='ocrx_word' id='word_1_169' title='bbox 710 2327 851 2384; x_wconf 88' lang='lat' dir='ltr'><strong>tam</strong></span> <span class='ocrx_word' id='word_1_170' title='bbox 908 2318 979 2381; x_wconf 93' lang='lat' dir='ltr'><strong>in</strong></span> <span class='ocrx_word' id='word_1_171' title='bbox 1036 2316 1269 2381; x_wconf 91' lang='lat' dir='ltr'><strong>ludum</strong></span> <span class='ocrx_word' id='word_1_172' title='bbox 1324 2322 1439 2380; x_wconf 86' lang='lat' dir='ltr'><strong>aut</strong></span> <span class='ocrx_word' id='word_1_173' title='bbox 1494 2315 1938 2398; x_wconf 89' lang='lat' dir='ltr'><strong>germanicum</strong></span> <span class='ocrx_word' id='word_1_174' title='bbox 1994 2323 2107 2379; x_wconf 88' lang='lat' dir='ltr'><strong>aut</strong></span> <span class='ocrx_word' id='word_1_175' title='bbox 2161 2314 2438 2378; x_wconf 88' lang='lat' dir='ltr'><strong>latinum</strong></span> <span class='ocrx_word' id='word_1_176' title='bbox 2457 2365 2471 2388; x_wconf 89' lang='lat'><em>‚</em></span> <span class='ocrx_word' id='word_1_177' title='bbox 2542 2313 2653 2378; x_wconf 89' lang='lat' dir='ltr'><strong>ubi</strong></span> 
     </span>
     <span class='ocr_line' id='line_1_23' title="bbox 711 2399 2655 2484; baseline -0.003 -16"><span class='ocrx_word' id='word_1_178' title='bbox 711 2403 921 2470; x_wconf 88' lang='lat' dir='ltr'><strong>discat</strong></span> <span class='ocrx_word' id='word_1_179' title='bbox 963 2403 1186 2467; x_wconf 82' lang='lat' dir='ltr'><strong>literas</strong></span> <span class='ocrx_word' id='word_1_180' title='bbox 1230 2408 1296 2466; x_wconf 91' lang='lat' dir='ltr'><strong>et</strong></span> <span class='ocrx_word' id='word_1_181' title='bbox 1336 2400 1656 2484; x_wconf 87' lang='lat' dir='ltr'><strong>linguam.</strong></span> <span class='ocrx_word' id='word_1_182' title='bbox 1740 2399 2060 2481; x_wconf 84' lang='lat' dir='ltr'><strong>Efficiam,</strong></span> <span class='ocrx_word' id='word_1_183' title='bbox 2112 2401 2353 2484; x_wconf 88' lang='lat' dir='ltr'><strong>optime</strong></span> <span class='ocrx_word' id='word_1_184' title='bbox 2398 2400 2504 2464; x_wconf 83' lang='lat' dir='ltr'><strong>vir</strong></span> <span class='ocrx_word' id='word_1_185' title='bbox 2519 2449 2534 2477; x_wconf 94' lang='lat'><strong>,</strong></span> <span class='ocrx_word' id='word_1_186' title='bbox 2579 2411 2655 2463; x_wconf 89' lang='lat' dir='ltr'><strong>ut</strong></span> 
     </span>
     <span class='ocr_line' id='line_1_24' title="bbox 707 2485 2654 2570; baseline -0.003 -16"><span class='ocrx_word' id='word_1_187' title='bbox 707 2490 806 2554; x_wconf 88' lang='lat' dir='ltr'><strong>ita</strong></span> <span class='ocrx_word' id='word_1_188' title='bbox 842 2495 1129 2566; x_wconf 87' lang='lat' dir='ltr'><strong>curetur,</strong></span> <span class='ocrx_word' id='word_1_189' title='bbox 1167 2485 1336 2570; x_wconf 91' lang='lat' dir='ltr'><strong>quod</strong></span> <span class='ocrx_word' id='word_1_190' title='bbox 1358 2488 1595 2550; x_wconf 82' lang='lat' dir='ltr'><strong>attinet</strong></span> <span class='ocrx_word' id='word_1_191' title='bbox 1629 2485 1714 2551; x_wconf 89' lang='lat' dir='ltr'><strong>ad</strong></span> <span class='ocrx_word' id='word_1_192' title='bbox 1734 2506 1968 2570; x_wconf 87' lang='lat' dir='ltr'><strong>corpus</strong></span> <span class='ocrx_word' id='word_1_193' title='bbox 1991 2498 2056 2552; x_wconf 87' lang='lat' dir='ltr'><strong>et</strong></span> <span class='ocrx_word' id='word_1_194' title='bbox 2079 2487 2388 2565; x_wconf 92' lang='lat' dir='ltr'><strong>animum,</strong></span> <span class='ocrx_word' id='word_1_195' title='bbox 2426 2506 2654 2569; x_wconf 89' lang='lat' dir='ltr'><strong>quem-</strong></span> 
     </span>
     <span class='ocr_line' id='line_1_25' title="bbox 712 2569 2655 2654; baseline -0.003 -14"><span class='ocrx_word' id='word_1_196' title='bbox 712 2571 1067 2640; x_wconf 80' lang='lat' dir='ltr'><strong>admodum</strong></span> <span class='ocrx_word' id='word_1_197' title='bbox 1118 2572 1301 2638; x_wconf 90' lang='lat' dir='ltr'><strong>decet</strong></span> <span class='ocrx_word' id='word_1_198' title='bbox 1347 2581 1413 2637; x_wconf 89' lang='lat' dir='ltr'><strong>et</strong></span> <span class='ocrx_word' id='word_1_199' title='bbox 1459 2571 1661 2637; x_wconf 82' lang='lat' dir='ltr'><strong>velim</strong></span> <span class='ocrx_word' id='word_1_200' title='bbox 1707 2592 1850 2637; x_wconf 92' lang='lat' dir='ltr'><strong>meo</strong></span> <span class='ocrx_word' id='word_1_201' title='bbox 1900 2572 2060 2638; x_wconf 89' lang='lat' dir='ltr'><strong>fieri.</strong></span> <span class='ocrx_word' id='word_1_202' title='bbox 2141 2571 2335 2653; x_wconf 79' lang='lat' dir='ltr'><strong>Quod</strong></span> <span class='ocrx_word' id='word_1_203' title='bbox 2379 2573 2435 2638; x_wconf 90' lang='lat' dir='ltr'><strong>si</strong></span> <span class='ocrx_word' id='word_1_204' title='bbox 2482 2569 2655 2654; x_wconf 91' lang='lat' dir='ltr'><strong>apud</strong></span> 
     </span>
     <span class='ocr_line' id='line_1_26' title="bbox 709 2658 2657 2742; baseline -0.003 -17"><span class='ocrx_word' id='word_1_205' title='bbox 709 2660 1011 2742; x_wconf 87' lang='lat' dir='ltr'><strong>opificem</strong></span> <span class='ocrx_word' id='word_1_206' title='bbox 1054 2679 1185 2722; x_wconf 92' lang='lat' dir='ltr'><strong>non</strong></span> <span class='ocrx_word' id='word_1_207' title='bbox 1228 2658 1432 2740; x_wconf 87' lang='lat' dir='ltr'><strong>possit</strong></span> <span class='ocrx_word' id='word_1_208' title='bbox 1472 2658 1647 2736; x_wconf 89' lang='lat' dir='ltr'><strong>fieri,</strong></span> <span class='ocrx_word' id='word_1_209' title='bbox 1691 2665 1758 2722; x_wconf 89' lang='lat' dir='ltr'><strong>et</strong></span> <span class='ocrx_word' id='word_1_210' title='bbox 1800 2658 1970 2741; x_wconf 90' lang='lat' dir='ltr'><strong>apud</strong></span> <span class='ocrx_word' id='word_1_211' title='bbox 2014 2667 2441 2723; x_wconf 75' lang='lat' dir='ltr'><strong>mercatorem</strong></span> <span class='ocrx_word' id='word_1_212' title='bbox 2485 2665 2657 2723; x_wconf 86' lang='lat' dir='ltr'><strong>esset</strong></span> 
     </span>
     <span class='ocr_line' id='line_1_27' title="bbox 712 2743 2651 2822; baseline -0.001 -13"><span class='ocrx_word' id='word_1_213' title='bbox 712 2744 867 2812; x_wconf 89' lang='lat' dir='ltr'><strong>talis</strong></span> <span class='ocrx_word' id='word_1_214' title='bbox 910 2745 1160 2808; x_wconf 86' lang='lat' dir='ltr'><strong>occasio</strong></span> <span class='ocrx_word' id='word_1_215' title='bbox 1208 2750 1277 2806; x_wconf 89' lang='lat' dir='ltr'><strong>et</strong></span> <span class='ocrx_word' id='word_1_216' title='bbox 1317 2743 1534 2822; x_wconf 87' lang='lat' dir='ltr'><strong>locus,</strong></span> <span class='ocrx_word' id='word_1_217' title='bbox 1594 2745 1711 2808; x_wconf 92' lang='lat' dir='ltr'><strong>fiat</strong></span> <span class='ocrx_word' id='word_1_218' title='bbox 1755 2744 2052 2822; x_wconf 89' lang='lat' dir='ltr'><strong>Domini,</strong></span> <span class='ocrx_word' id='word_1_219' title='bbox 2113 2745 2182 2809; x_wconf 90' lang='lat' dir='ltr'><strong>in</strong></span> <span class='ocrx_word' id='word_1_220' title='bbox 2225 2744 2407 2810; x_wconf 89' lang='lat' dir='ltr'><strong>cuius</strong></span> <span class='ocrx_word' id='word_1_221' title='bbox 2453 2765 2651 2808; x_wconf 88' lang='lat' dir='ltr'><strong>manu</strong></span> 
     </span>
     <span class='ocr_line' id='line_1_28' title="bbox 713 2829 2654 2914; baseline -0.003 -17"><span class='ocrx_word' id='word_1_222' title='bbox 713 2849 943 2898; x_wconf 83' lang='lat' dir='ltr'><strong>sumus</strong></span> <span class='ocrx_word' id='word_1_223' title='bbox 986 2849 1211 2894; x_wconf 86' lang='lat' dir='ltr'><strong>omnes</strong></span> <span class='ocrx_word' id='word_1_224' title='bbox 1274 2829 1441 2893; x_wconf 89' lang='lat' dir='ltr'><strong>sicut</strong></span> <span class='ocrx_word' id='word_1_225' title='bbox 1482 2829 1758 2912; x_wconf 83' lang='lat' dir='ltr'><strong>sagittae</strong></span> <span class='ocrx_word' id='word_1_226' title='bbox 1800 2830 1869 2894; x_wconf 94' lang='lat' dir='ltr'><strong>in</strong></span> <span class='ocrx_word' id='word_1_227' title='bbox 1915 2851 2114 2894; x_wconf 90' lang='lat' dir='ltr'><strong>manu</strong></span> <span class='ocrx_word' id='word_1_228' title='bbox 2156 2830 2440 2914; x_wconf 90' lang='lat' dir='ltr'><strong>potentis</strong></span> <span class='ocrx_word' id='word_1_229' title='bbox 2459 2880 2474 2908; x_wconf 92' lang='lat'><strong>,</strong></span> <span class='ocrx_word' id='word_1_230' title='bbox 2535 2849 2654 2893; x_wconf 84' lang='lat' dir='ltr'><strong>vo-</strong></span> 
     </span>
     <span class='ocr_line' id='line_1_29' title="bbox 711 2913 2653 2998; baseline -0.002 -16"><span class='ocrx_word' id='word_1_231' title='bbox 711 2917 963 2982; x_wconf 89' lang='lat' dir='ltr'><strong>luntas:</strong></span> <span class='ocrx_word' id='word_1_232' title='bbox 1010 2921 1229 2980; x_wconf 86' lang='lat' dir='ltr'><strong>tamen</strong></span> <span class='ocrx_word' id='word_1_233' title='bbox 1272 2914 1367 2979; x_wconf 90' lang='lat' dir='ltr'><strong>ita</strong></span> <span class='ocrx_word' id='word_1_234' title='bbox 1386 2922 1653 2979; x_wconf 89' lang='lat' dir='ltr'><strong>curetur</strong></span> <span class='ocrx_word' id='word_1_235' title='bbox 1686 2935 1850 2998; x_wconf 91' lang='lat' dir='ltr'><strong>puer</strong></span> <span class='ocrx_word' id='word_1_236' title='bbox 1884 2935 1969 2980; x_wconf 90' lang='lat' dir='ltr'><strong>ne</strong></span> <span class='ocrx_word' id='word_1_237' title='bbox 2012 2917 2144 2981; x_wconf 89' lang='lat' dir='ltr'><strong>otio</strong></span> <span class='ocrx_word' id='word_1_238' title='bbox 2178 2921 2422 2998; x_wconf 87' lang='lat' dir='ltr'><strong>pereat.</strong></span> <span class='ocrx_word' id='word_1_239' title='bbox 2491 2913 2653 2980; x_wconf 91' lang='lat' dir='ltr'><strong>Om-</strong></span> 
     </span>
     <span class='ocr_line' id='line_1_30' title="bbox 709 2999 2655 3085; baseline -0.002 -17"><span class='ocrx_word' id='word_1_240' title='bbox 709 3024 868 3068; x_wconf 89' lang='lat' dir='ltr'><strong>nem</strong></span> <span class='ocrx_word' id='word_1_241' title='bbox 909 3021 1049 3067; x_wconf 88' lang='lat' dir='ltr'><strong>rem</strong></span> <span class='ocrx_word' id='word_1_242' title='bbox 1101 3000 1453 3079; x_wconf 75' lang='lat' dir='ltr'><strong>GerwrduS,</strong></span> <span class='ocrx_word' id='word_1_243' title='bbox 1511 2999 1839 3067; x_wconf 87' lang='lat' dir='ltr'><strong>studiosus</strong></span> <span class='ocrx_word' id='word_1_244' title='bbox 1892 3008 1960 3066; x_wconf 89' lang='lat' dir='ltr'><strong>et</strong></span> <span class='ocrx_word' id='word_1_245' title='bbox 2001 3003 2148 3085; x_wconf 91' lang='lat' dir='ltr'><strong>pius</strong></span> <span class='ocrx_word' id='word_1_246' title='bbox 2191 3001 2448 3065; x_wconf 86' lang='lat' dir='ltr'><strong>iuvenis</strong></span> <span class='ocrx_word' id='word_1_247' title='bbox 2466 3050 2481 3077; x_wconf 92' lang='lat'><em>‚</em></span> <span class='ocrx_word' id='word_1_248' title='bbox 2542 3021 2655 3064; x_wconf 81' lang='lat' dir='ltr'><strong>ex-</strong></span> 
     </span>
     <span class='ocr_line' id='line_1_31' title="bbox 709 3086 2652 3173; baseline -0.002 -20"><span class='ocrx_word' id='word_1_249' title='bbox 709 3095 915 3173; x_wconf 88' lang='lat' dir='ltr'><strong>ponet</strong></span> <span class='ocrx_word' id='word_1_250' title='bbox 957 3088 1106 3152; x_wconf 88' lang='lat' dir='ltr'><strong>tibi:</strong></span> <span class='ocrx_word' id='word_1_251' title='bbox 1151 3086 1262 3169; x_wconf 90' lang='lat' dir='ltr'><strong>qui</strong></span> <span class='ocrx_word' id='word_1_252' title='bbox 1308 3108 1390 3151; x_wconf 81' lang='lat' dir='ltr'><strong>ex</strong></span> <span class='ocrx_word' id='word_1_253' title='bbox 1435 3094 1549 3151; x_wconf 90' lang='lat' dir='ltr'><strong>tuo</strong></span> <span class='ocrx_word' id='word_1_254' title='bbox 1591 3086 1863 3153; x_wconf 90' lang='lat' dir='ltr'><strong>consilio</strong></span> <span class='ocrx_word' id='word_1_255' title='bbox 1906 3087 2127 3152; x_wconf 90' lang='lat' dir='ltr'><strong>omnia</strong></span> <span class='ocrx_word' id='word_1_256' title='bbox 2164 3087 2404 3168; x_wconf 87' lang='lat' dir='ltr'><strong>poterit</strong></span> <span class='ocrx_word' id='word_1_257' title='bbox 2439 3106 2652 3169; x_wconf 89' lang='lat' dir='ltr'><strong>agere,</strong></span> 
     </span>
     <span class='ocr_line' id='line_1_32' title="bbox 712 3169 2654 3258; baseline -0.002 -18"><span class='ocrx_word' id='word_1_258' title='bbox 712 3182 782 3241; x_wconf 88' lang='lat' dir='ltr'><strong>et</strong></span> <span class='ocrx_word' id='word_1_259' title='bbox 824 3172 1139 3258; x_wconf 89' lang='lat' dir='ltr'><strong>quidquid</strong></span> <span class='ocrx_word' id='word_1_260' title='bbox 1181 3179 1402 3238; x_wconf 88' lang='lat' dir='ltr'><strong>actum</strong></span> <span class='ocrx_word' id='word_1_261' title='bbox 1445 3172 1645 3238; x_wconf 86' lang='lat' dir='ltr'><strong>fuerit</strong></span> <span class='ocrx_word' id='word_1_262' title='bbox 1698 3180 1914 3238; x_wconf 89' lang='lat' dir='ltr'><strong>ratum</strong></span> <span class='ocrx_word' id='word_1_263' title='bbox 1970 3173 2109 3237; x_wconf 82' lang='lat' dir='ltr'><strong>fore</strong></span> <span class='ocrx_word' id='word_1_264' title='bbox 2165 3171 2340 3254; x_wconf 91' lang='lat' dir='ltr'><strong>apud</strong></span> <span class='ocrx_word' id='word_1_265' title='bbox 2383 3191 2488 3234; x_wconf 91' lang='lat' dir='ltr'><strong>me</strong></span> <span class='ocrx_word' id='word_1_266' title='bbox 2531 3169 2654 3236; x_wconf 90' lang='lat' dir='ltr'><strong>hoc</strong></span> 
     </span>
     <span class='ocr_line' id='line_1_33' title="bbox 710 3255 2655 3344; baseline -0.003 -17"><span class='ocrx_word' id='word_1_267' title='bbox 710 3281 828 3327; x_wconf 84' lang='lat' dir='ltr'><strong>eeu</strong></span> <span class='ocrx_word' id='word_1_268' title='bbox 896 3258 1328 3344; x_wconf 85' lang='lat' dir='ltr'><strong>chirographo</strong></span> <span class='ocrx_word' id='word_1_269' title='bbox 1404 3258 1741 3343; x_wconf 90' lang='lat' dir='ltr'><strong>polliceor,</strong></span> <span class='ocrx_word' id='word_1_270' title='bbox 1819 3265 1884 3323; x_wconf 91' lang='lat' dir='ltr'><strong>et</strong></span> <span class='ocrx_word' id='word_1_271' title='bbox 1959 3257 2199 3341; x_wconf 86' lang='lat' dir='ltr'><strong>poterit</strong></span> <span class='ocrx_word' id='word_1_272' title='bbox 2260 3255 2459 3321; x_wconf 89' lang='lat' dir='ltr'><strong>etiam</strong></span> <span class='ocrx_word' id='word_1_273' title='bbox 2524 3257 2655 3322; x_wconf 88' lang='lat' dir='ltr'><strong>iam</strong></span> 
     </span>
     <span class='ocr_line' id='line_1_34' title="bbox 711 3344 2653 3428; baseline -0.002 -18"><span class='ocrx_word' id='word_1_274' title='bbox 711 3366 890 3411; x_wconf 89' lang='lat' dir='ltr'><strong>nunc</strong></span> <span class='ocrx_word' id='word_1_275' title='bbox 932 3366 1152 3412; x_wconf 88' lang='lat' dir='ltr'><strong>secum</strong></span> <span class='ocrx_word' id='word_1_276' title='bbox 1195 3345 1475 3428; x_wconf 86' lang='lat' dir='ltr'><strong>aliquem</strong></span> <span class='ocrx_word' id='word_1_277' title='bbox 1519 3345 1859 3410; x_wconf 86' lang='lat' dir='ltr'><strong>adducere.</strong></span> <span class='ocrx_word' id='word_1_278' title='bbox 1947 3344 2209 3408; x_wconf 86' lang='lat' dir='ltr'><strong>Mittam</strong></span> <span class='ocrx_word' id='word_1_279' title='bbox 2243 3362 2465 3408; x_wconf 91' lang='lat' dir='ltr'><strong>meum</strong></span> <span class='ocrx_word' id='word_1_280' title='bbox 2506 3362 2653 3425; x_wconf 88' lang='lat' dir='ltr'><strong>pos-</strong></span> 
     </span>
     <span class='ocr_line' id='line_1_35' title="bbox 709 3427 2654 3514; baseline -0.003 -17"><span class='ocrx_word' id='word_1_281' title='bbox 709 3437 822 3497; x_wconf 85' lang='lat' dir='ltr'><strong>tea</strong></span> <span class='ocrx_word' id='word_1_282' title='bbox 865 3452 1067 3514; x_wconf 92' lang='lat' dir='ltr'><strong>quum</strong></span> <span class='ocrx_word' id='word_1_283' title='bbox 1109 3431 1363 3497; x_wconf 87' lang='lat' dir='ltr'><strong>oblatus</strong></span> <span class='ocrx_word' id='word_1_284' title='bbox 1397 3431 1595 3496; x_wconf 86' lang='lat' dir='ltr'><strong>fuerit</strong></span> <span class='ocrx_word' id='word_1_285' title='bbox 1629 3452 1862 3506; x_wconf 85' lang='lat' dir='ltr'><strong>comes,</strong></span> <span class='ocrx_word' id='word_1_286' title='bbox 1908 3436 2021 3494; x_wconf 89' lang='lat' dir='ltr'><strong>aut</strong></span> <span class='ocrx_word' id='word_1_287' title='bbox 2055 3427 2283 3493; x_wconf 88' lang='lat' dir='ltr'><strong>solum.</strong></span> <span class='ocrx_word' id='word_1_288' title='bbox 2312 3505 2319 3510; x_wconf 34' lang='grc'>,</span> <span class='ocrx_word' id='word_1_289' title='bbox 2372 3427 2540 3494; x_wconf 86' lang='lat' dir='ltr'><strong>Vale</strong></span> <span class='ocrx_word' id='word_1_290' title='bbox 2582 3430 2654 3493; x_wconf 89' lang='lat' dir='ltr'><strong>in</strong></span> 
     </span>
     <span class='ocr_line' id='line_1_36' title="bbox 711 3515 1857 3602; baseline -0.002 -21"><span class='ocrx_word' id='word_1_291' title='bbox 711 3515 1019 3582; x_wconf 88' lang='lat' dir='ltr'><strong>Domine.</strong></span> <span class='ocrx_word' id='word_1_292' title='bbox 1108 3519 1233 3582; x_wconf 87' lang='lat' dir='ltr'><strong>An.</strong></span> <span class='ocrx_word' id='word_1_293' title='bbox 1282 3521 1361 3581; x_wconf 86' lang='lat'><strong>52</strong></span> <span class='ocrx_word' id='word_1_294' title='bbox 1406 3519 1712 3602; x_wconf 86' lang='lat' dir='ltr'><strong>Augusto</strong></span> <span class='ocrx_word' id='word_1_295' title='bbox 1763 3520 1857 3581; x_wconf 88' lang='lat'><strong>13.</strong></span> 
     </span>
    </p>

    <p class='ocr_par' dir='ltr' id='par_1_3' title="bbox 706 3601 2655 3946">
     <span class='ocr_line' id='line_1_37' title="bbox 883 3601 2653 3687; baseline -0.003 -18"><span class='ocrx_word' id='word_1_296' title='bbox 883 3601 1166 3686; x_wconf 87' lang='lat' dir='ltr'><strong>Oportet</strong></span> <span class='ocrx_word' id='word_1_297' title='bbox 1219 3603 1409 3668; x_wconf 81' lang='lat' dir='ltr'><strong>uxori</strong></span> <span class='ocrx_word' id='word_1_298' title='bbox 1468 3615 1650 3667; x_wconf 87' lang='lat' dir='ltr'><strong>meae</strong></span> <span class='ocrx_word' id='word_1_299' title='bbox 1706 3622 2094 3687; x_wconf 88' lang='lat' dir='ltr'><strong>persuasum</strong></span> <span class='ocrx_word' id='word_1_300' title='bbox 2137 3620 2278 3667; x_wconf 89' lang='lat' dir='ltr'><strong>esse</strong></span> <span class='ocrx_word' id='word_1_301' title='bbox 2295 3652 2311 3680; x_wconf 87' lang='lat'>‚</span> <span class='ocrx_word' id='word_1_302' title='bbox 2375 3620 2653 3684; x_wconf 88' lang='lat' dir='ltr'><strong>puerum</strong></span> 
     </span>
     <span class='ocr_line' id='line_1_38' title="bbox 710 3685 2655 3774; baseline -0.002 -20"><span class='ocrx_word' id='word_1_303' title='bbox 710 3710 851 3755; x_wconf 89' lang='lat' dir='ltr'><strong>esse</strong></span> <span class='ocrx_word' id='word_1_304' title='bbox 885 3689 1061 3774; x_wconf 90' lang='lat' dir='ltr'><strong>apud</strong></span> <span class='ocrx_word' id='word_1_305' title='bbox 1095 3689 1376 3773; x_wconf 84' lang='lat' dir='ltr'><strong>aliquem</strong></span> <span class='ocrx_word' id='word_1_306' title='bbox 1410 3697 1868 3755; x_wconf 80' lang='lat' dir='ltr'><strong>mercatorem:</strong></span> <span class='ocrx_word' id='word_1_307' title='bbox 1912 3693 2061 3770; x_wconf 89' lang='lat' dir='ltr'><strong>post</strong></span> <span class='ocrx_word' id='word_1_308' title='bbox 2090 3707 2384 3753; x_wconf 91' lang='lat' dir='ltr'><strong>mensem</strong></span> <span class='ocrx_word' id='word_1_309' title='bbox 2421 3685 2655 3752; x_wconf 90' lang='lat' dir='ltr'><strong>deinde</strong></span> 
     </span>
     <span class='ocr_line' id='line_1_39' title="bbox 706 3771 2653 3858; baseline -0.003 -18"><span class='ocrx_word' id='word_1_310' title='bbox 706 3775 1241 3858; x_wconf 85' lang='lat' dir='ltr'><strong>persuadebimus</strong></span> <span class='ocrx_word' id='word_1_311' title='bbox 1282 3774 1383 3840; x_wconf 90' lang='lat' dir='ltr'><strong>illi</strong></span> <span class='ocrx_word' id='word_1_312' title='bbox 1398 3827 1414 3853; x_wconf 87' lang='lat'>‚</span> <span class='ocrx_word' id='word_1_313' title='bbox 1473 3772 1874 3840; x_wconf 89' lang='lat' dir='ltr'><strong>commodius</strong></span> <span class='ocrx_word' id='word_1_314' title='bbox 1918 3781 2343 3840; x_wconf 88' lang='lat' dir='ltr'><strong>mercatorem</strong></span> <span class='ocrx_word' id='word_1_315' title='bbox 2386 3794 2474 3837; x_wconf 84' lang='lat' dir='ltr'><strong>ex</strong></span> <span class='ocrx_word' id='word_1_316' title='bbox 2516 3771 2653 3855; x_wconf 91' lang='lat' dir='ltr'><strong>opi-</strong></span> 
     </span>
     <span class='ocr_line' id='line_1_40' title="bbox 707 3860 1528 3946; baseline -0.002 -19"><span class='ocrx_word' id='word_1_317' title='bbox 707 3860 830 3927; x_wconf 84' lang='lat' dir='ltr'><strong>fiee</strong></span> <span class='ocrx_word' id='word_1_318' title='bbox 870 3883 1067 3946; x_wconf 87' lang='lat' dir='ltr'><strong>quam</strong></span> <span class='ocrx_word' id='word_1_319' title='bbox 1101 3870 1327 3928; x_wconf 89' lang='lat' dir='ltr'><strong>contra</strong></span> <span class='ocrx_word' id='word_1_320' title='bbox 1368 3860 1528 3926; x_wconf 89' lang='lat' dir='ltr'><strong>fieri.</strong></span> 
     </span>
    </p>
   </div>
   <div class='ocr_carea' id='block_1_3' title="bbox 1096 3994 2649 4167">
    <p class='ocr_par' dir='ltr' id='par_1_4' title="bbox 1096 3994 2649 4167">
     <span class='ocr_line' id='line_1_41' title="bbox 1096 3994 2649 4167; baseline -0.003 -17"><span class='ocrx_word' id='word_1_321' title='bbox 1096 4085 1508 4167; x_wconf 88' lang='lat' dir='ltr'><strong>praepositus</strong></span> <span class='ocrx_word' id='word_1_322' title='bbox 1552 4081 1725 4167; x_wconf 90' lang='lat' dir='ltr'><strong>apud</strong></span> <span class='ocrx_word' id='word_1_323' title='bbox 1766 3994 2287 4167; x_wconf 53' lang='lat' dir='ltr'><strong>Riigffslifiuanos</strong></span> <span class='ocrx_word' id='word_1_324' title='bbox 2331 4079 2649 4146; x_wconf 85' lang='lat' dir='ltr'><strong>Basileae.</strong></span> 
     </span>
    </p>
   </div>
   <div class='ocr_carea' id='block_1_4' title="bbox 1579 4591 1771 4662">
    <p class='ocr_par' dir='ltr' id='par_1_5' title="bbox 1579 4591 1771 4662">
     <span class='ocr_line' id='line_1_42' title="bbox 1579 4591 1771 4662; baseline 0.005 -1"><span class='ocrx_word' id='word_1_325' title='bbox 1579 4591 1771 4662; x_wconf 71' lang='lat'><strong>1⁶45.</strong></span> 
     </span>
    </p>
   </div>
   <div class='ocr_carea' id='block_1_5' title="bbox 706 4725 2652 5069">
    <p class='ocr_par' dir='ltr' id='par_1_6' title="bbox 706 4725 2652 5069">
     <span class='ocr_line' id='line_1_43' title="bbox 1173 4725 2177 4795; baseline -0.003 0"><span class='ocrx_word' id='word_1_326' title='bbox 1173 4726 1695 4795; x_wconf 80' lang='lat' dir='ltr'>ZERKINTES</span> <span class='ocrx_word' id='word_1_327' title='bbox 1739 4725 2177 4795; x_wconf 83' lang='lat' dir='ltr'><strong>OALVINO.</strong></span> 
     </span>
     <span class='ocr_line' id='line_1_44' title="bbox 878 4898 2652 4983; baseline -0.001 -15"><span class='ocrx_word' id='word_1_328' title='bbox 878 4901 1131 4968; x_wconf 75' lang='lat' dir='ltr'><strong>Eledo</strong></span> <span class='ocrx_word' id='word_1_329' title='bbox 1174 4901 1449 4966; x_wconf 74' lang='lat' dir='ltr'><strong>scribens</strong></span> <span class='ocrx_word' id='word_1_330' title='bbox 1490 4898 1781 4967; x_wconf 70' lang='lat' dir='ltr'><strong>aemula</strong></span> <span class='ocrx_word' id='word_1_331' title='bbox 1822 4898 2652 4983; x_wconf 67' lang='lat' dir='ltr'><strong>suaqumturvaletudine</strong></span> 
     </span>
     <span class='ocr_line' id='line_1_45' title="bbox 706 4985 2651 5069; baseline -0.004 -11"><span class='ocrx_word' id='word_1_332' title='bbox 706 4996 763 5058; x_wconf 75' lang='lat' dir='ltr'><em>d</em></span> <span class='ocrx_word' id='word_1_333' title='bbox 817 4990 1121 5056; x_wconf 74' lang='lat' dir='ltr'><strong>medicum</strong></span> <span class='ocrx_word' id='word_1_334' title='bbox 1176 4987 1487 5069; x_wconf 76' lang='lat' dir='ltr'><strong>quendam</strong></span> <span class='ocrx_word' id='word_1_335' title='bbox 1550 4985 1957 5052; x_wconf 71' lang='lat' dir='ltr'><strong>Genevensm</strong></span> <span class='ocrx_word' id='word_1_336' title='bbox 2015 4992 2271 5068; x_wconf 70' lang='lat' dir='ltr'><strong>praeter</strong></span> <span class='ocrx_word' id='word_1_337' title='bbox 2332 4985 2651 5051; x_wconf 79' lang='lat' dir='ltr'><strong>Textorem</strong></span> 
     </span>
    </p>
   </div>
   <div class='ocr_carea' id='block_1_6' title="bbox 706 5072 2648 5227">
    <p class='ocr_par' dir='ltr' id='par_1_7' title="bbox 706 5072 2648 5227">
     <span class='ocr_line' id='line_1_46' title="bbox 710 5072 2648 5153; baseline -0.004 -11"><span class='ocrx_word' id='word_1_338' title='bbox 710 5076 949 5142; x_wconf 61' lang='lat' dir='ltr'><strong>consuli</strong></span> <span class='ocrx_word' id='word_1_339' title='bbox 990 5073 1173 5140; x_wconf 75' lang='lat' dir='ltr'><strong>iubet.</strong></span> <span class='ocrx_word' id='word_1_340' title='bbox 1277 5072 1360 5136; x_wconf 77' lang='lat' dir='ltr'><strong>In</strong></span> <span class='ocrx_word' id='word_1_341' title='bbox 1411 5073 1534 5151; x_wconf 76' lang='lat' dir='ltr'><strong>fine</strong></span> <span class='ocrx_word' id='word_1_342' title='bbox 1584 5072 1893 5153; x_wconf 71' lang='lat' dir='ltr'><strong>quaedam</strong></span> <span class='ocrx_word' id='word_1_343' title='bbox 1932 5092 2092 5138; x_wconf 76' lang='lat' dir='ltr'><strong>nova</strong></span> <span class='ocrx_word' id='word_1_344' title='bbox 2132 5072 2322 5153; x_wconf 79' lang='lat' dir='ltr'><strong>refert</strong></span> <span class='ocrx_word' id='word_1_345' title='bbox 2365 5091 2442 5137; x_wconf 76' lang='lat' dir='ltr'><strong>ex</strong></span> <span class='ocrx_word' id='word_1_346' title='bbox 2494 5072 2648 5136; x_wconf 78' lang='lat' dir='ltr'><strong>Ger·</strong></span> 
     </span>
     <span class='ocr_line' id='line_1_47' title="bbox 706 5158 1628 5227; baseline -0.004 -2"><span class='ocrx_word' id='word_1_347' title='bbox 706 5164 926 5227; x_wconf 71' lang='lat' dir='ltr'><strong>mania</strong></span> <span class='ocrx_word' id='word_1_348' title='bbox 967 5162 1165 5227; x_wconf 73' lang='lat' dir='ltr'><strong>allata</strong></span> <span class='ocrx_word' id='word_1_349' title='bbox 1205 5158 1314 5224; x_wconf 76' lang='lat' dir='ltr'><strong>vix</strong></span> <span class='ocrx_word' id='word_1_350' title='bbox 1355 5158 1628 5222; x_wconf 72' lang='lat' dir='ltr'><strong>laetiora.</strong></span> 
     </span>
    </p>
   </div>
   <div class='ocr_carea' id='block_1_7' title="bbox 708 5285 1556 5400">
    <p class='ocr_par' dir='ltr' id='par_1_8' title="bbox 708 5285 1556 5400">
     <span class='ocr_line' id='line_1_48' title="bbox 708 5285 1556 5400; baseline -0.002 -19"><span class='ocrx_word' id='word_1_351' title='bbox 708 5285 893 5383; x_wconf 52' lang='lat' dir='ltr'><strong>loeas.</strong></span> <span class='ocrx_word' id='word_1_352' title='bbox 912 5287 1166 5397; x_wconf 46' lang='lat' dir='ltr'><strong>hildes·</strong></span> <span class='ocrx_word' id='word_1_353' title='bbox 1201 5332 1262 5386; x_wconf 75' lang='lat' dir='ltr'><strong>in</strong></span> <span class='ocrx_word' id='word_1_354' title='bbox 1294 5329 1556 5400; x_wconf 60' lang='grc' dir='ltr'><strong>πατρίως.</strong></span> 
     </span>
    </p>
   </div>
   <div class='ocr_carea' id='block_1_8' title="bbox 2210 410 3230 479">
    <p class='ocr_par' dir='ltr' id='par_1_9' title="bbox 2210 410 3230 479">
     <span class='ocr_line' id='line_1_49' title="bbox 2210 410 3230 479; baseline -0.002 -1"><span class='ocrx_word' id='word_1_355' title='bbox 2210 410 2733 479; x_wconf 70' lang='lat' dir='ltr'>EPIS&#39;POLAE</span> <span class='ocrx_word' id='word_1_356' title='bbox 2784 415 3203 477; x_wconf 81' lang='lat'>1644—1647</span> <span class='ocrx_word' id='word_1_357' title='bbox 3225 457 3230 461; x_wconf 81' lang='lat'><em>-</em></span> 
     </span>
    </p>
   </div>
   <div class='ocr_carea' id='block_1_9' title="bbox 2696 617 2717 5382">
    <p class='ocr_par' dir='ltr' id='par_1_10' title="bbox 2696 617 2717 5382">
     <span class='ocr_line' id='line_1_50' title="bbox 2696 617 2717 5382; baseline 0 0"><span class='ocrx_word' id='word_1_358' title='bbox 2696 617 2717 5382; x_wconf 95' lang='lat' dir='ltr'><strong> </strong></span> 
     </span>
    </p>
   </div>
   <div class='ocr_carea' id='block_1_10' title="bbox 4557 425 4658 488">
    <p class='ocr_par' dir='ltr' id='par_1_11' title="bbox 4557 425 4658 488">
     <span class='ocr_line' id='line_1_51' title="bbox 4557 425 4658 488; baseline 0.03 -3"><span class='ocrx_word' id='word_1_359' title='bbox 4557 425 4658 488; x_wconf 84' lang='lat'><strong>352</strong></span> 
     </span>
    </p>
   </div>
   <div class='ocr_carea' id='block_1_11' title="bbox 2765 599 4662 810">
    <p class='ocr_par' dir='ltr' id='par_1_12' title="bbox 2765 599 4662 810">
     <span class='ocr_line' id='line_1_52' title="bbox 2765 599 4660 677; baseline 0.005 -24"><span class='ocrx_word' id='word_1_360' title='bbox 2765 599 3084 670; x_wconf 82' lang='lat' dir='ltr'><strong>(Exemplar</strong></span> <span class='ocrx_word' id='word_1_361' title='bbox 3120 601 3490 656; x_wconf 84' lang='lat' dir='ltr'><strong>authenticum</strong></span> <span class='ocrx_word' id='word_1_362' title='bbox 3511 608 3692 657; x_wconf 80' lang='lat' dir='ltr'><strong>exstat</strong></span> <span class='ocrx_word' id='word_1_363' title='bbox 3726 604 3784 656; x_wconf 89' lang='lat' dir='ltr'><strong>in</strong></span> <span class='ocrx_word' id='word_1_364' title='bbox 3806 602 3936 658; x_wconf 85' lang='lat' dir='ltr'><strong>God.</strong></span> <span class='ocrx_word' id='word_1_365' title='bbox 3959 602 4267 658; x_wconf 66' lang='lat' dir='ltr'><strong>(lenovensi</strong></span> <span class='ocrx_word' id='word_1_366' title='bbox 4304 602 4416 671; x_wconf 82' lang='lat'><strong>114,</strong></span> <span class='ocrx_word' id='word_1_367' title='bbox 4445 605 4529 659; x_wconf 81' lang='lat' dir='ltr'><strong>fol.</strong></span> <span class='ocrx_word' id='word_1_368' title='bbox 4565 608 4660 677; x_wconf 84' lang='lat'><strong>110,</strong></span> 
     </span>
     <span class='ocr_line' id='line_1_53' title="bbox 2765 667 4662 742; baseline 0.005 -21"><span class='ocrx_word' id='word_1_369' title='bbox 2765 687 2798 721; x_wconf 89' lang='lat' dir='ltr'><strong>a</strong></span> <span class='ocrx_word' id='word_1_370' title='bbox 2830 670 2942 723; x_wconf 86' lang='lat' dir='ltr'><strong>filio</strong></span> <span class='ocrx_word' id='word_1_371' title='bbox 2980 671 3184 724; x_wconf 85' lang='lat' dir='ltr'><strong>autoris</strong></span> <span class='ocrx_word' id='word_1_372' title='bbox 3220 672 3478 740; x_wconf 87' lang='lat' dir='ltr'><strong>scriptum</strong></span> <span class='ocrx_word' id='word_1_373' title='bbox 3516 667 3756 725; x_wconf 74' lang='lat' dir='ltr'><strong>dicta‘nte</strong></span> <span class='ocrx_word' id='word_1_374' title='bbox 3792 678 3963 741; x_wconf 84' lang='lat' dir='ltr'><strong>patre,</strong></span> <span class='ocrx_word' id='word_1_375' title='bbox 4002 672 4095 741; x_wconf 89' lang='lat' dir='ltr'><strong>qui</strong></span> <span class='ocrx_word' id='word_1_376' title='bbox 4131 689 4290 725; x_wconf 84' lang='lat' dir='ltr'><strong>manu</strong></span> <span class='ocrx_word' id='word_1_377' title='bbox 4325 677 4528 742; x_wconf 81' lang='lat' dir='ltr'><strong>propria</strong></span> <span class='ocrx_word' id='word_1_378' title='bbox 4557 679 4662 731; x_wconf 81' lang='lat' dir='ltr'><strong>sub·</strong></span> 
     </span>
     <span class='ocr_line' id='line_1_54' title="bbox 3174 740 4317 810; baseline 0 -19"><span class='ocrx_word' id='word_1_379' title='bbox 3174 740 3517 808; x_wconf 84' lang='lat' dir='ltr'><strong>scriptionem</strong></span> <span class='ocrx_word' id='word_1_380' title='bbox 3551 740 3763 794; x_wconf 83' lang='lat' dir='ltr'><strong>addidit</strong></span> <span class='ocrx_word' id='word_1_381' title='bbox 3797 747 3855 794; x_wconf 90' lang='lat' dir='ltr'><strong>et</strong></span> <span class='ocrx_word' id='word_1_382' title='bbox 3888 740 4317 810; x_wconf 79' lang='lat' dir='ltr'><strong>postscriptum.)</strong></span> 
     </span>
    </p>
   </div>
   <div class='ocr_carea' id='block_1_12' title="bbox 2764 857 4665 1113">
    <p class='ocr_par' dir='ltr' id='par_1_13' title="bbox 2764 857 4665 1113">
     <span class='ocr_line' id='line_1_55' title="bbox 2764 857 4665 944; baseline 0.003 -21"><span class='ocrx_word' id='word_1_383' title='bbox 2764 859 3021 923; x_wconf 89' lang='lat' dir='ltr'><strong>Pietate</strong></span> <span class='ocrx_word' id='word_1_384' title='bbox 3077 867 3145 922; x_wconf 90' lang='lat' dir='ltr'><strong>et</strong></span> <span class='ocrx_word' id='word_1_385' title='bbox 3200 857 3565 924; x_wconf 89' lang='lat' dir='ltr'><strong>eruditione</strong></span> <span class='ocrx_word' id='word_1_386' title='bbox 3618 861 3861 944; x_wconf 85' lang='lat' dir='ltr'><strong>insigni</strong></span> <span class='ocrx_word' id='word_1_387' title='bbox 3905 860 4157 926; x_wconf 84' lang='lat' dir='ltr'><strong>Christi</strong></span> <span class='ocrx_word' id='word_1_388' title='bbox 4202 861 4354 926; x_wconf 87' lang='lat' dir='ltr'><strong>Iesu</strong></span> <span class='ocrx_word' id='word_1_389' title='bbox 4397 861 4665 929; x_wconf 86' lang='lat' dir='ltr'><strong>ecclesiae</strong></span> 
     </span>
     <span class='ocr_line' id='line_1_56' title="bbox 2764 944 4665 1016; baseline 0.004 -8"><span class='ocrx_word' id='word_1_390' title='bbox 2764 945 3064 1009; x_wconf 87' lang='lat' dir='ltr'><strong>ministro</strong></span> <span class='ocrx_word' id='word_1_391' title='bbox 3109 944 3424 1010; x_wconf 80' lang='lat' dir='ltr'><strong>Genevae</strong></span> <span class='ocrx_word' id='word_1_392' title='bbox 3467 945 3700 1010; x_wconf 86' lang='lat' dir='ltr'><strong>Ioanni</strong></span> <span class='ocrx_word' id='word_1_393' title='bbox 3744 945 4023 1013; x_wconf 73' lang='lat' dir='ltr'><strong>Calvino</strong></span> <span class='ocrx_word' id='word_1_394' title='bbox 4067 946 4326 1011; x_wconf 91' lang='lat' dir='ltr'><strong>domino</strong></span> <span class='ocrx_word' id='word_1_395' title='bbox 4383 968 4451 1012; x_wconf 84' lang='lat' dir='ltr'><strong>ac</strong></span> <span class='ocrx_word' id='word_1_396' title='bbox 4506 950 4665 1016; x_wconf 76' lang='lat' dir='ltr'><strong>fratri</strong></span> 
     </span>
     <span class='ocr_line' id='line_1_57' title="bbox 3251 1029 4199 1113; baseline 0.002 -20"><span class='ocrx_word' id='word_1_397' title='bbox 3251 1029 3606 1113; x_wconf 90' lang='lat' dir='ltr'><strong>plurimum</strong></span> <span class='ocrx_word' id='word_1_398' title='bbox 3650 1032 4020 1097; x_wconf 83' lang='lat' dir='ltr'><strong>venerando</strong></span> <span class='ocrx_word' id='word_1_399' title='bbox 4065 1054 4199 1098; x_wconf 90' lang='lat' dir='ltr'><strong>suo.</strong></span> 
     </span>
    </p>
   </div>
   <div class='ocr_carea' id='block_1_13' title="bbox 3166 1149 4310 1217">
    <p class='ocr_par' dir='ltr' id='par_1_14' title="bbox 3166 1149 4310 1217">
     <span class='ocr_line' id='line_1_58' title="bbox 3166 1149 4310 1217; baseline 0.003 -3"><span class='ocrx_word' id='word_1_400' title='bbox 3166 1151 3232 1214; x_wconf 91' lang='lat' dir='ltr'>A</span> <span class='ocrx_word' id='word_1_401' title='bbox 3276 1149 3613 1215; x_wconf 85' lang='lat' dir='ltr'><strong>Monsieur</strong></span> <span class='ocrx_word' id='word_1_402' title='bbox 3655 1150 3895 1215; x_wconf 83' lang='lat' dir='ltr'><strong>Calvin</strong></span> <span class='ocrx_word' id='word_1_403' title='bbox 3938 1172 3976 1214; x_wconf 86' lang='lat' dir='ltr'><strong>a</strong></span> <span class='ocrx_word' id='word_1_404' title='bbox 4021 1152 4310 1217; x_wconf 83' lang='lat' dir='ltr'><strong>Geneve.</strong></span> 
     </span>
    </p>
   </div>
   <div class='ocr_carea' id='block_1_14' title="bbox 2752 1252 4685 4679">
    <p class='ocr_par' dir='ltr' id='par_1_15' title="bbox 2752 1252 4685 4679">
     <span class='ocr_line' id='line_1_59' title="bbox 2936 1252 4672 1339; baseline 0.003 -23"><span class='ocrx_word' id='word_1_405' title='bbox 2936 1252 3155 1316; x_wconf 78' lang='lat' dir='ltr'><strong>Tertio</strong></span> <span class='ocrx_word' id='word_1_406' title='bbox 3213 1252 3348 1316; x_wconf 88' lang='lat' dir='ltr'><strong>iam</strong></span> <span class='ocrx_word' id='word_1_407' title='bbox 3414 1253 3681 1317; x_wconf 89' lang='lat' dir='ltr'><strong>sinistra</strong></span> <span class='ocrx_word' id='word_1_408' title='bbox 3743 1253 4120 1318; x_wconf 85' lang='lat' dir='ltr'><strong>valetudine</strong></span> <span class='ocrx_word' id='word_1_409' title='bbox 4176 1255 4488 1337; x_wconf 88' lang='lat' dir='ltr'><strong>impedior</strong></span> <span class='ocrx_word' id='word_1_410' title='bbox 4537 1278 4672 1339; x_wconf 88' lang='lat' dir='ltr'><strong>quo-</strong></span> 
     </span>
     <span class='ocr_line' id='line_1_60' title="bbox 2763 1337 4672 1424; baseline 0.003 -23"><span class='ocrx_word' id='word_1_411' title='bbox 2763 1338 2983 1402; x_wconf 88' lang='lat' dir='ltr'><strong>minus</strong></span> <span class='ocrx_word' id='word_1_412' title='bbox 3027 1345 3093 1401; x_wconf 85' lang='lat' dir='ltr'><strong>te</strong></span> <span class='ocrx_word' id='word_1_413' title='bbox 3136 1337 3426 1402; x_wconf 86' lang='lat' dir='ltr'><strong>videam:</strong></span> <span class='ocrx_word' id='word_1_414' title='bbox 3464 1343 3512 1411; x_wconf 89' lang='lat'><strong>¹)</strong></span> <span class='ocrx_word' id='word_1_415' title='bbox 3558 1338 3730 1420; x_wconf 88' lang='lat' dir='ltr'><strong>quod</strong></span> <span class='ocrx_word' id='word_1_416' title='bbox 3775 1347 3995 1403; x_wconf 90' lang='lat' dir='ltr'><strong>tamen</strong></span> <span class='ocrx_word' id='word_1_417' title='bbox 4041 1337 4228 1404; x_wconf 85' lang='lat' dir='ltr'><strong>valde</strong></span> <span class='ocrx_word' id='word_1_418' title='bbox 4265 1342 4584 1424; x_wconf 89' lang='lat' dir='ltr'><strong>cupiebam</strong></span> <span class='ocrx_word' id='word_1_419' title='bbox 4616 1351 4672 1408; x_wconf 87' lang='lat' dir='ltr'><strong>et</strong></span> 
     </span>
     <span class='ocr_line' id='line_1_61' title="bbox 2763 1423 4672 1508; baseline 0.002 -20"><span class='ocrx_word' id='word_1_420' title='bbox 2763 1423 3097 1488; x_wconf 91' lang='lat' dir='ltr'><strong>commode</strong></span> <span class='ocrx_word' id='word_1_421' title='bbox 3141 1424 3517 1506; x_wconf 85' lang='lat' dir='ltr'><strong>contigisset</strong></span> <span class='ocrx_word' id='word_1_422' title='bbox 3572 1423 3895 1508; x_wconf 87' lang='lat' dir='ltr'><strong>legatione</strong></span> <span class='ocrx_word' id='word_1_423' title='bbox 3937 1426 4103 1488; x_wconf 89' lang='lat' dir='ltr'><strong>mihi</strong></span> <span class='ocrx_word' id='word_1_424' title='bbox 4146 1427 4451 1493; x_wconf 86' lang='lat' dir='ltr'><strong>iniuncta.</strong></span> <span class='ocrx_word' id='word_1_425' title='bbox 4534 1427 4672 1492; x_wconf 81' lang='lat' dir='ltr'><strong>Fer-</strong></span> 
     </span>
     <span class='ocr_line' id='line_1_62' title="bbox 2764 1507 4671 1596; baseline 0.004 -25"><span class='ocrx_word' id='word_1_426' title='bbox 2764 1530 2900 1573; x_wconf 88' lang='lat' dir='ltr'><strong>rem</strong></span> <span class='ocrx_word' id='word_1_427' title='bbox 2940 1507 3238 1591; x_wconf 89' lang='lat' dir='ltr'><strong>equidem</strong></span> <span class='ocrx_word' id='word_1_428' title='bbox 3261 1509 3671 1573; x_wconf 90' lang='lat' dir='ltr'><strong>incommoda</strong></span> <span class='ocrx_word' id='word_1_429' title='bbox 3706 1510 4114 1589; x_wconf 88' lang='lat' dir='ltr'><strong>valetudinis,</strong></span> <span class='ocrx_word' id='word_1_430' title='bbox 4155 1532 4366 1594; x_wconf 87' lang='lat' dir='ltr'><strong>neque</strong></span> <span class='ocrx_word' id='word_1_431' title='bbox 4401 1514 4671 1596; x_wconf 89' lang='lat' dir='ltr'><strong>cuiquam</strong></span> 
     </span>
     <span class='ocr_line' id='line_1_63' title="bbox 2764 1594 4675 1681; baseline 0.003 -23"><span class='ocrx_word' id='word_1_432' title='bbox 2764 1594 2842 1658; x_wconf 93' lang='lat' dir='ltr'><strong>de</strong></span> <span class='ocrx_word' id='word_1_433' title='bbox 2886 1615 3034 1658; x_wconf 91' lang='lat' dir='ltr'><strong>mea</strong></span> <span class='ocrx_word' id='word_1_434' title='bbox 3088 1596 3227 1661; x_wconf 82' lang='lat' dir='ltr'><strong>vita</strong></span> <span class='ocrx_word' id='word_1_435' title='bbox 3284 1616 3494 1659; x_wconf 89' lang='lat' dir='ltr'><strong>essem</strong></span> <span class='ocrx_word' id='word_1_436' title='bbox 3548 1595 3895 1674; x_wconf 86' lang='lat' dir='ltr'><strong>molestus,</strong></span> <span class='ocrx_word' id='word_1_437' title='bbox 3958 1617 4148 1678; x_wconf 90' lang='lat' dir='ltr'><strong>quam</strong></span> <span class='ocrx_word' id='word_1_438' title='bbox 4208 1617 4328 1681; x_wconf 89' lang='lat' dir='ltr'><strong>ego</strong></span> <span class='ocrx_word' id='word_1_439' title='bbox 4373 1599 4482 1663; x_wconf 81' lang='lat' dir='ltr'><strong>vix</strong></span> <span class='ocrx_word' id='word_1_440' title='bbox 4530 1599 4675 1663; x_wconf 87' lang='lat' dir='ltr'><strong>tanti</strong></span> 
     </span>
     <span class='ocr_line' id='line_1_64' title="bbox 2761 1678 4673 1763; baseline 0.002 -19"><span class='ocrx_word' id='word_1_441' title='bbox 2761 1680 2924 1744; x_wconf 83' lang='lat' dir='ltr'><strong>facio</strong></span> <span class='ocrx_word' id='word_1_442' title='bbox 2968 1678 3231 1763; x_wconf 85' lang='lat' dir='ltr'><strong>fereque</strong></span> <span class='ocrx_word' id='word_1_443' title='bbox 3283 1680 3480 1745; x_wconf 88' lang='lat' dir='ltr'><strong>nimis</strong></span> <span class='ocrx_word' id='word_1_444' title='bbox 3536 1687 3895 1746; x_wconf 88' lang='lat' dir='ltr'><strong>contemno.</strong></span> <span class='ocrx_word' id='word_1_445' title='bbox 3985 1682 4127 1747; x_wconf 90' lang='lat' dir='ltr'><strong>Hoc</strong></span> <span class='ocrx_word' id='word_1_446' title='bbox 4184 1683 4396 1747; x_wconf 90' lang='lat' dir='ltr'><strong>solum</strong></span> <span class='ocrx_word' id='word_1_447' title='bbox 4439 1706 4537 1749; x_wconf 91' lang='lat' dir='ltr'><strong>me</strong></span> <span class='ocrx_word' id='word_1_448' title='bbox 4576 1704 4673 1747; x_wconf 89' lang='lat' dir='ltr'><strong>an-</strong></span> 
     </span>
     <span class='ocr_line' id='line_1_65' title="bbox 2763 1765 4675 1853; baseline 0.003 -26"><span class='ocrx_word' id='word_1_449' title='bbox 2763 1766 2861 1848; x_wconf 89' lang='lat' dir='ltr'><strong>git</strong></span> <span class='ocrx_word' id='word_1_450' title='bbox 2904 1765 3074 1848; x_wconf 90' lang='lat' dir='ltr'><strong>quod</strong></span> <span class='ocrx_word' id='word_1_451' title='bbox 3135 1765 3333 1849; x_wconf 88' lang='lat' dir='ltr'><strong>longa</strong></span> <span class='ocrx_word' id='word_1_452' title='bbox 3390 1767 3517 1830; x_wconf 85' lang='lat' dir='ltr'><strong>ista</strong></span> <span class='ocrx_word' id='word_1_453' title='bbox 3568 1765 3871 1831; x_wconf 84' lang='lat' dir='ltr'><strong>valetudo</strong></span> <span class='ocrx_word' id='word_1_454' title='bbox 3937 1769 4156 1833; x_wconf 89' lang='lat' dir='ltr'><strong>omnia</strong></span> <span class='ocrx_word' id='word_1_455' title='bbox 4216 1777 4283 1833; x_wconf 90' lang='lat' dir='ltr'><strong>et</strong></span> <span class='ocrx_word' id='word_1_456' title='bbox 4339 1770 4583 1853; x_wconf 86' lang='lat' dir='ltr'><strong>privata</strong></span> <span class='ocrx_word' id='word_1_457' title='bbox 4620 1779 4675 1833; x_wconf 85' lang='lat' dir='ltr'><strong>et</strong></span> 
     </span>
     <span class='ocr_line' id='line_1_66' title="bbox 2763 1851 4672 1938; baseline 0.002 -24"><span class='ocrx_word' id='word_1_458' title='bbox 2763 1851 3022 1934; x_wconf 88' lang='lat' dir='ltr'><strong>publica</strong></span> <span class='ocrx_word' id='word_1_459' title='bbox 3057 1851 3271 1916; x_wconf 84' lang='lat' dir='ltr'><strong>officia</strong></span> <span class='ocrx_word' id='word_1_460' title='bbox 3303 1851 3373 1916; x_wconf 91' lang='lat' dir='ltr'><strong>in</strong></span> <span class='ocrx_word' id='word_1_461' title='bbox 3409 1871 3514 1916; x_wconf 90' lang='lat' dir='ltr'><strong>me</strong></span> <span class='ocrx_word' id='word_1_462' title='bbox 3548 1853 3886 1935; x_wconf 83' lang='lat' dir='ltr'><strong>pervertit,</strong></span> <span class='ocrx_word' id='word_1_463' title='bbox 3931 1861 4009 1917; x_wconf 89' lang='lat' dir='ltr'><strong>ut</strong></span> <span class='ocrx_word' id='word_1_464' title='bbox 4043 1856 4166 1919; x_wconf 91' lang='lat' dir='ltr'><strong>sim</strong></span> <span class='ocrx_word' id='word_1_465' title='bbox 4203 1876 4397 1938; x_wconf 90' lang='lat' dir='ltr'><strong>porro</strong></span> <span class='ocrx_word' id='word_1_466' title='bbox 4433 1865 4495 1920; x_wconf 89' lang='lat' dir='ltr'><strong>et</strong></span> <span class='ocrx_word' id='word_1_467' title='bbox 4535 1855 4672 1919; x_wconf 88' lang='lat' dir='ltr'><strong>mihi</strong></span> 
     </span>
     <span class='ocr_line' id='line_1_67' title="bbox 2762 1936 4676 2023; baseline 0.003 -23"><span class='ocrx_word' id='word_1_468' title='bbox 2762 1945 2830 2000; x_wconf 87' lang='lat' dir='ltr'><strong>et</strong></span> <span class='ocrx_word' id='word_1_469' title='bbox 2871 1938 3173 2002; x_wconf 88' lang='lat' dir='ltr'><strong>omnibus</strong></span> <span class='ocrx_word' id='word_1_470' title='bbox 3208 1936 3479 2012; x_wconf 76' lang='lat' dir='ltr'><strong>inutilis,</strong></span> <span class='ocrx_word' id='word_1_471' title='bbox 3549 1959 3623 2002; x_wconf 88' lang='lat' dir='ltr'><strong>ac</strong></span> <span class='ocrx_word' id='word_1_472' title='bbox 3667 1939 3850 2003; x_wconf 86' lang='lat' dir='ltr'><strong>velut</strong></span> <span class='ocrx_word' id='word_1_473' title='bbox 3895 1947 4167 2005; x_wconf 88' lang='lat' dir='ltr'><strong>truncus</strong></span> <span class='ocrx_word' id='word_1_474' title='bbox 4211 1942 4390 2007; x_wconf 90' lang='lat' dir='ltr'><strong>iners</strong></span> <span class='ocrx_word' id='word_1_475' title='bbox 4433 1942 4676 2023; x_wconf 87' lang='lat' dir='ltr'><strong>supinus</strong></span> 
     </span>
     <span class='ocr_line' id='line_1_68' title="bbox 2759 2022 4675 2107; baseline 0.003 -23"><span class='ocrx_word' id='word_1_476' title='bbox 2759 2022 3024 2088; x_wconf 87' lang='lat' dir='ltr'><strong>iaceam.</strong></span> <span class='ocrx_word' id='word_1_477' title='bbox 3115 2022 3465 2088; x_wconf 79' lang='lat' dir='ltr'><strong>Consuluit</strong></span> <span class='ocrx_word' id='word_1_478' title='bbox 3520 2024 3726 2089; x_wconf 87' lang='lat' dir='ltr'><strong>multa</strong></span> <span class='ocrx_word' id='word_1_479' title='bbox 3782 2024 4137 2107; x_wconf 86' lang='lat' dir='ltr'><strong>prudenter</strong></span> <span class='ocrx_word' id='word_1_480' title='bbox 4183 2027 4414 2092; x_wconf 60' lang='lat' dir='ltr'><strong>Tertor</strong></span> <span class='ocrx_word' id='word_1_481' title='bbox 4465 2035 4675 2104; x_wconf 85' lang='lat' dir='ltr'><strong>noster,</strong></span> 
     </span>
     <span class='ocr_line' id='line_1_69' title="bbox 2759 2107 4675 2196; baseline 0.002 -24"><span class='ocrx_word' id='word_1_482' title='bbox 2759 2125 2924 2190; x_wconf 85' lang='lat' dir='ltr'><strong>quae</strong></span> <span class='ocrx_word' id='word_1_483' title='bbox 2968 2108 3064 2172; x_wconf 91' lang='lat' dir='ltr'><strong>ita</strong></span> <span class='ocrx_word' id='word_1_484' title='bbox 3107 2107 3369 2191; x_wconf 91' lang='lat' dir='ltr'><strong>quidem</strong></span> <span class='ocrx_word' id='word_1_485' title='bbox 3414 2117 3723 2193; x_wconf 87' lang='lat' dir='ltr'><strong>prosunt,</strong></span> <span class='ocrx_word' id='word_1_486' title='bbox 3790 2110 3847 2173; x_wconf 89' lang='lat' dir='ltr'><strong>si</strong></span> <span class='ocrx_word' id='word_1_487' title='bbox 3889 2112 4198 2177; x_wconf 91' lang='lat' dir='ltr'><strong>continua</strong></span> <span class='ocrx_word' id='word_1_488' title='bbox 4241 2113 4459 2196; x_wconf 90' lang='lat' dir='ltr'><strong>quiete</strong></span> <span class='ocrx_word' id='word_1_489' title='bbox 4500 2113 4675 2191; x_wconf 89' lang='lat' dir='ltr'><strong>fruar,</strong></span> 
     </span>
     <span class='ocr_line' id='line_1_70' title="bbox 2758 2194 4678 2264; baseline 0.002 -6"><span class='ocrx_word' id='word_1_490' title='bbox 2758 2215 2990 2258; x_wconf 87' lang='lat' dir='ltr'><strong>verum</strong></span> <span class='ocrx_word' id='word_1_491' title='bbox 3035 2195 3302 2259; x_wconf 89' lang='lat' dir='ltr'><strong>morbus</strong></span> <span class='ocrx_word' id='word_1_492' title='bbox 3362 2194 3443 2259; x_wconf 91' lang='lat' dir='ltr'><strong>ad</strong></span> <span class='ocrx_word' id='word_1_493' title='bbox 3495 2196 3907 2260; x_wconf 86' lang='lat' dir='ltr'><strong>intentiorem</strong></span> <span class='ocrx_word' id='word_1_494' title='bbox 3965 2198 4173 2262; x_wconf 90' lang='lat' dir='ltr'><strong>solum</strong></span> <span class='ocrx_word' id='word_1_495' title='bbox 4232 2198 4678 2264; x_wconf 84' lang='lat' dir='ltr'><strong>deambulatio-</strong></span> 
     </span>
     <span class='ocr_line' id='line_1_71' title="bbox 2759 2280 4678 2365; baseline 0.003 -21"><span class='ocrx_word' id='word_1_496' title='bbox 2759 2301 2909 2344; x_wconf 91' lang='lat' dir='ltr'><strong>nem</strong></span> <span class='ocrx_word' id='word_1_497' title='bbox 2945 2280 3353 2358; x_wconf 85' lang='lat' dir='ltr'><strong>recrudescit,</strong></span> <span class='ocrx_word' id='word_1_498' title='bbox 3398 2281 3705 2363; x_wconf 90' lang='lat' dir='ltr'><strong>omnique</strong></span> <span class='ocrx_word' id='word_1_499' title='bbox 3748 2290 3927 2346; x_wconf 90' lang='lat' dir='ltr'><strong>motu</strong></span> <span class='ocrx_word' id='word_1_500' title='bbox 3961 2284 4252 2365; x_wconf 89' lang='lat' dir='ltr'><strong>corporis</strong></span> <span class='ocrx_word' id='word_1_501' title='bbox 4294 2284 4459 2349; x_wconf 90' lang='lat' dir='ltr'><strong>mihi</strong></span> <span class='ocrx_word' id='word_1_502' title='bbox 4498 2286 4678 2348; x_wconf 88' lang='lat' dir='ltr'><strong>inter-</strong></span> 
     </span>
     <span class='ocr_line' id='line_1_72' title="bbox 2760 2365 4679 2449; baseline 0.002 -20"><span class='ocrx_word' id='word_1_503' title='bbox 2760 2365 2933 2444; x_wconf 88' lang='lat' dir='ltr'><strong>dicit,</strong></span> <span class='ocrx_word' id='word_1_504' title='bbox 2981 2365 3150 2449; x_wconf 89' lang='lat' dir='ltr'><strong>quod</strong></span> <span class='ocrx_word' id='word_1_505' title='bbox 3209 2386 3404 2448; x_wconf 87' lang='lat' dir='ltr'><strong>quam</strong></span> <span class='ocrx_word' id='word_1_506' title='bbox 3457 2366 3543 2431; x_wconf 90' lang='lat' dir='ltr'><strong>sit</strong></span> <span class='ocrx_word' id='word_1_507' title='bbox 3599 2367 4005 2432; x_wconf 87' lang='lat' dir='ltr'><strong>intolerabile</strong></span> <span class='ocrx_word' id='word_1_508' title='bbox 4064 2376 4160 2442; x_wconf 89' lang='lat' dir='ltr'><strong>(et</strong></span> <span class='ocrx_word' id='word_1_509' title='bbox 4216 2376 4438 2434; x_wconf 88' lang='lat' dir='ltr'><strong>tamen</strong></span> <span class='ocrx_word' id='word_1_510' title='bbox 4491 2371 4679 2434; x_wconf 84' lang='lat' dir='ltr'><strong>feren·</strong></span> 
     </span>
     <span class='ocr_line' id='line_1_73' title="bbox 2761 2451 4676 2537; baseline 0.001 -21"><span class='ocrx_word' id='word_1_511' title='bbox 2761 2451 2935 2530; x_wconf 90' lang='lat' dir='ltr'><strong>dum,</strong></span> <span class='ocrx_word' id='word_1_512' title='bbox 2982 2453 3038 2516; x_wconf 89' lang='lat' dir='ltr'><strong>si</strong></span> <span class='ocrx_word' id='word_1_513' title='bbox 3080 2452 3175 2516; x_wconf 87' lang='lat' dir='ltr'><strong>ita</strong></span> <span class='ocrx_word' id='word_1_514' title='bbox 3220 2451 3394 2517; x_wconf 90' lang='lat' dir='ltr'><strong>Deus</strong></span> <span class='ocrx_word' id='word_1_515' title='bbox 3437 2451 3624 2527; x_wconf 84' lang='lat' dir='ltr'><strong>velit)</strong></span> <span class='ocrx_word' id='word_1_516' title='bbox 3681 2453 3929 2517; x_wconf 89' lang='lat' dir='ltr'><strong>homini</strong></span> <span class='ocrx_word' id='word_1_517' title='bbox 3979 2453 4255 2537; x_wconf 90' lang='lat' dir='ltr'><strong>publicis</strong></span> <span class='ocrx_word' id='word_1_518' title='bbox 4310 2464 4380 2520; x_wconf 88' lang='lat' dir='ltr'><strong>et</strong></span> <span class='ocrx_word' id='word_1_519' title='bbox 4431 2455 4676 2537; x_wconf 83' lang='lat' dir='ltr'><strong>privatis</strong></span> 
     </span>
     <span class='ocr_line' id='line_1_74' title="bbox 2759 2537 4677 2619; baseline 0.001 -18"><span class='ocrx_word' id='word_1_520' title='bbox 2759 2537 3290 2619; x_wconf 89' lang='lat' dir='ltr'><strong>occupationibus</strong></span> <span class='ocrx_word' id='word_1_521' title='bbox 3325 2537 3577 2603; x_wconf 85' lang='lat' dir='ltr'><strong>irretito</strong></span> <span class='ocrx_word' id='word_1_522' title='bbox 3612 2538 3798 2603; x_wconf 85' lang='lat' dir='ltr'><strong>facile</strong></span> <span class='ocrx_word' id='word_1_523' title='bbox 3834 2547 3933 2603; x_wconf 91' lang='lat' dir='ltr'><strong>est</strong></span> <span class='ocrx_word' id='word_1_524' title='bbox 3972 2540 4279 2605; x_wconf 89' lang='lat' dir='ltr'><strong>iudicare.</strong></span> <span class='ocrx_word' id='word_1_525' title='bbox 4352 2540 4677 2606; x_wconf 78' lang='lat' dir='ltr'><strong>Caeterum</strong></span> 
     </span>
     <span class='ocr_line' id='line_1_75' title="bbox 2760 2620 4675 2709; baseline 0.001 -23"><span class='ocrx_word' id='word_1_526' title='bbox 2760 2620 2981 2687; x_wconf 87' lang='lat' dir='ltr'><strong>audivi</strong></span> <span class='ocrx_word' id='word_1_527' title='bbox 3038 2622 3361 2689; x_wconf 89' lang='lat' dir='ltr'><strong>medicum</strong></span> <span class='ocrx_word' id='word_1_528' title='bbox 3420 2623 3745 2706; x_wconf 88' lang='lat' dir='ltr'><strong>quendam</strong></span> <span class='ocrx_word' id='word_1_529' title='bbox 3807 2625 4086 2706; x_wconf 90' lang='lat' dir='ltr'><strong>peritum</strong></span> <span class='ocrx_word' id='word_1_530' title='bbox 4142 2624 4316 2709; x_wconf 89' lang='lat' dir='ltr'><strong>apud</strong></span> <span class='ocrx_word' id='word_1_531' title='bbox 4373 2648 4483 2691; x_wconf 86' lang='lat' dir='ltr'><strong>vos</strong></span> <span class='ocrx_word' id='word_1_532' title='bbox 4537 2645 4675 2701; x_wconf 84' lang='lat' dir='ltr'><strong>esse,</strong></span> 
     </span>
     <span class='ocr_line' id='line_1_76' title="bbox 2767 2708 4680 2794; baseline 0.001 -22"><span class='ocrx_word' id='word_1_533' title='bbox 2767 2708 3186 2774; x_wconf 70' lang='lat' dir='ltr'><strong>Sarraeinum</strong></span> <span class='ocrx_word' id='word_1_534' title='bbox 3201 2709 3258 2794; x_wconf 77' lang='lat'><strong>¹²)</strong></span> <span class='ocrx_word' id='word_1_535' title='bbox 3339 2711 3630 2786; x_wconf 88' lang='lat' dir='ltr'><strong>nomine,</strong></span> <span class='ocrx_word' id='word_1_536' title='bbox 3708 2710 3820 2791; x_wconf 90' lang='lat' dir='ltr'><strong>qui</strong></span> <span class='ocrx_word' id='word_1_537' title='bbox 3897 2710 4076 2776; x_wconf 64' lang='lat' dir='ltr'><strong>visus</strong></span> <span class='ocrx_word' id='word_1_538' title='bbox 4154 2719 4256 2776; x_wconf 86' lang='lat' dir='ltr'><strong>est</strong></span> <span class='ocrx_word' id='word_1_539' title='bbox 4324 2732 4410 2776; x_wconf 78' lang='lat' dir='ltr'><strong>ex</strong></span> <span class='ocrx_word' id='word_1_540' title='bbox 4477 2710 4680 2777; x_wconf 87' lang='lat' dir='ltr'><strong>amicis</strong></span> 
     </span>
     <span class='ocr_line' id='line_1_77' title="bbox 2760 2793 4679 2882; baseline 0.001 -25"><span class='ocrx_word' id='word_1_541' title='bbox 2760 2794 2979 2859; x_wconf 89' lang='lat' dir='ltr'><strong>nescio</strong></span> <span class='ocrx_word' id='word_1_542' title='bbox 3021 2794 3174 2877; x_wconf 92' lang='lat' dir='ltr'><strong>quid</strong></span> <span class='ocrx_word' id='word_1_543' title='bbox 3221 2794 3298 2859; x_wconf 90' lang='lat' dir='ltr'><strong>de</strong></span> <span class='ocrx_word' id='word_1_544' title='bbox 3335 2814 3480 2859; x_wconf 86' lang='lat' dir='ltr'><strong>mea</strong></span> <span class='ocrx_word' id='word_1_545' title='bbox 3512 2793 3882 2861; x_wconf 84' lang='lat' dir='ltr'><strong>valetudine</strong></span> <span class='ocrx_word' id='word_1_546' title='bbox 3915 2795 4341 2875; x_wconf 80' lang='lat' dir='ltr'><strong>intellexisse,</strong></span> <span class='ocrx_word' id='word_1_547' title='bbox 4387 2799 4679 2882; x_wconf 86' lang='lat' dir='ltr'><strong>signaque</strong></span> 
     </span>
     <span class='ocr_line' id='line_1_78' title="bbox 2760 2879 4679 2967; baseline 0.001 -25"><span class='ocrx_word' id='word_1_548' title='bbox 2760 2879 2950 2943; x_wconf 88' lang='lat' dir='ltr'><strong>amici</strong></span> <span class='ocrx_word' id='word_1_549' title='bbox 2994 2889 3061 2944; x_wconf 87' lang='lat' dir='ltr'><strong>et</strong></span> <span class='ocrx_word' id='word_1_550' title='bbox 3104 2879 3398 2944; x_wconf 84' lang='lat' dir='ltr'><strong>benevoli</strong></span> <span class='ocrx_word' id='word_1_551' title='bbox 3442 2880 3726 2945; x_wconf 88' lang='lat' dir='ltr'><strong>hominis</strong></span> <span class='ocrx_word' id='word_1_552' title='bbox 3770 2880 4063 2946; x_wconf 88' lang='lat' dir='ltr'><strong>edidisse.</strong></span> <span class='ocrx_word' id='word_1_553' title='bbox 4153 2883 4347 2962; x_wconf 86' lang='lat' dir='ltr'><strong>Eum,</strong></span> <span class='ocrx_word' id='word_1_554' title='bbox 4392 2883 4542 2967; x_wconf 87' lang='lat' dir='ltr'><strong>quia</strong></span> <span class='ocrx_word' id='word_1_555' title='bbox 4580 2902 4679 2946; x_wconf 88' lang='lat' dir='ltr'><strong>ne-</strong></span> 
     </span>
     <span class='ocr_line' id='line_1_79' title="bbox 2759 2964 4682 3052; baseline 0.001 -24"><span class='ocrx_word' id='word_1_556' title='bbox 2759 2964 2938 3029; x_wconf 91' lang='lat' dir='ltr'><strong>mine</strong></span> <span class='ocrx_word' id='word_1_557' title='bbox 2980 2971 3234 3030; x_wconf 86' lang='lat' dir='ltr'><strong>tantum</strong></span> <span class='ocrx_word' id='word_1_558' title='bbox 3272 2972 3467 3030; x_wconf 90' lang='lat' dir='ltr'><strong>notus</strong></span> <span class='ocrx_word' id='word_1_559' title='bbox 3511 2973 3636 3044; x_wconf 91' lang='lat' dir='ltr'><strong>est,</strong></span> <span class='ocrx_word' id='word_1_560' title='bbox 3683 2987 3800 3049; x_wconf 90' lang='lat' dir='ltr'><strong>per</strong></span> <span class='ocrx_word' id='word_1_561' title='bbox 3844 2974 3911 3031; x_wconf 89' lang='lat' dir='ltr'><strong>te</strong></span> <span class='ocrx_word' id='word_1_562' title='bbox 3954 2975 4354 3033; x_wconf 80' lang='lat' dir='ltr'><strong>conventum</strong></span> <span class='ocrx_word' id='word_1_563' title='bbox 4399 2969 4580 3052; x_wconf 89' lang='lat' dir='ltr'><strong>cupio</strong></span> <span class='ocrx_word' id='word_1_564' title='bbox 4619 2974 4682 3031; x_wconf 88' lang='lat' dir='ltr'><strong>ut</strong></span> 
     </span>
     <span class='ocr_line' id='line_1_80' title="bbox 2760 3049 4680 3136; baseline 0.002 -24"><span class='ocrx_word' id='word_1_565' title='bbox 2760 3070 2845 3113; x_wconf 83' lang='lat' dir='ltr'><strong>ex</strong></span> <span class='ocrx_word' id='word_1_566' title='bbox 2888 3049 3118 3116; x_wconf 87' lang='lat' dir='ltr'><strong>charta</strong></span> <span class='ocrx_word' id='word_1_567' title='bbox 3150 3050 3255 3115; x_wconf 83' lang='lat' dir='ltr'><strong>his</strong></span> <span class='ocrx_word' id='word_1_568' title='bbox 3289 3050 3496 3116; x_wconf 89' lang='lat' dir='ltr'><strong>literis</strong></span> <span class='ocrx_word' id='word_1_569' title='bbox 3531 3051 3781 3118; x_wconf 88' lang='lat' dir='ltr'><strong>inclusa</strong></span> <span class='ocrx_word' id='word_1_570' title='bbox 3823 3052 4031 3117; x_wconf 90' lang='lat' dir='ltr'><strong>morbi</strong></span> <span class='ocrx_word' id='word_1_571' title='bbox 4068 3053 4332 3136; x_wconf 88' lang='lat' dir='ltr'><strong>ingenio</strong></span> <span class='ocrx_word' id='word_1_572' title='bbox 4370 3054 4680 3120; x_wconf 88' lang='lat' dir='ltr'><strong>intellecto</strong></span> 
     </span>
     <span class='ocr_line' id='line_1_81' title="bbox 2760 3136 4681 3223; baseline 0.002 -25"><span class='ocrx_word' id='word_1_573' title='bbox 2760 3136 2815 3199; x_wconf 90' lang='lat' dir='ltr'><strong>si</strong></span> <span class='ocrx_word' id='word_1_574' title='bbox 2879 3136 3034 3218; x_wconf 89' lang='lat' dir='ltr'><strong>quid</strong></span> <span class='ocrx_word' id='word_1_575' title='bbox 3090 3137 3341 3203; x_wconf 88' lang='lat' dir='ltr'><strong>consilii</strong></span> <span class='ocrx_word' id='word_1_576' title='bbox 3391 3136 3590 3204; x_wconf 89' lang='lat' dir='ltr'><strong>habet</strong></span> <span class='ocrx_word' id='word_1_577' title='bbox 3647 3138 3929 3222; x_wconf 82' lang='lat' dir='ltr'><strong>proferat</strong></span> <span class='ocrx_word' id='word_1_578' title='bbox 3982 3138 4364 3223; x_wconf 89' lang='lat' dir='ltr'><strong>hominique</strong></span> <span class='ocrx_word' id='word_1_579' title='bbox 4412 3162 4544 3207; x_wconf 93' lang='lat' dir='ltr'><strong>non</strong></span> <span class='ocrx_word' id='word_1_580' title='bbox 4594 3140 4681 3202; x_wconf 90' lang='lat' dir='ltr'><strong>in·</strong></span> 
     </span>
     <span class='ocr_line' id='line_1_82' title="bbox 2757 3223 4681 3369; baseline 0.001 -83"><span class='ocrx_word' id='word_1_581' title='bbox 2757 3229 2946 3369; x_wconf 58' lang='lat' dir='ltr'><strong>grato</strong></span> <span class='ocrx_word' id='word_1_582' title='bbox 3002 3224 3456 3290; x_wconf 90' lang='lat' dir='ltr'><strong>communicet.</strong></span> <span class='ocrx_word' id='word_1_583' title='bbox 3547 3223 3738 3304; x_wconf 81' lang='lat' dir='ltr'><strong>Quod</strong></span> <span class='ocrx_word' id='word_1_584' title='bbox 3795 3224 3915 3291; x_wconf 87' lang='lat' dir='ltr'><strong>has</strong></span> <span class='ocrx_word' id='word_1_585' title='bbox 3970 3233 4189 3308; x_wconf 88' lang='lat' dir='ltr'><strong>partes</strong></span> <span class='ocrx_word' id='word_1_586' title='bbox 4244 3225 4367 3291; x_wconf 92' lang='lat' dir='ltr'><strong>tibi</strong></span> <span class='ocrx_word' id='word_1_587' title='bbox 4430 3227 4681 3308; x_wconf 85' lang='lat' dir='ltr'><strong>iniungo</strong></span> 
     </span>
     <span class='ocr_line' id='line_1_83' title="bbox 2788 3308 4683 3396; baseline 0.001 -24"><span class='ocrx_word' id='word_1_588' title='bbox 2788 3308 2917 3374; x_wconf 85' lang='lat' dir='ltr'><strong>acit</strong></span> <span class='ocrx_word' id='word_1_589' title='bbox 2957 3309 3192 3394; x_wconf 90' lang='lat' dir='ltr'><strong>ingens</strong></span> <span class='ocrx_word' id='word_1_590' title='bbox 3235 3317 3348 3374; x_wconf 90' lang='lat' dir='ltr'><strong>tua</strong></span> <span class='ocrx_word' id='word_1_591' title='bbox 3389 3308 3782 3388; x_wconf 88' lang='lat' dir='ltr'><strong>humanitas,</strong></span> <span class='ocrx_word' id='word_1_592' title='bbox 3830 3309 3909 3374; x_wconf 88' lang='lat' dir='ltr'><strong>de</strong></span> <span class='ocrx_word' id='word_1_593' title='bbox 3944 3332 4072 3393; x_wconf 89' lang='lat' dir='ltr'><strong>qua</strong></span> <span class='ocrx_word' id='word_1_594' title='bbox 4116 3311 4364 3395; x_wconf 90' lang='lat' dir='ltr'><strong>pudore</strong></span> <span class='ocrx_word' id='word_1_595' title='bbox 4412 3311 4683 3396; x_wconf 88' lang='lat' dir='ltr'><strong>deposito</strong></span> 
     </span>
     <span class='ocr_line' id='line_1_84' title="bbox 2758 3394 4684 3480; baseline 0.001 -22"><span class='ocrx_word' id='word_1_596' title='bbox 2758 3394 2978 3458; x_wconf 89' lang='lat' dir='ltr'><strong>omnia</strong></span> <span class='ocrx_word' id='word_1_597' title='bbox 3029 3395 3192 3459; x_wconf 89' lang='lat' dir='ltr'><strong>mihi</strong></span> <span class='ocrx_word' id='word_1_598' title='bbox 3252 3395 3573 3478; x_wconf 86' lang='lat' dir='ltr'><strong>polliceor.</strong></span> <span class='ocrx_word' id='word_1_599' title='bbox 3674 3395 3798 3462; x_wconf 82' lang='lat' dir='ltr'><strong>Est</strong></span> <span class='ocrx_word' id='word_1_600' title='bbox 3854 3395 3984 3461; x_wconf 86' lang='lat' dir='ltr'><strong>alia</strong></span> <span class='ocrx_word' id='word_1_601' title='bbox 4039 3418 4291 3480; x_wconf 89' lang='lat' dir='ltr'><strong>quoque</strong></span> <span class='ocrx_word' id='word_1_602' title='bbox 4355 3399 4520 3463; x_wconf 88' lang='lat' dir='ltr'><strong>ratio</strong></span> <span class='ocrx_word' id='word_1_603' title='bbox 4580 3416 4684 3462; x_wconf 90' lang='lat' dir='ltr'><strong>cur</strong></span> 
     </span>
     <span class='ocr_line' id='line_1_85' title="bbox 2757 3478 4680 3569; baseline 0.001 -25"><span class='ocrx_word' id='word_1_604' title='bbox 2757 3478 2884 3545; x_wconf 88' lang='lat' dir='ltr'><strong>hoe</strong></span> <span class='ocrx_word' id='word_1_605' title='bbox 2925 3500 3137 3566; x_wconf 82' lang='lat' dir='ltr'><strong>genus</strong></span> <span class='ocrx_word' id='word_1_606' title='bbox 3178 3480 3373 3546; x_wconf 90' lang='lat' dir='ltr'><strong>officii</strong></span> <span class='ocrx_word' id='word_1_607' title='bbox 3407 3479 3522 3545; x_wconf 87' lang='lat' dir='ltr'><strong>tibi</strong></span> <span class='ocrx_word' id='word_1_608' title='bbox 3566 3480 3933 3567; x_wconf 88' lang='lat' dir='ltr'><strong>iniungam:</strong></span> <span class='ocrx_word' id='word_1_609' title='bbox 3981 3503 4215 3566; x_wconf 90' lang='lat' dir='ltr'><strong>nempe</strong></span> <span class='ocrx_word' id='word_1_610' title='bbox 4301 3483 4454 3562; x_wconf 89' lang='lat' dir='ltr'><strong>uod,</strong></span> <span class='ocrx_word' id='word_1_611' title='bbox 4498 3502 4680 3569; x_wconf 70' lang='lat' dir='ltr'><strong>quum</strong></span> 
     </span>
     <span class='ocr_line' id='line_1_86' title="bbox 2757 3566 4683 3652; baseline 0.001 -22"><span class='ocrx_word' id='word_1_612' title='bbox 2757 3586 2875 3648; x_wconf 90' lang='lat' dir='ltr'><strong>per</strong></span> <span class='ocrx_word' id='word_1_613' title='bbox 2918 3573 2985 3630; x_wconf 89' lang='lat' dir='ltr'><strong>te</strong></span> <span class='ocrx_word' id='word_1_614' title='bbox 3027 3566 3099 3631; x_wconf 91' lang='lat' dir='ltr'><strong>in</strong></span> <span class='ocrx_word' id='word_1_615' title='bbox 3143 3566 3510 3650; x_wconf 82' lang='lat' dir='ltr'><strong>cognitione</strong></span> <span class='ocrx_word' id='word_1_616' title='bbox 3553 3566 3779 3632; x_wconf 86' lang='lat' dir='ltr'><strong>salutis</strong></span> <span class='ocrx_word' id='word_1_617' title='bbox 3815 3576 4117 3633; x_wconf 85' lang='lat' dir='ltr'><strong>aeternae</strong></span> <span class='ocrx_word' id='word_1_618' title='bbox 4161 3590 4271 3634; x_wconf 93' lang='lat' dir='ltr'><strong>mu</strong></span> <span class='ocrx_word' id='word_1_619' title='bbox 4299 3576 4449 3635; x_wconf 92' lang='lat' dir='ltr'><strong>tum</strong></span> <span class='ocrx_word' id='word_1_620' title='bbox 4489 3566 4683 3652; x_wconf 81' lang='lat' dir='ltr'><strong>profe-</strong></span> 
     </span>
     <span class='ocr_line' id='line_1_87' title="bbox 2759 3650 4685 3739; baseline -0.002 -22"><span class='ocrx_word' id='word_1_621' title='bbox 2759 3650 2980 3729; x_wconf 89' lang='lat' dir='ltr'><strong>cerim,</strong></span> <span class='ocrx_word' id='word_1_622' title='bbox 3026 3652 3310 3735; x_wconf 89' lang='lat' dir='ltr'><strong>corporis</strong></span> <span class='ocrx_word' id='word_1_623' title='bbox 3353 3673 3608 3735; x_wconf 87' lang='lat' dir='ltr'><strong>quoque</strong></span> <span class='ocrx_word' id='word_1_624' title='bbox 3663 3672 3886 3717; x_wconf 89' lang='lat' dir='ltr'><strong>curam</strong></span> <span class='ocrx_word' id='word_1_625' title='bbox 3930 3663 3996 3718; x_wconf 92' lang='lat' dir='ltr'><strong>et</strong></span> <span class='ocrx_word' id='word_1_626' title='bbox 4038 3652 4320 3719; x_wconf 89' lang='lat' dir='ltr'><strong>salutem</strong></span> <span class='ocrx_word' id='word_1_627' title='bbox 4362 3677 4482 3739; x_wconf 88' lang='lat' dir='ltr'><strong>per</strong></span> <span class='ocrx_word' id='word_1_628' title='bbox 4524 3661 4586 3719; x_wconf 83' lang='lat' dir='ltr'><strong>te</strong></span> <span class='ocrx_word' id='word_1_629' title='bbox 4626 3661 4685 3717; x_wconf 86' lang='lat' dir='ltr'><strong>et</strong></span> 
     </span>
     <span class='ocr_line' id='line_1_88' title="bbox 2757 3736 4682 3820; baseline 0.001 -19"><span class='ocrx_word' id='word_1_630' title='bbox 2757 3737 2858 3801; x_wconf 89' lang='lat' dir='ltr'><strong>tui</strong></span> <span class='ocrx_word' id='word_1_631' title='bbox 2903 3736 3149 3802; x_wconf 88' lang='lat' dir='ltr'><strong>similes</strong></span> <span class='ocrx_word' id='word_1_632' title='bbox 3204 3738 3598 3819; x_wconf 86' lang='lat' dir='ltr'><strong>auspicatius</strong></span> <span class='ocrx_word' id='word_1_633' title='bbox 3651 3759 3759 3803; x_wconf 91' lang='lat' dir='ltr'><strong>me</strong></span> <span class='ocrx_word' id='word_1_634' title='bbox 3810 3747 4312 3820; x_wconf 88' lang='lat' dir='ltr'><strong>procuraturum</strong></span> <span class='ocrx_word' id='word_1_635' title='bbox 4357 3739 4682 3814; x_wconf 87' lang='lat' dir='ltr'><strong>confidam,</strong></span> 
     </span>
     <span class='ocr_line' id='line_1_89' title="bbox 2757 3823 4683 3911; baseline 0.001 -25"><span class='ocrx_word' id='word_1_636' title='bbox 2757 3823 3045 3887; x_wconf 83' lang='lat' dir='ltr'><strong>maxime</strong></span> <span class='ocrx_word' id='word_1_637' title='bbox 3081 3823 3139 3888; x_wconf 89' lang='lat' dir='ltr'><strong>si</strong></span> <span class='ocrx_word' id='word_1_638' title='bbox 3170 3824 3316 3906; x_wconf 89' lang='lat' dir='ltr'><strong>piae</strong></span> <span class='ocrx_word' id='word_1_639' title='bbox 3355 3824 3680 3890; x_wconf 88' lang='lat' dir='ltr'><strong>orationes</strong></span> <span class='ocrx_word' id='word_1_640' title='bbox 3724 3826 4126 3890; x_wconf 86' lang='lat' dir='ltr'><strong>accesserint.</strong></span> <span class='ocrx_word' id='word_1_641' title='bbox 4194 3825 4683 3911; x_wconf 90' lang='lat' dir='ltr'><strong>Diligentiorem</strong></span> 
     </span>
     <span class='ocr_line' id='line_1_90' title="bbox 2755 3908 4684 3993; baseline -0.001 -20"><span class='ocrx_word' id='word_1_642' title='bbox 2755 3915 3092 3991; x_wconf 89' lang='lat' dir='ltr'><strong>praeterea</strong></span> <span class='ocrx_word' id='word_1_643' title='bbox 3153 3917 3218 3973; x_wconf 90' lang='lat' dir='ltr'><strong>te</strong></span> <span class='ocrx_word' id='word_1_644' title='bbox 3260 3910 3588 3974; x_wconf 90' lang='lat' dir='ltr'><strong>neminem</strong></span> <span class='ocrx_word' id='word_1_645' title='bbox 3631 3908 3793 3988; x_wconf 93' lang='lat' dir='ltr'><strong>scio,</strong></span> <span class='ocrx_word' id='word_1_646' title='bbox 3861 3910 3969 3974; x_wconf 84' lang='lat' dir='ltr'><strong>vel</strong></span> <span class='ocrx_word' id='word_1_647' title='bbox 4016 3932 4054 3975; x_wconf 86' lang='lat' dir='ltr'><strong>a</strong></span> <span class='ocrx_word' id='word_1_648' title='bbox 4096 3932 4221 3993; x_wconf 92' lang='lat' dir='ltr'><strong>quo</strong></span> <span class='ocrx_word' id='word_1_649' title='bbox 4266 3912 4336 3975; x_wconf 90' lang='lat' dir='ltr'><strong>in</strong></span> <span class='ocrx_word' id='word_1_650' title='bbox 4384 3933 4457 3977; x_wconf 92' lang='lat' dir='ltr'><strong>re</strong></span> <span class='ocrx_word' id='word_1_651' title='bbox 4503 3910 4684 3976; x_wconf 80' lang='lat' dir='ltr'><strong>anxia</strong></span> 
     </span>
     <span class='ocr_line' id='line_1_91' title="bbox 2758 3994 4680 4077; baseline -0.001 -19"><span class='ocrx_word' id='word_1_652' title='bbox 2758 4000 2823 4058; x_wconf 90' lang='lat' dir='ltr'><strong>et</strong></span> <span class='ocrx_word' id='word_1_653' title='bbox 2878 3995 3013 4059; x_wconf 86' lang='lat' dir='ltr'><strong>fere</strong></span> <span class='ocrx_word' id='word_1_654' title='bbox 3068 3994 3405 4077; x_wconf 89' lang='lat' dir='ltr'><strong>praecipiti</strong></span> <span class='ocrx_word' id='word_1_655' title='bbox 3465 4014 3850 4077; x_wconf 89' lang='lat' dir='ltr'><strong>responsum</strong></span> <span class='ocrx_word' id='word_1_656' title='bbox 3905 4016 4011 4060; x_wconf 91' lang='lat' dir='ltr'><strong>me</strong></span> <span class='ocrx_word' id='word_1_657' title='bbox 4069 3997 4258 4062; x_wconf 87' lang='lat' dir='ltr'><strong>citius</strong></span> <span class='ocrx_word' id='word_1_658' title='bbox 4315 3997 4680 4063; x_wconf 88' lang='lat' dir='ltr'><strong>habiturum</strong></span> 
     </span>
     <span class='ocr_line' id='line_1_92' title="bbox 2756 4078 4684 4165; baseline 0 -21"><span class='ocrx_word' id='word_1_659' title='bbox 2756 4079 3099 4144; x_wconf 89' lang='lat' dir='ltr'><strong>confidam.</strong></span> <span class='ocrx_word' id='word_1_660' title='bbox 3187 4078 3265 4146; x_wconf 82' lang='lat' dir='ltr'><strong>Si</strong></span> <span class='ocrx_word' id='word_1_661' title='bbox 3298 4088 3629 4163; x_wconf 83' lang='lat' dir='ltr'><strong>putassem</strong></span> <span class='ocrx_word' id='word_1_662' title='bbox 3679 4080 3992 4146; x_wconf 77' lang='lat' dir='ltr'><strong>Textorem</strong></span> <span class='ocrx_word' id='word_1_663' title='bbox 4028 4082 4097 4146; x_wconf 90' lang='lat' dir='ltr'><strong>in</strong></span> <span class='ocrx_word' id='word_1_664' title='bbox 4142 4083 4303 4148; x_wconf 88' lang='lat' dir='ltr'><strong>urbe</strong></span> <span class='ocrx_word' id='word_1_665' title='bbox 4339 4104 4502 4161; x_wconf 87' lang='lat' dir='ltr'><strong>esse,</strong></span> <span class='ocrx_word' id='word_1_666' title='bbox 4545 4081 4684 4165; x_wconf 88' lang='lat' dir='ltr'><strong>quia</strong></span> 
     </span>
     <span class='ocr_line' id='line_1_93' title="bbox 2757 4165 4682 4249; baseline 0 -20"><span class='ocrx_word' id='word_1_667' title='bbox 2757 4166 2993 4230; x_wconf 87' lang='lat' dir='ltr'><strong>harum</strong></span> <span class='ocrx_word' id='word_1_668' title='bbox 3036 4185 3259 4231; x_wconf 89' lang='lat' dir='ltr'><strong>rerum</strong></span> <span class='ocrx_word' id='word_1_669' title='bbox 3312 4165 3562 4249; x_wconf 89' lang='lat' dir='ltr'><strong>peritus</strong></span> <span class='ocrx_word' id='word_1_670' title='bbox 3605 4174 3736 4242; x_wconf 89' lang='lat' dir='ltr'><strong>est,</strong></span> <span class='ocrx_word' id='word_1_671' title='bbox 3795 4167 4124 4249; x_wconf 89' lang='lat' dir='ltr'><strong>petiissem</strong></span> <span class='ocrx_word' id='word_1_672' title='bbox 4185 4169 4264 4233; x_wconf 82' lang='lat' dir='ltr'><strong>ab</strong></span> <span class='ocrx_word' id='word_1_673' title='bbox 4310 4190 4386 4235; x_wconf 90' lang='lat' dir='ltr'><strong>eo</strong></span> <span class='ocrx_word' id='word_1_674' title='bbox 4432 4175 4507 4233; x_wconf 94' lang='lat' dir='ltr'><strong>ut</strong></span> <span class='ocrx_word' id='word_1_675' title='bbox 4548 4185 4682 4234; x_wconf 88' lang='lat' dir='ltr'><strong>cum</strong></span> 
     </span>
     <span class='ocr_line' id='line_1_94' title="bbox 2752 4249 4684 4336; baseline 0 -22"><span class='ocrx_word' id='word_1_676' title='bbox 2752 4249 2878 4315; x_wconf 89' lang='lat' dir='ltr'><strong>hoc</strong></span> <span class='ocrx_word' id='word_1_677' title='bbox 2922 4258 3147 4315; x_wconf 90' lang='lat' dir='ltr'><strong>nostro</strong></span> <span class='ocrx_word' id='word_1_678' title='bbox 3189 4251 3438 4318; x_wconf 87' lang='lat' dir='ltr'><strong>medico</strong></span> <span class='ocrx_word' id='word_1_679' title='bbox 3481 4272 3620 4316; x_wconf 91' lang='lat' dir='ltr'><strong>rem</strong></span> <span class='ocrx_word' id='word_1_680' title='bbox 3663 4270 3922 4316; x_wconf 90' lang='lat' dir='ltr'><strong>omnem</strong></span> <span class='ocrx_word' id='word_1_681' title='bbox 3967 4255 4311 4318; x_wconf 84' lang='lat' dir='ltr'><strong>conferret:</strong></span> <span class='ocrx_word' id='word_1_682' title='bbox 4383 4253 4503 4319; x_wconf 90' lang='lat' dir='ltr'><strong>sed</strong></span> <span class='ocrx_word' id='word_1_683' title='bbox 4545 4251 4684 4336; x_wconf 88' lang='lat' dir='ltr'><strong>quia</strong></span> 
     </span>
     <span class='ocr_line' id='line_1_95' title="bbox 2754 4335 4680 4423; baseline 0 -21"><span class='ocrx_word' id='word_1_684' title='bbox 2754 4356 2947 4419; x_wconf 86' lang='lat' dir='ltr'><strong>saepe</strong></span> <span class='ocrx_word' id='word_1_685' title='bbox 2992 4336 3226 4403; x_wconf 90' lang='lat' dir='ltr'><strong>absens</strong></span> <span class='ocrx_word' id='word_1_686' title='bbox 3269 4344 3369 4403; x_wconf 89' lang='lat' dir='ltr'><strong>est</strong></span> <span class='ocrx_word' id='word_1_687' title='bbox 3409 4336 3528 4402; x_wconf 91' lang='lat' dir='ltr'><strong>tibi</strong></span> <span class='ocrx_word' id='word_1_688' title='bbox 3570 4335 3880 4402; x_wconf 84' lang='lat' dir='ltr'><strong>molestus</strong></span> <span class='ocrx_word' id='word_1_689' title='bbox 3916 4359 4057 4403; x_wconf 80' lang='lat' dir='ltr'><strong>esse</strong></span> <span class='ocrx_word' id='word_1_690' title='bbox 4092 4359 4300 4423; x_wconf 87' lang='lat' dir='ltr'><strong>cogor.</strong></span> <span class='ocrx_word' id='word_1_691' title='bbox 4395 4338 4532 4405; x_wconf 83' lang='lat' dir='ltr'><strong>Sed</strong></span> <span class='ocrx_word' id='word_1_692' title='bbox 4574 4338 4680 4413; x_wconf 78' lang='lat' dir='ltr'><strong>fac,</strong></span> 
     </span>
     <span class='ocr_line' id='line_1_96' title="bbox 2755 4422 4684 4505; baseline -0.001 -19"><span class='ocrx_word' id='word_1_693' title='bbox 2755 4442 3024 4505; x_wconf 86' lang='lat' dir='ltr'><strong>quaese,</strong></span> <span class='ocrx_word' id='word_1_694' title='bbox 3091 4443 3197 4488; x_wconf 92' lang='lat' dir='ltr'><strong>me</strong></span> <span class='ocrx_word' id='word_1_695' title='bbox 3253 4442 3506 4505; x_wconf 90' lang='lat' dir='ltr'><strong>quoque</strong></span> <span class='ocrx_word' id='word_1_696' title='bbox 3563 4422 3770 4488; x_wconf 85' lang='lat' dir='ltr'><strong>utaris</strong></span> <span class='ocrx_word' id='word_1_697' title='bbox 3826 4424 3898 4487; x_wconf 90' lang='lat' dir='ltr'><strong>in</strong></span> <span class='ocrx_word' id='word_1_698' title='bbox 3951 4423 4145 4489; x_wconf 89' lang='lat' dir='ltr'><strong>rebus</strong></span> <span class='ocrx_word' id='word_1_699' title='bbox 4201 4424 4334 4488; x_wconf 87' lang='lat' dir='ltr'><strong>tuis</strong></span> <span class='ocrx_word' id='word_1_700' title='bbox 4391 4422 4684 4490; x_wconf 87' lang='lat' dir='ltr'><strong>omnibus</strong></span> 
     </span>
     <span class='ocr_line' id='line_1_97' title="bbox 2755 4507 4682 4593; baseline 0.002 -24"><span class='ocrx_word' id='word_1_701' title='bbox 2755 4514 2892 4571; x_wconf 90' lang='lat' dir='ltr'><strong>tam</strong></span> <span class='ocrx_word' id='word_1_702' title='bbox 2946 4507 3356 4573; x_wconf 86' lang='lat' dir='ltr'><strong>familiariter</strong></span> <span class='ocrx_word' id='word_1_703' title='bbox 3414 4528 3612 4590; x_wconf 90' lang='lat' dir='ltr'><strong>quam</strong></span> <span class='ocrx_word' id='word_1_704' title='bbox 3675 4528 3795 4593; x_wconf 89' lang='lat' dir='ltr'><strong>ego</strong></span> <span class='ocrx_word' id='word_1_705' title='bbox 3851 4511 4058 4593; x_wconf 91' lang='lat' dir='ltr'><strong>cupi0.</strong></span> <span class='ocrx_word' id='word_1_706' title='bbox 4159 4510 4344 4576; x_wconf 85' lang='lat' dir='ltr'><strong>Vale.</strong></span> <span class='ocrx_word' id='word_1_707' title='bbox 4438 4510 4682 4575; x_wconf 81' lang='lat' dir='ltr'><strong>Beruae</strong></span> 
     </span>
     <span class='ocr_line' id='line_1_98' title="bbox 2763 4592 4229 4679; baseline 0.003 -25"><span class='ocrx_word' id='word_1_708' title='bbox 2763 4596 2856 4657; x_wconf 88' lang='lat'><strong>13.</strong></span> <span class='ocrx_word' id='word_1_709' title='bbox 2905 4594 3194 4679; x_wconf 86' lang='lat' dir='ltr'><strong>Augusti</strong></span> <span class='ocrx_word' id='word_1_710' title='bbox 3246 4595 3406 4656; x_wconf 84' lang='lat'>1552</span> <span class='ocrx_word' id='word_1_711' title='bbox 3453 4614 3489 4657; x_wconf 93' lang='lat' dir='ltr'><strong>e</strong></span> <span class='ocrx_word' id='word_1_712' title='bbox 3530 4592 3696 4659; x_wconf 85' lang='lat' dir='ltr'><strong>lecto</strong></span> <span class='ocrx_word' id='word_1_713' title='bbox 3741 4603 3807 4660; x_wconf 86' lang='lat' dir='ltr'><strong>et</strong></span> <span class='ocrx_word' id='word_1_714' title='bbox 3848 4616 4051 4661; x_wconf 89' lang='lat' dir='ltr'><strong>manu</strong></span> <span class='ocrx_word' id='word_1_715' title='bbox 4092 4595 4229 4662; x_wconf 84' lang='lat' dir='ltr'><strong>filii.</strong></span> 
     </span>
    </p>
   </div>
   <div class='ocr_carea' id='block_1_15' title="bbox 2797 4697 4680 4878">
    <p class='ocr_par' dir='ltr' id='par_1_16' title="bbox 2797 4697 4680 4878">
     <span class='ocr_line' id='line_1_99' title="bbox 3716 4697 4283 4765; baseline 0.005 -3"><span class='ocrx_word' id='word_1_716' title='bbox 3716 4697 3895 4763; x_wconf 70' lang='lat' dir='ltr'><strong>Tuus</strong></span> <span class='ocrx_word' id='word_1_717' title='bbox 3939 4718 4019 4762; x_wconf 84' lang='lat' dir='ltr'><strong>ex</strong></span> <span class='ocrx_word' id='word_1_718' title='bbox 4063 4698 4283 4765; x_wconf 88' lang='lat' dir='ltr'><strong>animo</strong></span> 
     </span>
     <span class='ocr_line' id='line_1_100' title="bbox 2797 4782 4680 4878; baseline -0.007 -18"><span class='ocrx_word' id='word_1_719' title='bbox 2797 4872 2830 4878; x_wconf 30' lang='lat' dir='ltr'>e</span> <span class='ocrx_word' id='word_1_720' title='bbox 2865 4871 3162 4878; x_wconf 35' lang='lat' dir='ltr'><strong>mmm*</strong></span> <span class='ocrx_word' id='word_1_721' title='bbox 3859 4782 3925 4847; x_wconf 83' lang='lat' dir='ltr'>N</span> <span class='ocrx_word' id='word_1_722' title='bbox 3925 4783 4166 4850; x_wconf 89' lang='lat' dir='ltr'><strong>icolaus</strong></span> <span class='ocrx_word' id='word_1_723' title='bbox 4210 4785 4611 4851; x_wconf 86' lang='lat' dir='ltr'><strong>Zerchintes.</strong></span> <span class='ocrx_word' id='word_1_724' title='bbox 4631 4785 4680 4858; x_wconf 75' lang='lat'><strong>³)</strong></span> 
     </span>
    </p>
   </div>
   <div class='ocr_carea' id='block_1_16' title="bbox 2753 4873 4685 5326">
    <p class='ocr_par' dir='ltr' id='par_1_17' title="bbox 2753 4873 4685 5326">
     <span class='ocr_line' id='line_1_101' title="bbox 2754 4873 4684 4990; baseline 0 -19"><span class='ocrx_word' id='word_1_725' title='bbox 2754 4873 3019 4982; x_wconf 73' lang='grc'>1645.1)</span> <span class='ocrx_word' id='word_1_726' title='bbox 3058 4915 3496 4973; x_wconf 69' lang='lat' dir='ltr'><strong>Dehoemorbo</strong></span> <span class='ocrx_word' id='word_1_727' title='bbox 3531 4918 4289 4988; x_wconf 66' lang='lat' dir='ltr'><strong>dequekqatioeoealaazzbn·</strong></span> <span class='ocrx_word' id='word_1_728' title='bbox 4327 4921 4684 4990; x_wconf 59' lang='lat' dir='ltr'><strong>ailiam-‘nse</strong></span> 
     </span>
     <span class='ocr_line' id='line_1_102' title="bbox 2753 4985 4685 5123; baseline 0 -82"><span class='ocrx_word' id='word_1_729' title='bbox 2753 4985 3622 5123; x_wconf 39' lang='lat' dir='ltr'><strong>mnriwffluemaffztpwm</strong></span> <span class='ocrx_word' id='word_1_730' title='bbox 3655 4988 3717 5042; x_wconf 70' lang='lat' dir='ltr'><strong>in</strong></span> <span class='ocrx_word' id='word_1_731' title='bbox 3737 4988 3976 5043; x_wconf 68' lang='lat' dir='ltr'><strong>Rullum·</strong></span> <span class='ocrx_word' id='word_1_732' title='bbox 4012 4989 4081 5044; x_wconf 77' lang='lat' dir='ltr'><strong>de</strong></span> <span class='ocrx_word' id='word_1_733' title='bbox 4103 4990 4260 5046; x_wconf 70' lang='lat' dir='ltr'><strong>l&#39;hc&#39;st.</strong></span> <span class='ocrx_word' id='word_1_734' title='bbox 4279 4992 4357 5047; x_wconf 72' lang='grc' dir='ltr'><strong>ἀι</strong></span> <span class='ocrx_word' id='word_1_735' title='bbox 4371 4997 4520 5060; x_wconf 70' lang='lat' dir='ltr'><strong>prot.</strong></span> <span class='ocrx_word' id='word_1_736' title='bbox 4557 4986 4685 5043; x_wconf 76' lang='lat'>1874</span> 
     </span>
     <span class='ocr_line' id='line_1_103' title="bbox 2753 5122 4684 5275; baseline 0.002 -30"><span class='ocrx_word' id='word_1_737' title='bbox 2753 5197 2875 5245; x_wconf 71' lang='lat' dir='ltr'><strong>tem·</strong></span> <span class='ocrx_word' id='word_1_738' title='bbox 2909 5122 3274 5275; x_wconf 58' lang='lat' dir='ltr'><strong>02⁸2)me220</strong></span> <span class='ocrx_word' id='word_1_739' title='bbox 3305 5123 3399 5248; x_wconf 70' lang='lat' dir='ltr'><strong>&amp;S</strong></span> <span class='ocrx_word' id='word_1_740' title='bbox 3475 5210 3564 5263; x_wconf 76' lang='lat' dir='ltr'><strong>on,</strong></span> <span class='ocrx_word' id='word_1_741' title='bbox 3596 5124 4109 5261; x_wconf 47' lang='lat' dir='ltr'><strong>rwff‘hffbuffffsse</strong></span> <span class='ocrx_word' id='word_1_742' title='bbox 4123 5142 4352 5253; x_wconf 53' lang='lat' dir='ltr'><strong>egenae</strong></span> <span class='ocrx_word' id='word_1_743' title='bbox 4384 5197 4438 5252; x_wconf 81' lang='lat' dir='ltr'><strong>le</strong></span> <span class='ocrx_word' id='word_1_744' title='bbox 4469 5143 4541 5251; x_wconf 69' lang='lat'><strong>⁸2⁸4</strong></span> <span class='ocrx_word' id='word_1_745' title='bbox 4561 5125 4684 5250; x_wconf 51' lang='lat' dir='ltr'><strong>digent</strong></span> 
     </span>
     <span class='ocr_line' id='line_1_104' title="bbox 2753 5259 3502 5326; baseline 0.004 -14"><span class='ocrx_word' id='word_1_746' title='bbox 2753 5259 2905 5326; x_wconf 69' lang='lat' dir='ltr'><strong>low,</strong></span> <span class='ocrx_word' id='word_1_747' title='bbox 2939 5261 3222 5326; x_wconf 66' lang='lat' dir='ltr'><strong>bow-aeota</strong></span> <span class='ocrx_word' id='word_1_748' title='bbox 3250 5279 3320 5317; x_wconf 76' lang='lat' dir='ltr'><strong>en</strong></span> <span class='ocrx_word' id='word_1_749' title='bbox 3353 5262 3384 5314; x_wconf 91' lang='lat'>1</span> <span class='ocrx_word' id='word_1_750' title='bbox 3454 5265 3502 5317; x_wconf 84' lang='lat'><strong>5.</strong></span> 
     </span>
    </p>
   </div>
   <div class='ocr_carea' id='block_1_17' title="bbox 2962 5328 4359 5404">
    <p class='ocr_par' dir='ltr' id='par_1_18' title="bbox 2962 5328 4359 5404">
     <span class='ocr_line' id='line_1_105' title="bbox 2962 5328 4359 5404; baseline -0.006 -10"><span class='ocrx_word' id='word_1_751' title='bbox 2962 5328 3023 5394; x_wconf 84' lang='grc'><strong>3)</strong></span> <span class='ocrx_word' id='word_1_752' title='bbox 3061 5329 3397 5401; x_wconf 69' lang='lat' dir='ltr'><strong>Subscriptio</strong></span> <span class='ocrx_word' id='word_1_753' title='bbox 3426 5338 3479 5387; x_wconf 75' lang='lat' dir='ltr'><strong>et</strong></span> <span class='ocrx_word' id='word_1_754' title='bbox 3503 5331 3885 5402; x_wconf 57' lang='lat' dir='ltr'><strong>posuerimus}</strong></span> <span class='ocrx_word' id='word_1_755' title='bbox 3914 5350 4085 5390; x_wconf 64' lang='lat' dir='ltr'><strong>mama</strong></span> <span class='ocrx_word' id='word_1_756' title='bbox 4109 5336 4359 5404; x_wconf 72' lang='lat' dir='ltr'><strong>propria.</strong></span> 
     </span>
    </p>
   </div>
  </div>
 </body>
</html>
