4900 6167
247 431 348 492 677

238 618 376 694 cide,
416 614 722 693 modeste,
766 623 832 682 et
866 616 1192 700 patienter
1227 638 1455 683 omnes
1489 617 1913 703 indignitates
1957 618 2157 685 devo-

241 705 518 780 raverint,
563 702 800 785 quibus
845 701 1102 787 asylum
1161 704 1231 767 in
1291 722 1597 788 promptu
1656 717 1830 783 erat,
1889 727 1972 771 ne
2027 706 2159 788 ipsi

239 788 469 872 quidem
512 789 899 854 iniuriarum
942 797 1205 854 autores
1249 811 1490 875 negare
1541 800 1867 874 poterunt.
1958 791 2155 859 Nunc

240 876 307 941 ad
344 895 662 941 summum
710 875 1008 958 pervenit
1045 876 1356 958 nequitia,
1415 887 1488 941 ut
1529 878 1707 941 omni
1750 876 2000 961 pudore
2041 899 2153 944 ex-

236 982 399 1027 cusso
447 959 765 1043 templum
809 961 1081 1025 Domini
1139 962 1207 1026 in
1267 963 1546 1046 lupanar
1600 974 1985 1028 convertere
2043 964 2154 1029 ob·

236 1048 446 1114 atinate
484 1048 765 1129 cupiant.
857 1048 1076 1129 Atque
1133 1057 1208 1110 ut
1259 1049 1514 1125 sciatis,
1570 1068 1764 1130 quam
1819 1048 2011 1113 foeda
2069 1051 2158 1114 sit

235 1131 600 1210 deformitas,
645 1152 851 1214 quum
896 1133 1003 1196 hic
1046 1153 1256 1216 nuper
1299 1150 1470 1199 esset
1511 1133 1717 1199 frater
1760 1146 1985 1200 noster
2029 1134 2159 1201 Fa-

232 1216 420 1295 relliae,
463 1218 565 1283 cui
608 1240 677 1284 se
722 1228 888 1283 totos
946 1217 1210 1293 debent,
1271 1229 1350 1283 ut
1403 1221 1562 1284 satis
1618 1220 1857 1298 nostis,
1914 1231 1981 1286 et
2036 1243 2155 1306 pro

232 1302 354 1367 iure
395 1324 512 1368 suo
555 1324 665 1369 eos
710 1303 913 1369 libere
968 1317 1296 1383 moneret,
1354 1312 1578 1370 tantus
1633 1306 1703 1369 in
1762 1327 1913 1370 eum
1973 1309 2154 1371 furor

232 1390 473 1466 exarsit,
520 1399 597 1455 ut
638 1390 916 1471 capitale
965 1389 1280 1455 iudicium
1327 1392 1395 1454 in
1456 1412 1605 1455 eum
1650 1392 1981 1456 intentare
2021 1414 2149 1457 non

232 1476 347 1539 sint
400 1475 611 1540 veriti.
645 1479 728 1551 ¹¹)
842 1475 998 1542 Scio
1050 1475 1351 1559 equidem
1421 1496 1554 1540 non
1612 1476 1847 1542 debere
1902 1498 2147 1542 novum

229 1561 433 1642 videri,
476 1566 533 1628 si
578 1563 989 1646 reperiantur
1021 1564 1088 1626 in
1124 1563 1287 1627 urbe
1332 1561 1537 1628 libera
1571 1562 1816 1627 factiosi
1854 1562 2153 1629 homines

228 1648 324 1732 qui
375 1648 602 1714 turbas
659 1650 1006 1715 concitent.
1097 1647 1229 1712 Sed
1286 1645 1683 1731 deploranda
1731 1658 1833 1713 est
1886 1659 2153 1716 senatus

228 1735 415 1798 nostri
458 1735 769 1811 caecitas,
827 1733 1001 1816 quod
1059 1733 1379 1799 libertatis
1425 1755 1581 1798 suae
1625 1744 1875 1816 patrem
1922 1747 1989 1799 et
2035 1757 2150 1819 pa—

227 1828 377 1884 trem
411 1821 607 1886 huius
644 1820 953 1886 ecelesiae
993 1819 1117 1885 sibi
1152 1841 1337 1883 reum
1378 1841 1611 1885 causae
1646 1819 1942 1902 capitalis
1976 1821 2151 1885 mitti

227 1926 261 1969 a
316 1905 862 1972 Neoeomensibus
928 1907 1235 1988 poposcit.
1343 1905 1647 1972 Dedecus
1709 1906 1907 1972 huius
1972 1906 2151 1973 urbis

265 1993 496 2057 referre
540 2013 761 2074 cogor,
797 1991 967 2074 quod
1011 1995 1333 2075 sanguine
1378 2013 1519 2056 meo
1566 1991 1781 2057 delere
1824 2013 2148 2077 cuperem.

282 2078 409 2141 enit
454 2077 779 2144 Far-ellus:
827 2087 1175 2159 antequam
1202 2078 1285 2161 ¹³)
1320 2076 1546 2141 urbem
1582 2077 1923 2162 ingressus
1958 2088 2150 2155 esset,

224 2161 628 2230 denunciavit
672 2163 847 2229 domi
891 2184 1076 2228 meae
1132 2184 1169 2228 a
1218 2163 1466 2246 paritor
1509 2175 1805 2241 senatus,
1866 2186 1951 2230 ne
1995 2186 2153 2264 sug-

223 2258 461 2330 gestum
508 2248 992 2316 conscenderet.
1083 2248 1184 2314 Re
1213 2251 1365 2332 iqua
1409 2270 1539 2313 non
1570 2271 1950 2333 persequor:
1999 2272 2153 2334 quia

224 2335 365 2401 satis
412 2344 516 2401 est
560 2335 701 2401 eius
759 2332 1253 2419 ingratitudinis
1312 2344 1577 2419 gustum
1638 2333 1925 2414 dedisse,
1987 2357 2152 2420 quae

220 2417 387 2487 bonis
428 2422 735 2488 omnibus
790 2435 857 2486 et
912 2422 1216 2507 ingenuis
1271 2422 1502 2485 merito
1560 2422 1969 2486 stomachum
2012 2442 2151 2486 mo-

221 2505 394 2573 vebit.
490 2505 625 2573 Sed
679 2508 988 2590 quoniam
1060 2527 1166 2571 me
1221 2506 1589 2590 complures
1653 2528 1885 2573 causae
1945 2510 2152 2591 impe-

220 2588 409 2671 diunt,
452 2616 541 2659 ne
584 2594 758 2658 mala
803 2605 1031 2659 nostra
1066 2602 1290 2677 aperte
1325 2592 1678 2676 deplorem,
1725 2595 1817 2657 sic
1862 2594 2152 2660 breviter

220 2675 473 2746 habete:
538 2680 663 2746 nisi
724 2701 842 2764 per
896 2699 1016 2745 vos
1061 2680 1442 2745 cohibeatur
1487 2678 1712 2757 Satan,
1760 2679 2047 2745 habenas
2092 2682 2150 2744 ei

219 2760 499 2831 laxatum
544 2767 643 2831 iri.
710 2764 996 2832 Perinde
1042 2786 1198 2849 orgo
1235 2774 1529 2849 satagere
1576 2786 1691 2830 vos
1736 2764 1938 2843 decet,
1985 2786 2058 2831 ac
2094 2766 2150 2832 si

216 2847 277 2915 in
315 2874 513 2919 manu
573 2862 792 2918 vestra
849 2863 1022 2917 esset
1078 2851 1275 2916 huius
1332 2852 1639 2918 ecclesiae
1696 2859 1926 2917 status.
2014 2851 2153 2918 Nec

215 2940 579 3005 morositate
624 2950 848 3005 nostra
889 2940 1020 3017 fiet,
1066 2946 1143 3002 ut
1178 2938 1319 3004 loco
1356 2938 1572 3020 potius
1615 2936 1919 3023 cedamus
1954 2958 2149 3020 quam

214 3026 543 3090 sententia.
634 3023 886 3092 Omnes
941 3026 1115 3089 enim
1161 3024 1313 3090 boni
1358 3036 1619 3101 norunt,
1668 3032 1744 3088 ut
1785 3023 1993 3089 turbis
2036 3022 2150 3088 ob-

214 3108 370 3175 viam
414 3113 686 3189 iremus,
732 3110 1050 3175 hactenus
1095 3132 1214 3175 nos
1258 3111 1458 3174 fuisse
1501 3110 1649 3191 plus
1692 3110 1851 3174 satis
1896 3109 2148 3174 flexibi-

213 3189 323 3260 les:
352 3201 437 3276 ¹⁴)
488 3217 689 3279 quum
735 3209 953 3262 tamen
1001 3197 1272 3262 minime
1327 3195 1597 3260 dubium
1649 3194 1837 3271 foret,
1899 3196 2148 3279 patien-

212 3279 357 3347 tiam
429 3295 727 3348 nostram
786 3282 868 3348 ab
933 3280 1243 3365 improbis
1308 3280 1569 3345 tentari.
1673 3282 1869 3347 Hanc
1933 3292 2150 3345 autem

212 3366 542 3434 victoriam
594 3369 731 3434 illis
787 3368 1048 3433 tradere
1104 3388 1236 3432 non
1291 3367 1475 3444 licet,
1532 3366 1690 3450 quin
1748 3367 2026 3433 scientes
2084 3378 2151 3432 et

210 3453 497 3520 volentes
552 3464 757 3520 totum
814 3456 918 3519 ius
976 3454 1282 3520 ecclesiae
1325 3451 1708 3537 prodamus:
1767 3474 1900 3518 non
1961 3452 2151 3518 modo

210 3539 351 3618 quia
405 3563 671 3626 pessum
743 3541 864 3607 ibit
933 3539 1280 3605 ministerii
1338 3540 1545 3604 nostri
1613 3540 1967 3617 autoritas,
2037 3538 2153 3604 sed

207 3626 349 3705 quia
399 3625 796 3695 foedissimis
853 3627 1218 3708 quibusque
1276 3626 1529 3708 probris
1597 3623 1961 3691 subiectum
2025 3626 2154 3690 erit

207 3710 450 3781 Christi
543 3735 817 3791 nomen,
911 3712 1213 3776 effraenis
1295 3710 1619 3776 malorum
1698 3713 1989 3776 omnium
2073 3712 2152 3777 li-

205 3802 412 3866 centia
479 3801 692 3884 magis
757 3821 832 3865 ac
895 3798 1109 3881 magis
1174 3797 1547 3875 insolescet,
1618 3798 1874 3881 piorum
1935 3798 2150 3863 condi-

204 3885 288 3951 tio
364 3909 498 3954 non
584 3885 778 3951 modo
869 3884 1126 3949 iniuriis
1207 3881 1564 3966 quibusque
1656 3884 1938 3948 obnoxia
2037 3883 2151 3948 sed

204 3990 464 4052 prorsus
534 3973 775 4038 afflicta
829 3973 1066 4036 misere
1122 3968 1377 4035 iacebit.
1473 3967 1622 4049 Quo
1687 3971 1929 4035 certius
1994 3988 2149 4033 con·

204 4056 325 4123 fido
387 4060 577 4126 vobis
643 4078 840 4122 curae
902 4057 1067 4133 fore,
1136 4066 1212 4120 ut
1266 4055 1579 4137 suffragio
1642 4066 1859 4119 vestro
1933 4054 2147 4120 suble-

203 4145 333 4209 vati
388 4146 505 4230 qui
566 4144 674 4209 hic
719 4152 873 4209 sunt
929 4140 1170 4219 fideles,
1215 4139 1433 4206 Deum
1479 4141 1673 4224 paulo
1717 4141 2000 4224 quietius
2043 4162 2148 4206 co-

204 4225 352 4294 lant.
460 4229 729 4305 Valete,
788 4229 1010 4296 eximii
1068 4227 1195 4291 viri
1251 4237 1317 4291 et
1369 4247 1523 4292 vere
1581 4227 1836 4292 colendi
1892 4228 2144 4293 fratres.

202 4312 523 4383 Dominus
580 4314 762 4381 vobis
833 4334 1093 4396 semper
1158 4313 1354 4391 adsit,
1428 4334 1543 4379 vos
1599 4326 1787 4396 regat
1840 4324 1907 4377 et
1964 4323 2146 4379 tuea-

203 4409 322 4467 tur.
433 4404 749 4471 Genevae
814 4406 914 4465 26.
987 4399 1302 4465 Novemb.
1380 4403 1558 4463 1553.
1649 4398 1954 4484 Collegae
2015 4399 2147 4464 mei

200 4506 315 4553 vos
366 4489 719 4575 diligenter
772 4487 1094 4562 salutant,
1151 4495 1219 4549 et
1267 4485 1726 4551 commendant
1766 4507 1963 4568 quam
1998 4506 2146 4568 pos-

371 4884 457 4946 12)
506 4884 641 4939 Vide
696 4897 883 4936 annon
938 4880 1071 4934 haec
1127 4880 1269 4933 citra
1313 4879 1589 4932 veritatem
1636 4884 1687 4933 et
1737 4879 1885 4933 ultra
1934 4885 2143 4933 metam.

202 4949 351 5006 Bm
385 4954 498 5009 scil.
531 4954 662 5007 haec
696 4950 946 5016 factiosis
972 4947 1177 5014 tribuit,
1208 4947 1611 5002 clamitantibus
1647 4948 1869 5015 dianam
1903 4963 2017 5002 esse
2049 4952 2146 5017 qui

201 5020 259 5072 in
300 5021 630 5077 Rhodanum
666 5020 1004 5082 abiicereiun
1036 5033 1149 5071 non
1182 5032 1307 5070 vero
1342 5017 1573 5069 senatui.

370 5091 459 5159 13)
496 5091 639 5144 Acta
675 5096 897 5142 senatus
931 5087 1008 5141 ad
1040 5086 1088 5139 9.
1118 5085 1260 5140 Νου.
1294 5085 1538 5150 referunt
1565 5091 1689 5154 post
1723 5084 2014 5138 adventum
2051 5085 2139 5137 de·

201 5171 343 5211 nium
379 5159 593 5214 Fanni
632 5158 769 5226 (ipsi
805 5156 1033 5210 Calvino
1065 5156 1516 5221 inexspectatum)
1565 5157 1830 5207 decretum
1863 5154 2037 5219 fuisse
2078 5160 2142 5207 ut

199 5235 647 5359 wwultzmffg:
677 5242 921 5350 mnf-icen·
878 5232 1008 5347 “seete
1054 5293 1298 5362 decipere
1330 5291 1470 5357 vult,
1515 5306 1592 5344 an
1634 5290 1819 5358 potius
1863 5305 1920 5347 se
1960 5290 2138 5357 ipsun

198 5379 388 5421 revera
420 5367 619 5435 decipit
635 5365 665 5418 ?

1895 436 2059 500 1553
2103 432 2517 502 NOVEMB.

4093 457 4232 520 678

2260 633 2417 690 sunt
2472 626 2946 695 studiosissime
2999 631 3172 696 hanc
3232 632 3571 700 ecclesiam
3630 644 3887 705 vestrae
3946 641 4096 707 fidei
4154 652 4238 709 et

2259 711 2661 793 prudentiae.
2693 713 2777 798 ¹⁵)

3183 801 3468 871 Ioannes
3515 807 3832 877 Calvinus
3877 824 4139 880 vester.·

2430 952 2577 1019 Has
2631 954 2852 1021 literas
2923 957 3244 1041 supprimi
3300 960 3637 1042 expediet,
3698 966 3930 1031 saltem
3989 989 4074 1032 ne
4133 969 4220 1034 ad

2261 1048 2521 1104 nostros
2565 1049 2826 1106 emanet
2868 1063 3110 1108 rumor.
3136 1048 3222 1122 ¹⁶)

3129 1553 3321 1625 1859.

2257 1684 2590 1753 sUMMA
2669 1687 3132 1771 QUAEDAM
3199 1691 3540 1761 CAPITA
3606 1696 4216 1768 DISCIPLINAE

2502 1789 3287 1860 nocnnsus'mcffl
3336 1795 3950 1867 GENEVENSIS.

2433 1944 2876 2012 Turicensibus
2916 1948 3116 2014 missa
3160 1968 3297 2014 cum
3332 1952 3844 2032 praecedentibus
3888 1956 4106 2022 literis.

2258 2113 2403 2176 (Duo
2451 2116 2774 2169 contulimus
2822 2121 3152 2200 exemplaria
3209 2120 3265 2173 in
3311 2120 3560 2174 Archivis
3606 2123 3991 2208 Turicensibus
4037 2146 4217 2182 asser-

2256 2185 2671 2315 {335‘23'20‘33
2679 2187 3727 2327 fftffigzss⁰3.fsut.x¹spgss:t¹iss?
3748 2197 4216 2332 6l¹1¹f¹1¹1³t‚¹·01‘.³}k

2256 2322 2320 2374 B.
2356 2320 2449 2374 Ix.
2487 2322 2578 2375 sol.
2615 2321 2770 2375 3379.
2843 2324 2905 2377 ln
2943 2326 3098 2379 editt.
3136 2328 3382 2395 sequitur
3409 2329 3510 2397 Ep.
3549 2330 3620 2381 ad
3654 2330 3947 2389 ministros.
4000 2334 4064 2387 In
4084 2336 4214 2390 Vol.

2256 2386 2374 2471 195,
2409 2390 2503 2444 fol.
2536 2390 2640 2472 5153
2676 2398 2857 2473 exstat
2903 2410 3116 2464 quoque
3161 2397 3339 2450 versio
3387 2399 3708 2461 germanica.
3786 2402 4076 2455 Lectiones
4118 2422 4212 2457 va·

2255 2464 2462 2511 nautes
2497 2476 2726 2515 maxlme
2761 2479 2818 2515 in
2854 2478 2936 2515 ex.
2964 2464 3491 2599 Bulljpggzibgitbirias
3525 2483 3711 2520 omues
3748 2471 4063 2540 recolligere
4100 2490 4212 2526 non

2257 2680 2536 2747 Summa
2599 2684 2917 2765 quaedam
2985 2688 3199 2837 capita
3264 2687 3647 2787 disciplinae
3711 2693 4215 2761 Ecclesiasticae

3079 2792 3444 2839 enevensis.

2428 2905 2570 2970 Iam
2617 2905 2819 2990 elapsi
2868 2916 3024 2974 sunt
3081 2911 3236 2975 anui
3295 2908 3655 2987 duodecim,
3683 2912 3734 2997 ¹)
3792 2936 3873 2979 ex
3931 2938 4057 2998 quo
4099 2917 4212 2982 in·

2255 2992 2488 3058 stituta
2553 2993 2675 3058 fuit
2721 2991 3034 3059 Genevae
3099 2994 3383 3061 habendi
3451 3000 3816 3064 consistorii
3877 3002 4076 3081 rati0,
4140 3009 4210 3067 et

2253 3079 2696 3162 praescriptae
2758 3078 2968 3162 leges:
3041 3100 3204 3162 quas
3264 3103 3393 3146 uon
3450 3083 3643 3148 modo
3701 3086 3853 3150 tulit
3917 3096 4207 3167 senatus,

2254 3163 2368 3228 sed
2413 3172 2591 3229 totus
2636 3164 2916 3247 populus
2959 3166 3099 3230 suis
3134 3166 3465 3251 suffragiis
3504 3170 3745 3253 recepit
3786 3192 3862 3236 ac
3906 3173 4207 3240 sancivit.

2255 3248 2447 3316 Unde
2491 3249 2789 3328 fideliter,
2845 3259 2913 3314 et
2955 3249 3038 3315 ad
3083 3250 3356 3317 verbum
3403 3264 3713 3339 excerpta
3760 3264 3915 3322 sunt
3971 3259 4209 3342 capita,

2254 3355 2422 3417 quae
2466 3344 2846 3419 sequuntur.

2427 3420 2506 3487 Si
2526 3421 2581 3507 ²)
2627 3422 2770 3506 quis
2813 3421 3120 3506 dogmata
3164 3432 3431 3508 spargat
3483 3434 3783 3509 receptae
3823 3428 3892 3491 in
3936 3428 4212 3495 ecclesia

2255 3505 2588 3572 doctrinae
2630 3509 2971 3586 contraria,
3017 3510 3224 3574 amice
3276 3522 3343 3573 et
3377 3509 3665 3576 fraterne
3723 3523 4089 3579 moneatur:
4146 3516 4208 3581 si

2255 3594 2654 3675 acquiescat,
2713 3595 3089 3659 remittatur
3154 3596 3294 3660 sine
3354 3595 3491 3660 ulla
3541 3596 3847 3663 infamiae
3902 3607 4087 3680 nota;
4147 3602 4208 3666 si

2255 3680 2567 3761 pervicax
2608 3679 2826 3759 fuerit,
2884 3679 2990 3745 vel
3045 3681 3443 3763 pertinacius
3501 3681 3798 3748 addictus
3851 3683 3935 3749 sit
3994 3685 4208 3751 errori

2255 3784 2405 3842 suc,
2480 3765 2651 3830 serio
2716 3775 3089 3838 moneatur,
3154 3765 3358 3831 donec
3420 3766 3660 3831 iudicet
3726 3767 4208 3836 Consistorium

2255 3849 2490 3915 maiori
2533 3851 2880 3915 severitate
2924 3871 3087 3935 opus
3131 3874 3295 3917 esse:
3357 3874 3431 3917 ac
3488 3860 3642 3918 tunc
3686 3854 3949 3936 quidem
3995 3858 4208 3922 inter-

2254 3935 2514 4001 dicatur
2556 3935 2654 4000 illi
2697 3958 2855 4001 usus
2898 3957 3132 4002 coenae
3157 3989 3170 4014 ,
3232 3946 3298 4001 ct
3351 3937 3683 4003 deferatur
3740 3940 3819 4005 ad
3877 3952 4203 4008 senatum.

2426 4020 2505 4086 Si
2549 4023 2659 4104 qui
2716 4041 2934 4087 sacros
2999 4031 3367 4088 conventus
3424 4023 3794 4107 negligant,
3852 4036 3926 4088 ut
3985 4027 4206 4108 palam

2253 4116 2569 4193 appareat
2608 4106 2675 4171 id
2719 4115 3096 4189 contemptu
3140 4109 3307 4172 fieri:
3367 4109 3473 4174 vel
3519 4110 3573 4174 si
3618 4112 3762 4192 quis
3806 4112 4201 4178 ecclesiasti-

2251 4215 2400 4260 cum
2445 4192 2741 4258 ordinem
2785 4200 3129 4276 spernant,
3185 4202 3259 4256 ut
3309 4214 3535 4258 eorum
3590 4196 3886 4278 exemplo
3931 4197 4207 4264 vilescat

2249 4287 2316 4344 et
2359 4299 2623 4363 pessum
2669 4290 2774 4345 eat
2815 4278 3105 4343 fidelium
3150 4280 3547 4344 communio:
3611 4279 3707 4344 illi
3754 4280 3836 4346 ad
3882 4285 4204 4349 consisto-

2250 4366 2424 4431 rium
2469 4364 2682 4430 vocati
2725 4373 3126 4429 moneantur.
3218 4361 3351 4444 Qui
3410 4387 3481 4430 se
3539 4365 3814 4432 docilem
3873 4377 3940 4433 et
3995 4371 4202 4434 mori·

2421 4533 2515 4601 15)
2551 4532 2840 4588 Editiones
2886 4533 3266 4587 salutationem
3313 4536 3393 4588 sic
3427 4538 3682 4604 efferunt.-
3730 4538 3950 4603 valete,
4000 4540 4196 4607 optimi

2249 4609 2305 4656 et
2341 4619 2471 4656 vere
2505 4603 2636 4656 mihi
2671 4602 2878 4655 colendi
2913 4601 3128 4654 fratres.
3202 4602 3461 4657 Dominus
3498 4607 3651 4658 vobis
3697 4606 3840 4660 adsit
3888 4613 3945 4660 et
3996 4609 4198 4675 spiritu

2250 4689 2346 4725 suo
2393 4689 2492 4725 vos
2537 4680 2717 4740 regat,
2766 4671 3107 4739 prudentiam
3154 4689 3219 4724 uo
3270 4674 3581 4742 suppeditet
3625 4691 3764 4744 quae
3806 4693 3916 4729 non
3956 4678 4196 4731 tuendae

2247 4740 2407 4794 modo
2454 4748 2667 4793 vestrae
2724 4740 2999 4793 ecclesiae·
3037 4757 3098 4792 su
3159 4741 3270 4793 ciat
3315 4742 3411 4793 sed
3464 4743 3583 4795 aliis
3632 4761 3848 4813 quoque
3893 4745 4196 4800 fulciendis.

2247 4810 2396 4864 Colle
2468 4826 2500 4862 e
2533 4816 2625 4862 etc.
2689 4809 2842 4862 Haec
2877 4823 3010 4861 sane
3043 4808 3298 4861 videntur
3331 4812 3658 4877 authentica,
3693 4819 3744 4867 et
3775 4815 3836 4866 in
3872 4816 4198 4882 apoyrapho

2246 4878 2541 4933 IonvilIaei
2572 4878 2870 4932 decurtata.
2893 4892 2905 4904 ·

2417 4946 2507 5007 16)
2549 4946 2701 5000 Haec
2730 4949 2794 5001 in
2826 4944 2947 5001 edd.
2981 4946 3198 5000 omissa.

2243 5016 2407 5071 1859.
2444 5015 2500 5077 1)
2536 5014 2585 5067 5.
2628 5017 2760 5083 Apr.
2799 5012 2951 5069 1541.
3027 5014 3216 5083 Roqei.
3249 5013 3315 5067 11.
3351 5012 3401 5067 2.

2445 5085 2508 5149 2)
2552 5082 2661 5151 Qui
2700 5085 2950 5150 proxime
3006 5090 3306 5152 sequuntur
3348 5099 3536 5138 novem
3588 5086 3812 5139 articuli
3860 5087 3976 5149 fere
4025 5089 4192 5142 verbo

2242 5161 2397 5207 tenus
2442 5169 2603 5207 versa
2645 5153 2897 5207 videntur
2942 5168 3008 5205 ex
3056 5160 3207 5207 testu
3247 5152 3445 5220 yallico
3479 5153 3772 5208 edictorum
3806 5155 4192 5211 ecclesiastico·

2241 5237 2362 5276 rum
2398 5222 2542 5275 anni
2573 5220 2724 5280 1541.
2758 5221 2828 5287 cf.
2877 5221 2987 5276 Vol.
3024 5223 3092 5275 X.
3134 5223 3193 5275 P.
3233 5224 3277 5274 1.
3317 5239 3367 5287 p.
3402 5220 3470 5274 29
3505 5239 3611 5291 seq.
3645 5229 3695 5277 et
3726 5222 3942 5292 quidem
3989 5240 4055 5278 ex
4088 5225 4198 5280 2110

2240 5290 2539 5358 exemplari
2571 5293 2726 5343 cuius
2760 5291 3011 5346 lectiones
3041 5292 3322 5344 variantes
3365 5291 3443 5344 ibi
3485 5293 3729 5359 margini
3772 5293 4202 5362 adscripsimus.

2237 5366 2288 5413 et
2320 5359 2469 5429 quod
2502 5361 2563 5412 in
2599 5361 2852 5414 Archiuis
2899 5358 3026 5413 Ven.
3067 5358 3370 5414 Ministerii
3400 5366 3736 5413 asservatur.

3668 5443 3766 5498 43.
