4900 6167
658 436 788 497 623

658 619 821 685 latio
861 618 1104 682 fecerat
1146 613 1335 692 olim,
1393 611 1786 694 reliquisque
1845 610 2156 677 ecclesiae
2199 617 2464 675 nostrae
2499 609 2624 672 mi-

662 702 910 769 nistris.
1001 698 1150 781 Quo
1221 718 1331 762 ma
1381 698 1432 762 ’s
1497 698 1789 780 gaudent
1842 697 2081 762 fratres
2147 696 2275 759 mei
2343 694 2626 760 detineri

662 790 877 872 ipsum
922 807 998 851 eo
1041 785 1181 850 loco
1226 805 1314 849 un
1363 804 1399 848 e
1443 805 1574 847 non
1612 782 1800 846 facile
1834 802 2155 847 evasurus
2199 780 2507 845 videatur
2541 779 2625 844 ad

664 873 1035 958 graviorem
1095 869 1428 936 doctrinae
1483 869 1750 951 pietatis
1810 867 2184 949 perniciem.
2271 866 2624 932 Caeterum

664 960 775 1043 qui
835 958 970 1023 sint
1025 955 1125 1021 illi
1184 955 1312 1019 mei
1369 953 1698 1038 quondam
1762 952 2061 1036 discipuli
2116 953 2186 1017 in
2242 951 2364 1018 hac
2430 971 2627 1016 causa

662 1042 1016 1128 tepidiores
1032 1044 1091 1118 2)
1135 1062 1332 1124 quam
1377 1039 1668 1122 requirat
1704 1039 2029 1116 atrocitaS,
2076 1059 2210 1103 non
2247 1038 2408 1103 satis
2444 1037 2625 1103 colli-

748 1152 820 1195 re
878 1148 1177 1212 possum,
1236 1125 1366 1190 nisi
1421 1125 1591 1190 forte
1650 1126 1739 1189 sit
1797 1125 2057 1206 Gaspar
2113 1123 2229 1188 ille
2285 1123 2627 1188 Francisci

662 1150 870 1281 {gabei
914 1224 981 1279 et
1002 1211 1358 1278 Balthasar
1385 1210 1716 1276 Michaelis
1757 1209 2134 1275 aromatarii
2180 1209 2627 1292 pientissimae

656 1298 1013 1366 memoriae
1067 1297 1245 1363 filius
1265 1300 1290 1337 ³
1386 1316 1548 1379 quos
1603 1306 1828 1361 tamen
1884 1316 2078 1379 spero
2135 1295 2336 1360 verbo
2392 1294 2522 1360 Dei
2562 1302 2629 1357 et

662 1386 1013 1453 autoritate
1064 1392 1179 1448 tua
1232 1404 1271 1447 a
1386 1381 1853 1465 praestandum
1911 1381 2201 1447 officium
2273 1378 2627 1463 (siquidem

661 1478 818 1537 sunt
862 1470 989 1545 illi)
1034 1468 1303 1534 excitari
1349 1488 1554 1550 posse.
1642 1467 1925 1532 Interim
1981 1465 2152 1549 quod
2209 1488 2418 1531 unum
2477 1485 2626 1549 pos-

660 1577 889 1623 sumus
947 1576 1096 1631 nos,
1169 1553 1572 1619 orationibus
1641 1554 1845 1619 sacris
1903 1573 2052 1618 cum
2108 1551 2378 1617 ecclesia
2419 1552 2625 1616 insta-

660 1642 882 1708 bimus
926 1639 1010 1705 ad
1054 1638 1446 1714 Dominum,
1510 1647 1584 1703 ut
1642 1638 1981 1704 ecclesiam
2028 1644 2125 1702 tot
2169 1637 2378 1702 modis
2422 1637 2625 1703 afflic-

660 1734 800 1792 tam
842 1725 1077 1791 liberet
1118 1745 1158 1788 a
1198 1722 1494 1808 pestibus
1539 1722 1873 1788 eiusmodi.
1941 1723 2173 1806 Neque
2217 1724 2392 1787 enim
2437 1724 2626 1806 igno-

660 1832 885 1877 ramus
929 1810 1325 1876 detrimenta
1368 1811 1440 1873 in
1483 1810 1817 1874 infinitum
1862 1809 2113 1874 maiora
2157 1831 2239 1873 ex
2276 1808 2626 1873 haereticis

661 1895 1040 1962 hominibus
1099 1895 1241 1959 dari
1301 1895 1486 1978 gregi
1544 1892 1868 1959 dominico
1884 1945 1900 1973 ,
1957 1915 2154 1977 quam
2210 1894 2386 1959 ullus
2431 1903 2629 1977 queat

660 1982 922 2068 gladius
964 1982 1247 2047 turcicus
1290 1980 1782 2064 papisticusque
1826 1980 2081 2045 afferre.

835 2067 1029 2148 Quod
1072 2065 1152 2132 de
1190 2065 1450 2132 Galliae
1493 2066 1724 2132 scribis
1767 2064 2383 2150 persequutionibus
2426 2065 2627 2131 etiam

665 2173 751 2218 ex
774 2153 970 2217 Italia
1012 2151 1368 2235 accipimus
1412 2160 1638 2216 autore
1682 2151 1994 2234 pontifice
2038 2172 2329 2231 romano,
2377 2158 2446 2216 et
2489 2173 2627 2216 tne-

663 2245 779 2303 tuo
824 2260 907 2303 ne
963 2239 1170 2303 multo
1224 2236 1489 2302 mitiora
1532 2236 1729 2319 paulo
1787 2244 1937 2318 post
1988 2237 2194 2302 simus
2251 2259 2334 2301 ex
2379 2236 2629 2321 Anglia

661 2324 990 2406 accepturi
1048 2331 1476 2407 posteaquam
1533 2320 1940 2386 dominatum
1998 2324 2342 2405 occupavit
2401 2323 2628 2388 Maria

656 2409 899 2474 mulier
942 2416 1009 2472 et
1052 2409 1406 2474 ambitione
1454 2416 1521 2472 et
1564 2406 1715 2471 odio
1758 2427 1957 2472 verae
2000 2407 2262 2491 pietatis
2315 2409 2623 2492 flagrans.

658 2492 799 2560 Sed
841 2506 917 2557 ut
960 2492 1101 2558 dixi
1146 2493 1367 2558 minus
1413 2493 1574 2558 haec
1617 2492 1854 2557 horreo
1898 2501 2035 2558 tam
2080 2502 2310 2576 aperta
2331 2493 2625 2560 Satanae

658 2579 1005 2644 molimina
1047 2599 1249 2662 quam
1305 2598 1654 2661 perversae
1708 2577 2045 2644 doctrinae
2105 2580 2317 2657 fucos,
2374 2589 2442 2644 et
2502 2580 2622 2645 sub

657 2664 925 2750 pietatis
968 2665 1183 2748 specie
1227 2663 1549 2729 scandala.
1639 2662 1777 2729 Sed
1810 2664 2138 2730 Dominus
2182 2674 2285 2731 est
2328 2666 2442 2748 qui
2487 2687 2621 2731 ser-

660 2748 847 2817 vabit
888 2750 1253 2832 eripietque
1300 2749 1543 2816 electos
1586 2770 1741 2815 suos
1787 2770 1828 2815 a
1871 2750 2061 2815 malo.
2131 2751 2240 2816 Ex
2261 2750 2625 2817 Germania

658 2834 831 2900 nihil
874 2836 1117 2917 accipio
1158 2835 1290 2899 nisi
1333 2833 1505 2918 quod
1550 2834 1881 2900 colludere
1921 2835 2250 2920 principes
2291 2844 2361 2900 et
2402 2837 2623 2920 papis-

657 2927 766 2985 tae
825 2930 892 2984 et
948 2920 1314 3005 evangelici
1383 2942 1536 2986 cum
1606 2941 1763 3006 rege
1822 2919 2230 2988 Ferdinando
2295 2920 2621 3001 dicuntur,

659 3027 871 3089 neque
915 3005 1130 3071 solum
1179 3005 1499 3072 adversus
1536 3006 1865 3071 Albertum
1912 3006 2215 3074 Caesaris
2255 3005 2619 3091 πρόδρομον,

656 3099 737 3157 ut
778 3090 1152 3169 conficiunt,
1199 3091 1314 3158 sed
1359 3090 1678 3158 adversus
1728 3092 2059 3159 Caesarem
2099 3094 2319 3176 ipsum
2365 3094 2621 3176 conspi-

654 3196 822 3243 rare.
910 3176 1139 3244 Unum
1182 3186 1433 3244 certum
1478 3185 1596 3257 est,
1636 3199 1703 3242 m
1842 3200 1949 3243 am
1993 3179 2424 3244 mutationem
2469 3200 2623 3245 cum

653 3261 940 3328 motibus
980 3263 1360 3347 ingentibus
1404 3263 1698 3329 visuram
1813 3265 2170 3330 ermaniam
2231 3285 2391 3330 esse.
2485 3263 2622 3330 Sed

653 3345 908 3413 dabunt
950 3348 1142 3413 nobis
1185 3369 1364 3415 nova
1405 3348 1744 3415 nundinae
1786 3349 2368 3416 Francfurdenses.
2450 3349 2621 3415 Vale

650 3454 803 3499 oum
847 3433 982 3497 tuis
1024 3434 1328 3500 omnibus
1371 3436 1776 3519 symmystis,
1836 3455 1998 3518 quos
2041 3456 2187 3500 meo
2229 3443 2296 3500 et
2336 3438 2622 3501 fratrum

651 3519 921 3584 nomine
964 3520 1182 3588 salvos
1239 3520 1393 3585 iube
1450 3530 1751 3586 amanter
1797 3527 1864 3584 et
1922 3531 2321 3588 reverenter.
2412 3522 2618 3588 Basil.

665 3607 761 3669 18.
810 3603 1145 3690 Septemb.
1194 3607 1394 3671 Anno
1447 3609 1627 3670 1553.

1990 3745 2064 3810 Τ.
2113 3744 2444 3812 Sulcerus.

1540 4253 1736 4327 18⁰2.

1034 4406 1706 4475 BULLINGERUS
1751 4409 2227 4476 HALLERO.

823 4576 1052 4661 Sperat
1089 4577 1228 4659 fore
1284 4583 1356 4643 ut
1403 4579 1788 4647 Genevenses
1841 4581 1918 4646 de
1964 4580 2212 4648 Servata
2275 4583 2613 4663 splendida

646 4664 893 4746 saciant
936 4664 1226 4743 arbitria,
1272 4667 1377 4731 cui
1418 4667 1703 4731 nonnulli
1742 4667 1957 4749 favent
2000 4669 2140 4733 odio
2187 4666 2455 4735 Gabvini.

852 4920 914 4988 3)
953 4852 1066 4975 gras
1106 4936 1174 4975 ar
1224 4920 1412 4976 Favre
1470 4927 1691 4978 senator
1743 4928 1864 4977 erat
1911 4930 1962 4977 et
2014 4938 2162 4977 unus
2214 4938 2283 4978 ex
2333 4924 2609 4980 iudicibus

651 4988 878 5044 Ber-veti.
915 5018 975 5027 —
1068 5005 1118 5044 o.
1153 4990 1423 5045 Baltasar
1457 4996 1508 5045 et
1544 4992 1627 5045 Io.
1667 4992 1929 5059 Baptista
1969 4993 2078 5055 filii
2121 4999 2280 5048 erant
2317 4993 2611 5048 Michaelis

650 5057 798 5125 Sept,
836 5064 954 5110 uter
1089 5072 1127 5111 a
1161 5060 1425 5125 comdiis,
1472 5060 1611 5114 alter
1644 5061 1849 5114 minori
1882 5061 2020 5115 alter
2052 5062 2256 5116 maiori
2288 5064 2522 5129 senatui,
2557 5067 2610 5116 et

653 5124 873 5179 Caluini
914 5141 952 5178 a
992 5131 1240 5181 versarii.
1317 5128 1522 5183 Frater
1567 5129 1737 5182 colum
1791 5136 1987 5183 vertere
2030 5136 2251 5186 coactus
2297 5137 2401 5197 est,
2448 5132 2609 5185 bonis

642 5193 779 5261 fisco
813 5194 1166 5250 adiudicatis.
1233 5198 1368 5252 Vide
1402 5206 1583 5253 tamen
1622 5197 1697 5251 N.
1736 5197 1886 5264 1793,
1922 5205 2033 5252 not.
2069 5198 2120 5252 8.
2176 5199 2355 5255 Nobis
2390 5199 2607 5268 quidem

653 5259 910 5317 δαισιν-ιω
937 5262 1155 5319 Galvini
1187 5282 1406 5321 sensum
1442 5267 1661 5321 minime
1695 5266 1913 5322 videtm·
1946 5274 2273 5337 assequutus
2307 5284 2436 5335 esse,
2470 5283 2605 5322 nam

648 5329 784 5387 istoc
817 5331 906 5387 liic
939 5349 1074 5389 sane
1108 5350 1222 5390 non
1260 5336 1558 5406 tepidiores
1592 5335 1843 5403 dixisset,
1878 5337 2166 5392 mitissimo
2200 5340 2416 5393 nomine
2449 5352 2602 5391 usus.

2157 419 2687 488 EPIS'POLAE
2738 423 2971 487 1801-
2995 422 3160 484 1807

4556 425 4673 490 624

2729 606 3144 676 (Autographon
3205 623 3316 660 non
3370 612 3550 661 exstat
3606 606 3871 676 quidquid
3924 608 4073 660 dicat
4126 607 4386 662 Simlerus
4437 608 4563 664 Vol.
4596 607 4675 664 80.

2729 676 3028 798 {Zeti-313
3064 676 3205 728 enim
3251 675 3395 745 quod
3443 677 3614 729 solum
3667 680 3903 730 aetatem
3949 677 4078 729 tulit
4122 683 4181 730 et
4229 677 4376 746 quod
4425 677 4540 746 ipse
4619 696 4678 733 ro

2765 813 2776 825 .
2870 813 3002 867 Turi
3156 746 3296 798 escit
3328 746 3551 798 minime
3575 745 3874 814 Bullingeri
3890 760 4108 798 manum
4143 762 4279 814 prae
4304 761 4362 798 30
4385 744 4507 812 sert,
4545 746 4679 801 Βὼι,

2730 830 2831 867 civ.
3003 831 3051 867 c.

3151 814 3248 868 SS.
3285 814 3347 866 F.
3382 812 3454 866 46
3503 814 3634 867 olim
3678 813 3820 883 Epp.
3868 814 4019 870 Tom.
4062 815 4159 869 XI.
4205 814 4298 867 fol.
4336 812 4454 869 598.
4525 815 4681 871 Null-

3157 883 3315 935 adest
3347 882 3633 952 inscriptio
3669 899 3845 951 neque
3879 883 4254 952 subscriptio.)

2904 1036 2977 1103 S.
3022 1038 3106 1102 D.
3173 1038 3280 1103 De
3325 1036 3672 1120 disciplina
3703 1035 3818 1101 illa
3844 1038 3893 1115 ¹)
3934 1035 4098 1102 alias
4142 1036 4444 1105 scribam.
4507 1037 4684 1105 Non-

2732 1124 2890 1188 dum
2934 1124 3132 1203 enim,
3174 1131 3252 1188 ut
3291 1124 3642 1188 veritatem
3683 1122 3888 1188 libere
3931 1122 4171 1201 fatear,
4225 1124 4357 1208 legi
4403 1143 4568 1208 quae
4610 1125 4686 1191 de

2730 1209 2846 1274 illa
2888 1209 3181 1275 miseras.
3276 1207 3515 1274 Servati
3549 1209 3884 1292 negotium
3928 1230 4034 1273 me
4080 1208 4280 1274 habet
4320 1209 4685 1276 sollicitum.

2732 1295 2906 1360 Novi
2948 1295 3157 1374 illum,
3215 1314 3350 1358 non
3404 1315 3487 1359 ex
3530 1294 3724 1372 facie,
3780 1291 3896 1359 sed
3939 1316 4025 1358 ex
4065 1294 4253 1361 libris
4269 1296 4326 1375 ²)
4372 1296 4455 1361 ab
4502 1296 4689 1362 annis

2731 1381 3015 1464 amplius
3052 1384 3153 1445 20.
3219 1378 3298 1446 si
3323 1379 3751 1446 Genevenses
3786 1379 4040 1445 faciunt
4073 1401 4271 1446 suum
4307 1382 4685 1460 officium‚⁸)

2731 1467 2951 1549 ipsum
2994 1474 3280 1531 tractant
3337 1473 3414 1531 ut
3454 1465 3877 1548 blasphemus
3919 1474 4232 1531 meretur.
4320 1467 4474 1533 Non
4520 1468 4692 1532 enim

2729 1552 3075 1617 haereseos
3120 1552 3506 1635 simpliciter
3548 1572 3701 1616 reus
3745 1563 3862 1630 est,
3906 1551 4024 1617 sed
4068 1561 4405 1618 extremae
4447 1554 4520 1618 in
4558 1574 4691 1618 ma-

2730 1639 3036 1703 iestatem
3077 1637 3205 1702 Dei
3249 1636 3711 1720 blasphemiae.
3774 1638 3947 1702 Puto
3981 1657 4120 1722 ego,
4161 1637 4352 1703 illum
4375 1640 4506 1705 Dei
4549 1660 4693 1722 pro-

2733 1722 3023 1790 videntia
3068 1723 3434 1807 perfugisse
3480 1722 3822 1789 Genevam
3842 1774 3859 1801 ,
3917 1732 3992 1787 ut
4048 1722 4163 1789 illa
4207 1723 4287 1789 de
4330 1725 4474 1809 ipso
4521 1744 4691 1789 com-

2731 1810 3044 1875 meritum
3088 1829 3356 1874 sumens
3399 1807 3792 1891 supplicium
3837 1807 4011 1892 apud
4054 1810 4297 1875 multos
4341 1831 4413 1875 se
4458 1831 4590 1895 pur

2734 1896 3009 1960 crimine
3097 1893 3546 1976 blasphemiae
3631 1905 3696 1960 et
3768 1894 4145 1960 haeresems.
4271 1894 4408 1962 Sed
4503 1820 4696 1962 unffi

2732 1979 2881 2046 illos
2899 1985 2955 2054 ⁴)
3011 1980 3323 2045 nebuloni
3383 1980 3844 2063 profanissime
3908 1982 4308 2064 patrocinari
4373 1982 4488 2048 vel
4552 1981 4696 2048 odio

2737 2065 3003 2132 Calvini.
3106 2066 3215 2130 Ex
3276 2065 3638 2132 Germania
3697 2065 3862 2131 nihil
3921 2069 4083 2131 certi
4146 2067 4470 2135 habemus
4485 2118 4505 2147 ,
4572 2068 4692 2133 nisi

3065 2152 3078 2165 .
3419 2153 3449 2193 ὅ
4144 2153 4157 2166 .
4193 2154 4206 2168 .
4349 2154 4363 2168 .
4561 2154 4574 2167 .

2733 2149 2929 2302 ,iffi
2950 2150 4697 2321 {2323ss²0.3..·3{z¹;¹³30‘;3‚0033.⁸;han¹5m‘12222:

2733 2323 3189 2473 Mitilrohojonem
3249 2330 3317 2388 et
3362 2322 3743 2409 Episcopos.
3834 2322 4009 2389 Vive
4067 2335 4134 2390 et
4186 2324 4335 2393 vale
4394 2346 4554 2392 cum
4602 2325 4698 2391 fa·

2732 2430 2799 2474 m
2874 2430 2930 2474 a.
2985 2418 3014 2487 )

3619 2819 3815 2890 18⁰3.

3115 2956 3619 3026 HALLERUS
3664 2956 4303 3026 BULLINGERO.

2904 3127 3221 3195 Ecclesiae
3269 3130 3647 3196 Genevensis
3702 3133 3908 3195 stam
3971 3131 4364 3197 exulceratus
4425 3138 4490 3198 et
4545 3153 4698 3215 pro-

2727 3233 2896 3280 ceres
2934 3217 3210 3281 maxivne
3256 3214 3516 3280 Calvino
3572 3215 3813 3296 infensi
3870 3215 3943 3280 ob
3983 3216 4350 3283 severiorem
4405 3217 4700 3301 ‹ii-empto·-

2727 3319 2878 3364 nam
2920 3301 3396 3366 ecclesiasticam
3436 3321 3631 3383 quam
3674 3300 3779 3366 ille
3810 3300 4128 3367 mordicus
4161 3302 4453 3385 defendit.
4531 3305 4700 3371 Lau·

2727 3405 3069 3452 sannen-ses
3111 3387 3277 3452 idem
3318 3387 3609 3469 affectant
3650 3386 3761 3452 sed
3814 3388 4027 3452 minue
4071 3388 4265 3453 etiam
4294 3392 4702 3472 propos-iw-

2729 3477 3158 3623 asaequcntur.
3227 3472 3332 3538 De
3372 3471 3621 3540 Sem-to
3662 3471 3952 3539 ecclesias
3996 3475 4180 3558 adire
4220 3475 4532 3542 dicuntur
4564 3496 4700 3544 con-

2725 3577 2806 3623 su
2859 3578 2969 3623 un
3018 3557 3416 3625 Genevenses,

2725 3728 2838 3794 (Ex
2886 3729 3224 3799 autographo
3270 3729 3433 3783 Aroh.
3485 3729 3665 3782 Turio.
3714 3730 3855 3783 Plut.
3893 3729 3986 3784 VT.
4026 3730 4152 3785 Vol.
4188 3729 4307 3800 154,
4352 3732 4492 3785 olim
4529 3731 4698 3788 Son-in.

2953 3798 3016 3851 B.
3056 3798 3197 3868 Epp.
3234 3798 3385 3851 Tom.
3420 3796 3505 3865 32,
3543 3797 3635 3854 sol.
3674 3797 3789 3852 192.
3827 3826 3892 3837 -
3929 3798 4144 3853 Simler.
4182 3800 4301 3856 Vol.
4333 3798 4447 3867 80.)

2897 3968 3283 4034 Clarissimo
3352 3970 4046 4054 praestantissimoque
4111 3970 4257 4036 viro
4320 3969 4405 4036 D.
4479 3972 4697 4039 Hein-

2723 4053 2933 4138 rycho
2976 4054 3369 4138 Bullingero
3386 4105 3402 4133 ,
3468 4056 3827 4140 'I'igurinae
3882 4056 4196 4122 ecclesiae
4236 4058 4492 4140 pastori
4537 4057 4695 4125 fide-

2722 4139 2975 4206 lissimo
3020 4138 3284 4205 domino
3328 4148 3395 4205 et
3428 4143 3743 4225 compatri
3790 4161 3913 4207 suo
3956 4143 4066 4227 pie
4108 4143 4542 4296 colengoirioh

2722 4345 4686 4364 -——-—-———--————

2896 4396 3208 4465 Genevae
3267 4396 3499 4462 seditio
3555 4398 3773 4480 gliscit
3830 4399 4063 4466 adhuc.
4093 4404 4143 4483 ¹)
4243 4399 4690 4468 Exulceratus

2725 4519 2926 4527 ὣ...-
2933 4518 3134 4527 ’.ᾤ-.-

2716 4583 2901 4638 1802.
2930 4584 2991 4650 1)
3030 4583 3346 4652 Respondet
3377 4583 3456 4638 ad
3490 4585 3565 4638 N.
3600 4584 3754 4639 1789.

2924 4652 2984 4719 2)
3027 4653 3350 4707 Possidebat
3411 4653 3611 4709 librum
3675 4654 3743 4710 de
3812 4654 4102 4710 Trinitatis
4165 4657 4446 4712 erroribus
4462 4696 4478 4722 ,

2716 4722 2993 4803 exemplar
3027 4737 3150 4777 cum
3186 4722 3498 4791 Bullinyeri
3540 4725 3759 4778 nomine
3803 4725 4150 4847 autgapho
4193 4725 4458 4796 hodieque
4503 4742 4682 4783 acea·-

2714 4797 2879 4846 vatur
2916 4807 2980 4845 tn
3013 4790 3135 4846 bibl.
3186 4789 3474 4846 stricenoi
3508 4791 3795 4857 (stechel
3822 4810 3880 4862 p.
3985 4795 4024 4862 ).

2920 4859 2978 4986 ἓξ
3012 4857 3308 4981 ffersszffassm
3342 4932 3394 4981 et
3429 4928 3759 4983 Libertinos.

2919 4994 2981 5130 ἓξ
3021 4994 3486 5146 ἒξῖαᾱενιξῗγέίῒέί
3521 4995 4132 5134 affizuswgtmdme
4159 5069 4422 5136 proxima
4458 5069 4679 5124 Haila-i

2713 5132 2857 5187 hanc
2890 5131 3136 5187 nondum
3169 5139 3406 5201 respicit.
3478 5132 3568 5189 De
3603 5141 3792 5190 autore
3837 5149 3966 5190 vero
4001 5151 4113 5190 non
4147 5144 4226 5192 est
4258 5138 4406 5208 quod
4441 5139 4673 5194 dubites.

2715 5200 2794 5254 Et
2839 5216 3033 5255 nomen
3080 5208 3131 5255 et
3174 5203 3389 5257 natales
3433 5207 3553 5257 sine
3597 5203 3763 5259 dubio
3808 5218 3877 5259 ex
3922 5207 4265 5274 autoyrapho
4310 5209 4373 5263 in
4423 5207 4672 5264 Codice-

2725 5268 3065 5324 Turiceneem
3099 5272 3456 5327 transierunt.

2710 5338 2895 5397 1808.
2921 5340 2980 5407 1)
3016 5338 3424 5395 Libertinorum
3459 5346 3652 5397 contra
3689 5342 4086 5397 consistorium.
