4900 6167
691 464 818 528 479

689 649 1096 717 restituendo
1138 649 1592 734 cogitaremus,
1608 651 1658 721 ¹)
1703 653 1772 713 et
1815 647 2018 731 pestis
2051 644 2123 711 in
2161 646 2345 730 pagis
2386 643 2639 729 aliquot

738 734 1057 802 asturibus
1100 734 1430 802 destitutis
1473 743 1885 818 grassaretur
1900 784 1915 811 ,
1975 752 2016 797 a
2056 753 2183 816 qua
2224 730 2639 798 Ludovicum

753 822 1068 887 akariam
1084 822 1144 900 ²)
1200 842 1335 886 non
1392 819 1675 885 multum
1733 818 2084 885 abhorrere
2155 817 2636 895 intellexeram,

688 909 961 975 diacono
1006 915 1230 972 nostro
1271 906 1690 972 iniunxeram
1725 914 1803 971 ut
1835 903 1894 971 si
1932 904 2101 971 istuc
2137 903 2411 979 veniret,
2455 915 2523 969 te
2562 924 2641 968 ea

689 993 772 1060 de
807 1014 880 1059 re
915 991 1290 1076 appellaret.
1350 989 1487 1058 Sed
1522 1013 1723 1075 quum
1759 1012 1798 1056 a
1833 988 2185 1073 bibliopola
2218 987 2502 1071 quodam
2536 991 2640 1054 in-

687 1079 1055 1147 tellexisset
1093 1078 1162 1142 iu
1219 1077 1398 1143 illius
1456 1076 1755 1144 doctrina
1812 1074 2058 1158 aliquid
2113 1074 2502 1156 desiderari,
2560 1095 2638 1141 eo

688 1186 814 1232 nec
861 1163 1026 1242 viso,
1087 1185 1208 1229 nec
1257 1173 1325 1229 te
1382 1183 1460 1228 ea
1502 1161 1582 1228 de
1627 1183 1699 1228 re
1743 1161 2065 1245 appellato
2112 1159 2375 1226 domum
2420 1159 2635 1227 rediit.

684 1252 914 1335 Quum
957 1257 1175 1315 autem
1219 1258 1447 1333 postea
1491 1248 1598 1316 hic
1640 1249 1841 1315 frater
1877 1247 2213 1312 homiuem
2257 1266 2478 1312 secum
2523 1245 2639 1312 ad-

688 1336 1016 1412 duxisset,
1076 1356 1209 1401 uon
1265 1355 1496 1419 parum
1548 1334 1644 1400 fui
1701 1344 1768 1399 et
1820 1332 2181 1399 admiratus
2225 1342 2292 1399 et
2330 1334 2636 1410 offensus,

683 1424 892 1491 donec
946 1421 1348 1507 significaret
1412 1418 1479 1485 id
1532 1419 1779 1487 factum
1836 1429 1950 1484 tuo
2009 1418 2277 1484 consilio
2332 1430 2397 1483 et
2462 1440 2640 1486 com-

684 1507 1121 1576 mendatione.
1213 1506 1563 1574 Caeterum
1598 1528 1799 1591 quum
1835 1505 1976 1589 ipse
2013 1505 2368 1571 Ludovious
2411 1503 2639 1570 diebus

686 1596 935 1678 aliquot
975 1607 1138 1677 post,
1183 1592 1358 1659 istuc
1401 1612 1549 1658 cum
1593 1592 1804 1659 literis
1850 1591 2013 1656 meis
2057 1589 2139 1656 ad
2183 1602 2248 1655 te
2289 1591 2640 1673 profectus,

686 1692 757 1747 et
819 1679 902 1745 ad
967 1701 1086 1745 nos
1151 1699 1478 1755 reversus,
1543 1678 1717 1744 nihil
1780 1676 2122 1742 adtulisset
2187 1676 2501 1758 responsi,
2574 1686 2643 1739 et

684 1787 897 1920 3333
926 1761 2641 1934 ’ἐΐῖἷιῗιᾏῖιῙρῗὲἓέἔὲἑῗυίεωέῗὲἕὲῗιθῗιοῖῖι-ιῗὲῗὲαῗῖἶ

684 1960 840 2004 nem
884 1938 964 2004 ab
1010 1959 1084 2002 eo
1126 1938 1349 2021 exegi3
1406 1938 1478 2003 iu
1533 1956 1661 2020 quo
1714 1934 1883 2002 nihil
1930 1933 2114 1999 video
2158 1933 2326 2017 quod
2372 1934 2642 2016 culpare

683 2025 951 2109 possim.
1017 2022 1151 2089 Sed
1188 2025 1495 2107 quoniam
1543 2023 1662 2090 tibi
1701 2020 1937 2087 melius
1981 2029 2177 2085 notus
2211 2028 2330 2098 est,
2375 2022 2642 2086 obsecro

690 2119 760 2176 te
805 2131 937 2261 perl
964 2110 1304 2177 Christum
1343 2117 1420 2175 ut
1460 2109 1519 2175 si
1562 2107 1718 2194 quid
1760 2108 1833 2172 in
1871 2105 2133 2172 homine
2168 2103 2514 2183 desideres,
2560 2126 2643 2172 ne

689 2218 798 2262 me
839 2217 912 2264 ce
939 2217 1027 2263 es.

860 2280 1100 2349 Adhuc
1160 2282 1492 2366 intelliges
1546 2303 1629 2346 ex
1686 2280 1809 2346 hoc
1867 2278 2071 2345 fratre
2128 2285 2351 2343 nostro
2367 2328 2384 2356 ,
2440 2296 2641 2360 quam

684 2369 894 2436 multa
936 2368 1104 2435 falsa
1139 2379 1205 2434 et
1246 2369 1469 2433 inania
1512 2388 1645 2434 non
1701 2366 1911 2432 solum
1964 2363 2045 2430 de
2100 2364 2317 2448 priore
2369 2363 2512 2429 eius
2555 2360 2640 2428 ad

684 2476 804 2523 vos
845 2454 1266 2539 profectione,
1313 2451 1429 2520 sed
1472 2453 1674 2518 etiam
1710 2450 1791 2517 de
1825 2450 2017 2518 nobis
2052 2451 2354 2517 omnibus
2388 2457 2456 2513 et
2488 2469 2671 2514 nos·.

682 2555 785 2609 tro
850 2540 1216 2606 ministerio
1270 2560 1501 2623 sparsa
1543 2540 1679 2604 sint
1701 2589 1717 2618 ,
1787 2538 2050 2603 tametsi
2115 2535 2286 2601 nihil
2350 2555 2641 2618 unquam

681 2626 1010 2713 egerimus
1056 2623 1227 2709 quod
1271 2625 1542 2693 alicuius
1584 2624 1902 2690 momenti
1942 2623 2172 2700 fuerit,
2230 2623 2374 2688 sine
2417 2629 2638 2686 vestro

682 2712 938 2779 iudicio.
1042 2712 1387 2777 Postremo
1405 2763 1419 2788 ,
1501 2709 1957 2778 colendissimo
2022 2709 2228 2774 frater
2244 2757 2260 2787 ,
2327 2707 2638 2789 quoniam

684 2796 973 2865 mundus
1030 2805 1129 2863 est
1173 2796 1370 2863 hodie
1428 2799 1515 2872 (si
1570 2815 1859 2879 unquam
1905 2794 2098 2876 alias)
2152 2792 2517 2879 hypocritis
2570 2803 2639 2857 et

686 2882 1124 2951 nebulonibus
1213 2883 1419 2964 lenus,
1455 2892 1520 2948 et
1562 2881 1670 2947 hic
1705 2881 1816 2952 siti
1851 2902 2077 2947 sumus
2111 2880 2180 2946 in
2221 2877 2454 2945 mediis
2486 2876 2636 2943 hos-

684 2970 862 3036 tibus
922 2979 989 3034 et
1028 2969 1100 3033 in
1361 2970 1423 3034 io
1447 2972 1502 3051 8)
1556 2976 1753 3033 antea
1809 2973 1877 3033 et
1931 2966 2254 3034 similibus
2311 2965 2472 3030 satis
2523 2984 2638 3029 ex-

683 3056 856 3142 perti
901 3076 1128 3121 sumus
1172 3076 1402 3122 verum
1447 3074 1590 3121 esse
1649 3051 1815 3138 quod
1886 3051 2042 3120 dicit
2091 3073 2130 3117 a
2219 3049 2422 3117 stolus
2511 3049 2639 3115 eri-

684 3142 908 3211 culum
954 3161 1096 3207 esse
1138 3142 1209 3206 in
1251 3140 1434 3208 falsis
1475 3140 1821 3217 fratribus,
1875 3146 1943 3204 te
1983 3159 2101 3238 per
2130 3071 2367 3204 {geum
2410 3136 2465 3202 O
2556 3135 2568 3149 '
2609 3168 2639 3183 -

687 3239 833 3294 tum
895 3247 1008 3292 oro
1068 3237 1261 3310 atque
1320 3227 1608 3293 obtestor
1666 3235 1742 3292 ut
1785 3224 2094 3310 dispicias
2136 3245 2220 3289 ne
2263 3222 2369 3288 hic
2412 3240 2640 3305 quem-

684 3332 885 3399 quam
927 3332 1149 3380 secum
1195 3311 1491 3391 adducat,
1535 3333 1730 3396 quem
1777 3331 1909 3377 non
1952 3308 2296 3395 agnoveris
2352 3315 2419 3374 et
2459 3306 2641 3373 labo-

683 3400 779 3466 ris
821 3398 1183 3482 patientem
1226 3405 1292 3464 et
1332 3419 1468 3464 non
1509 3398 1726 3464 solum
1768 3396 2030 3480 pietatis
2073 3393 2189 3461 sed
2223 3393 2422 3459 etiam
2460 3392 2641 3478 pacis

684 3506 843 3553 vere
887 3482 1272 3550 studiosum.
1338 3483 1523 3550 Haec
1566 3481 1649 3549 ad
1693 3494 1759 3547 te
1803 3481 2034 3565 scripsi
2073 3480 2315 3565 raptim
2351 3489 2419 3545 et
2460 3477 2641 3545 vale-

685 3569 1088 3638 tudinarius:
1151 3577 1441 3648 caetera,
1499 3577 1574 3635 ut
1616 3568 1788 3645 dixi,
1843 3578 2143 3634 nostrum
2185 3566 2478 3631 omnium
2521 3586 2641 3650 per

685 3658 869 3724 hunc
910 3658 1182 3723 fratrem
1216 3655 1564 3740 intelliges.
1656 3654 1824 3719 Vale
1866 3654 1936 3718 in
1972 3652 2257 3719 Domino
2296 3652 2453 3718 Iesu
2488 3672 2642 3718 cum

682 3743 951 3829 collegis
995 3743 1127 3809 tuis
1170 3742 1492 3819 omnibus,
1537 3740 1774 3824 quibus
1826 3746 1900 3804 tu
1955 3738 2235 3805 salutem
2289 3738 2640 3821 plurimam

685 3829 863 3894 dices
898 3849 1045 3894 meo
1079 3830 1364 3907 nomine,
1409 3837 1487 3893 ut
1520 3826 1731 3892 nostri
1763 3845 2020 3910 quoque
2060 3846 2287 3891 omnes
2328 3845 2447 3890 vos
2491 3823 2639 3908 plu-

683 3915 927 3980 rimum
973 3915 1040 3978 in
1088 3913 1351 3981 Christo
1394 3912 1702 3979 salutant.
1801 3914 1896 3976 16.
1942 3911 2137 3977 Febr.
2181 3913 2360 3975 1553.

1754 4049 1939 4115 Tuus
1983 4068 2065 4112 ex
2107 4048 2327 4113 animo

1812 4152 1889 4218 P.
1937 4152 2286 4217 Tossanus.

681 4411 864 4467 1705.
895 4410 953 4478 1)
996 4410 1186 4466 Pridie
1225 4409 1339 4466 Gal.
1379 4410 1486 4465 Iul.
1524 4407 1657 4464 1552
1709 4414 1761 4464 et
1808 4410 2005 4464 iterum
2049 4423 2100 4462 α.
2148 4407 2199 4460 d.
2261 4406 2321 4460 V.
2364 4405 2481 4461 Cal.
2520 4406 2635 4464 Oct.

684 4481 802 4536 dux
843 4479 1262 4548 christophorus
1297 4479 1527 4562 {nterim
1572 4479 1877 4602 αὺνοὸαυξτ.
1951 4475 2417 4546 Mombelyardiae
2459 4475 2524 4531 id
2555 4491 2637 4530 re-

682 4566 816 4605 m
850 4547 1810 4685 summamus
1850 4545 1962 4628 <0-
2080 4544 2323 4669 ..ε-..ἑὲ
2375 4614 2637 4668 Μ...-

678 4689 793 4756 suit
827 4689 890 4742 in
924 4686 1209 4753 Allemm'e·
1292 4686 1427 4740 Vnde
1458 4687 1617 4752 infra
1651 4684 1728 4742 N.
1767 4682 1919 4738 1722.

888 4755 951 4821 3)
988 4754 1136 4810 Jeau
1187 4753 1439 4809 Gourton's
1497 4756 1556 4810 V.
1608 4753 1688 4809 D.
1742 4753 1822 4808 M.
1875 4755 1939 4808 ξοι
1999 4750 2203 4806 Villars
2252 4757 2303 4804 ετ
2359 4750 2637 4807 Βῑαοιοπτ.

685 4826 770 4896 Gt'.
813 4821 1813 4893 N.459not.2etposteasaepiu⁸.
1889 4817 2570 4888 Geooerfuitcapanevdn'.

2190 454 2716 524 EPISTOLAE
2770 460 3014 522 1705-
3027 460 3188 522 1707

3626 643 3816 716 1706.

3258 799 3385 866 DE
3422 799 3641 867 ‘1¹ssOE
3686 802 3749 867 Δ
3792 799 4191 868 ΑΒΝΕῩΒ.

2912 969 3371 1038 Βὲποηοξατξοη
3412 973 3488 1038 de
3534 970 3758 1040 Servat.

2744 1142 2920 1210 (Nous
2953 1143 3338 1198 mentionnons
3372 1144 3441 1198 ici
3476 1148 3620 1198 cette
3654 1144 3817 1198 lettre
3841 1160 4048 1199 comme
4069 1145 4124 1198 la
4155 1141 4424 1214 premiere
4457 1160 4523 1197 en
4555 1143 4670 1198 date

2743 1212 2880 1266 dans
2913 1212 2968 1266 la
3001 1213 3159 1266 triste
3193 1211 3380 1266 affaire
3417 1213 3509 1283 qui
3544 1212 3610 1266 fit
3643 1217 3763 1267 tent
3797 1213 3865 1267 de
3897 1214 4050 1267 bruit
4085 1230 4207 1267 vers
4243 1213 4298 1266 la
4328 1212 4405 1266 fin
4438 1211 4505 1266 de
4538 1217 4670 1268 cette

2743 1281 2931 1336 annes.
3001 1281 3080 1336 On
3114 1282 3170 1335 la
3205 1286 3462 1335 trouver-a
3495 1282 3570 1335 im
3610 1282 3777 1335 rimee
3813 1281 3946 1335 dans
3981 1288 4141 1336 notre
4176 1281 4381 1336 edition
4416 1280 4511 1335 des
4542 1280 4670 1335 Ocu·

2745 1366 2869 1404 vres
2910 1351 2980 1404 de
3023 1349 3215 1404 Oalvin
3252 1351 3419 1404 Tome
3457 1350 3539 1405 VI
3600 1392 3613 1404 .
3648 1367 3699 1419 p.
3737 1349 3842 1404 835
3888 1351 4023 1404 suiv.
4106 1351 4228 1405 Elle
4275 1356 4363 1405 est
4408 1351 4564 1405 dates
4604 1349 4671 1403 du

2744 1417 2829 1473 26.
2864 1418 3087 1474 Pe‘vrier
3130 1425 3189 1473 et
3233 1434 3539 1474 commoneo
3583 1436 3685 1490 par
3731 1435 3820 1474 ces
3854 1427 4023 1474 mets:
4071 1419 4137 1475 10
4168 1435 4306 1475 vous
4336 1419 4530 1475 noreio
4559 1418 4672 1474 bien

3132 1487 3246 1555 fort
3283 1487 3349 1544 de
3383 1493 3503 1545 tant
3536 1487 3603 1543 de
3635 1487 3793 1544 belles
3824 1491 4297 1554 menarum.)

3592 1769 3923 1778 --—-·-—-—-—-

3628 2001 3811 2072 1707.

3077 2155 3743 2225 BULLINGERUS
3789 2155 4361 2225 TRAHERONI.

2914 2327 3220 2396 Dederat
3258 2350 3445 2396 suam
3476 2331 3836 2396 seutentiam
3866 2330 3943 2398 de
3964 2329 4369 2412 providentia
4411 2334 4467 2394 et
4495 2349 4677 2412 prae-

2744 2585 3137 2648 (Describimus
3170 2586 3310 2640 hanc
3344 2603 3411 2640 ex
3446 2585 3663 2642 Simleri
3698 2586 3817 2641 Vol.
3856 2585 3924 2642 79
3961 2587 4054 2657 qui
4089 2602 4148 2640 se
4185 2603 4304 2641 eam
4324 2586 4577 2641 habuisse
4609 2585 4677 2639 af·

2741 2655 2924 2709 firmat
2969 2671 3037 2709 ex
3083 2655 3240 2725 eopia
3283 2656 3343 2709 in
3376 2655 3488 2710 MS.
3524 2656 3663 2710 Bibl.
3700 2656 3881 2727 Tigur.
3928 2657 4130 2710 civicae
4179 2654 4334 2709 Tom.
4394 2653 4508 2711 153.
4575 2653 4678 2708 Nos

3166 2724 3331 2778 talem
3366 2725 3605 2779 codicem
3639 2724 3843 2779 frustra
3877 2725 4280 2794 quaesivimus.)

2740 2893 3018 2960 Henrici
3064 2894 3435 2979 Bullingeri
3479 2896 3753 2980 epistola
3797 2894 3880 2962 ad
3914 2895 4498 2962 Bartholomaeum
4533 2895 4678 2959 'Pre-

2741 2980 3024 3046 hernum
3090 2980 3381 3066 Anglum
3455 2980 3536 3047 de
3600 2981 4012 3065 providentia
4076 2982 4205 3048 Dei
4268 2981 4681 3065 eiusdemque

2786 3065 3335 3133 raedestinatione
3394 3067 3708 3134 electione
3778 3089 3852 3134 ac
3921 3068 4382 3152 reprobatione
4396 3119 4413 3146 ,
4490 3065 4681 3150 deque

2790 3152 2945 3219 bero
2989 3150 3258 3218 arbitrio
3315 3161 3383 3220 et
3433 3152 3604 3237 quod
3644 3155 3830 3219 Deus
3884 3175 4018 3220 non
4065 3155 4150 3221 sit
4205 3162 4401 3220 autor
4448 3151 4682 3238 peccati

3591 3243 3770 3304 1553.
3799 3244 3848 3322 1)

2910 3376 3237 3461 Proponis
3280 3377 3727 3460 quaestionem
3783 3376 3940 3461 quid
3995 3379 4273 3443 sentiam
4333 3374 4420 3442 de
4462 3375 4682 3441 Provi-

2743 3460 2966 3528 dentia
3017 3470 3088 3527 et
3130 3462 3750 3529 Praedestinatione.
3839 3461 4073 3528 Videri
4127 3460 4521 3547 quibusdam
4574 3480 4680 3526 nos

2741 3547 3021 3614 nimium
3063 3548 3172 3615 hic
3215 3547 3706 3615 Melanchthonis
3736 3548 4089 3638 ‘inhaerere
4142 3548 4426 3632 placitis,
4490 3544 4681 3615 caloi-

2740 3654 2892 3700 num
2933 3655 3013 3701 ea
3047 3633 3128 3701 de
3172 3655 3245 3700 re
3279 3634 3759 3702 absolutissime
3801 3635 4154 3720 scripsisse.
4218 3633 4313 3700 Et
4350 3634 4517 3700 haec
4549 3631 4683 3717 qui-

2742 3718 2892 3786 dem
2935 3720 3229 3804 quaestio
3271 3720 3604 3805 integrum
3648 3726 3717 3786 et
3756 3720 3925 3787 bene
3970 3720 4243 3805 longum
4299 3718 4547 3785 librum
4586 3738 4681 3783 re-

2740 3806 3048 3890 quireret,
3092 3806 3412 3891 siquidem
3455 3808 3747 3892 apposite
3805 3806 4200 3891 respondere
4242 3805 4433 3874 velis.
4519 3805 4682 3870 Pau·

2740 3892 2902 3958 culis
2947 3903 3169 3958 tamen
3215 3913 3430 3959 meam
3473 3893 3867 3960 sententiam
3911 3890 4348 3971 adumbrabo,
4412 3889 4583 3976 quod
4618 3889 4683 3954 in

2740 3977 2933 4045 editis
2975 3999 3014 4042 a
3058 4000 3163 4044 me
3206 3978 3391 4045 libris
3432 3978 3793 4062 copiosiora
3834 3979 4133 4044 invenire
4165 3978 4381 4044 liceat.
4465 3976 4682 4059 Neque

2740 4066 2918 4130 enim
2960 4064 3194 4147 putavi
3243 4065 3415 4131 hanc
3501 4064 3905 4132 uaestionem
3962 4063 4225 4130 silentio
4266 4072 4684 4147 praetereun-

2740 4148 2912 4230 dam,
2955 4149 3129 4232 quod
3172 4151 3343 4217 serio
3386 4151 3454 4216 vi
3499 4152 3668 4216 earis
3710 4151 4041 4234 requirere
4085 4170 4305 4216 meum
4345 4147 4678 4217 iudicium:

2740 4234 2880 4319 ipse
2929 4257 3084 4301 vero
3131 4235 3334 4301 nolim
3380 4236 3498 4303 tibi
3540 4235 3894 4320 quidquam
3937 4256 4198 4320 negare.

2912 4321 2995 4385 In
3038 4321 3155 4387 illa
3211 4322 3592 4406 quaestione
3650 4321 3897 4388 nullius
3952 4342 4247 4405 unquam
4303 4322 4682 4405 cuiusquam

2740 4406 2982 4491 privati
3025 4405 3309 4473 hominis
3349 4408 3640 4492 opinioni
3674 4406 3980 4474 accedere
4023 4407 4219 4486 volui,
4286 4406 4465 4491 quod
4509 4404 4681 4471 vide·

2740 4514 2880 4558 rem
2947 4500 3205 4559 tantum
3269 4494 3339 4558 in
3405 4494 3530 4561 hac
3593 4515 3791 4560 causa
3849 4493 4181 4559 variatum
4236 4501 4564 4576 quantum
4615 4491 4682 4554 iu

2741 4578 2925 4644 nulla
2966 4577 3111 4645 alia.
3180 4577 3514 4663 Sequutus
3553 4601 3698 4646 sum
3741 4587 3960 4646 autem
4001 4586 4139 4646 toto
4172 4578 4529 4646 ministerii
4562 4574 4681 4643 mei

2741 4672 3032 4748 tempore
3085 4666 3480 4731 sententiam
3537 4665 3608 4730 in
3651 4663 3955 4746 docendo,
3998 4687 4195 4749 quam
4237 4664 4396 4733 inde
4441 4686 4483 4731 a
4524 4670 4681 4729 tem-

2741 4770 2896 4832 pore
2938 4750 3379 4834 apostolorum
3420 4750 3623 4817 fuisse
3664 4752 3737 4817 in
3779 4752 4050 4818 ecclesia
4089 4759 4313 4818 sancte
4356 4759 4429 4818 et
4469 4748 4680 4817 ortho-

2741 5041 2918 5097 1⁷0⁷.
2954 5045 3009 5108 1)
3056 5041 3348 5099 fractam
3390 5043 3478 5099 hic
3523 5059 3562 5097 α
3602 5042 3922 5112 Rauenna-o
3966 5044 4129 5097 ετξααι
4190 5044 4444 5098 Ver-maio
4489 5043 4678 5097 niam

2737 5113 2852 5178 tut
2884 5116 2937 5166 ετ
3067 5118 3154 5165 tea
3196 5112 3340 5165 inter
3384 5111 3548 5165 huius
3594 5126 3787 5179 opera.
3833 5113 3997 5180 quasi
4039 5113 4267 5176 ααιονξε,
4310 5115 4558 5179 νοωρτιιε
4588 5112 4675 5161 ατ.

2753 5179 2888 5236 Vide
2974 5218 2989 5232 .
3028 5179 3304 5250 Martyris
3338 5180 3518 5236 Locos
3550 5194 3852 5236 comumnes
3887 5180 4084 5234 Gen-ev.
4131 5180 4267 5235 1626
4307 5197 4366 5250 p.
4405 5178 4509 5235 697
4544 5191 4674 5246 seqq.

2743 5249 2861 5315 (Of.
2894 5251 3059 5302 οτξααι
3102 5249 3196 5304 Ηο
3252 5251 3262 5262 ”
3335 5253 3417 5302 en·
3451 5249 3526 5302 H.
3574 5248 3692 5303 eccl.
3729 5246 3884 5303 vm.
3918 5245 4012 5301 721

2743 5334 2857 5373 non
2901 5317 3067 5384 vidit,
3113 5326 3163 5373 et
3409 5320 3536 5384 ἐν,
3586 5315 3963 5386 Cento-ahiem·

2744 5387 2974 5457 spondet
3004 5388 3094 5443 hic
3128 5387 3481 5457 Bullinum-us
3512 5385 3589 5441 ad
3624 5381 3700 5440 N.
3740 5383 3886 5439 1650.
