4900 6167
667 412 792 476 195
2176 402 2706 474 EPIS'POLAE
2754 411 3178 475 1541—1546
4529 423 4630 487 19⁶

664 598 911 666 audivi.
1000 595 1185 681 Ergo
1226 613 1458 662 vereor
1497 613 1586 658 ne
1637 591 1919 659 maiores
1974 591 2302 659 tumultus
2335 592 2623 659 audituri

662 687 802 752 sint
839 684 916 749 in
989 681 1356 749 Germania
1422 700 1618 763 quam
1688 679 2011 746 hactenus
2074 699 2384 763 unquam.
2484 680 2623 746 Det

660 770 992 837 Dominus
1309 767 1381 831 in
1423 764 1652 831 diebus
1692 767 1957 831 nostris.

831 854 1079 921 Noster
1117 852 1459 936 transfuga
1502 849 1584 916 de
1632 872 1761 934 quo
1804 849 2035 917 scribis
2050 853 2110 924 ⁴)
2153 850 2341 916 siluit
2375 872 2417 916 a
2450 857 2615 915 tem-

657 960 820 1023 pore
850 941 986 1006 mei
1021 938 1363 1018 discessus,
1409 945 1478 1002 et
1517 936 1669 1003 silet
1703 935 1936 1003 adhuc.
2007 933 2407 1002 Obturatum
2441 936 2619 1002 enim

656 1025 755 1091 ini
798 1024 928 1092 fuit
969 1045 1062 1103 os,
1106 1045 1311 1109 quum
1353 1043 1396 1087 a
1439 1021 1627 1088 nobis
1670 1030 1813 1088 tum
1856 1044 1898 1088 a
1938 1019 2420 1087 Germanorum
2463 1041 2619 1088 con·

660 1110 1127 1189 cionatoribus,
1186 1119 1257 1175 et
1296 1128 1502 1192 quum
1545 1129 1587 1173 a
1628 1108 1819 1174 nobis
1861 1115 1930 1173 et
1968 1129 2009 1173 a
2048 1117 2276 1173 nostra
2317 1105 2618 1174 doctrina

657 1196 894 1264 defecit
932 1217 1055 1263 nos
1097 1194 1531 1278 relinquimus
1582 1192 1771 1259 illum
1812 1193 2100 1259 Domino
2142 1191 2289 1258 Deo
2333 1194 2439 1258 cui
2483 1198 2617 1259 stat

657 1289 775 1348 aut
816 1280 1007 1349 cadit.
1094 1280 1303 1346 Faxit
1343 1277 1532 1345 Deus
1571 1287 1649 1344 ιιι
1693 1287 1854 1360 stet,
1913 1284 1982 1344 et
2022 1299 2145 1344 nos
2186 1298 2434 1344 omnes.
2522 1280 2616 1344 Et

654 1377 732 1434 tu
775 1389 1030 1451 quoque
1070 1366 1263 1431 illum
1305 1366 1465 1446 sine,
1509 1384 1633 1430 nec
1676 1363 1948 1450 dignare
1982 1364 2185 1430 talem
2219 1365 2355 1429 tuis
2382 1364 2611 1446 literis,

652 1475 740 1519 ne
782 1454 952 1520 forte
994 1452 1209 1519 oleum
1250 1458 1318 1517 et
1359 1471 1628 1535 operam
1669 1450 1922 1535 perdas.

825 1539 1129 1605 Honesta
1202 1536 1320 1603 illa
1396 1545 1700 1602 matrona
1777 1537 2099 1604 Metensis
2162 1535 2457 1601 Domina
2530 1535 2612 1603 de

655 1624 973 1691 Moullins
1043 1622 1215 1689 diem
1280 1643 1474 1688 suum
1540 1623 1775 1690 clausit
1836 1629 2211 1689 extremum
2267 1629 2423 1688 ante
2476 1628 2612 1689 tres

653 1707 1114 1776 hebdomadas.
1186 1708 1709 1794 Argentinenses
1746 1729 1920 1776 nuuc
1954 1729 2187 1774 rursus
2221 1708 2612 1792 affliguntur

650 1803 859 1880 peste.
948 1792 1129 1862 Olim
1171 1803 1543 1862 cessaverat
1557 1847 1573 1871 ,
1614 1794 1730 1861 sed
1786 1795 1919 1860 iam
1962 1815 2195 1860 rursus
2247 1804 2608 1879 grassatur.

654 1882 842 1948 Haec
900 1887 1002 1948 est
1050 1881 1242 1966 virga
1293 1881 1582 1947 Domini.
1668 1879 2119 1965 Flagellamur
2132 1931 2151 1959 ‚
2206 1902 2330 1947 nec
2385 1888 2610 1946 tamen

654 1967 959 2034 meliores
1014 1968 1229 2033 fimus.
1331 1966 1518 2033 Deus
1585 1967 1980 2033 misereatur
2043 1967 2269 2031 nostri.
2367 1968 2605 2031 Amen.

650 2053 980 2119 Dominus
1015 2050 1204 2119 Deus
1247 2060 1317 2117 te
1350 2074 1509 2119 suae
1547 2052 1858 2120 ecclesiae
1898 2051 2011 2118 diu
2048 2050 2442 2118 incolumem
2470 2072 2607 2118 ser-

646 2145 763 2205 vet
826 2138 911 2204 ad
975 2147 1273 2204 nostram
1350 2138 1648 2204 omnium
1722 2137 2255 2204 aedificationem.
2365 2140 2604 2203 Amen.

645 2225 1054 2309 Argentinae
1097 2228 1199 2289 29.
1238 2222 1545 2290 Octobris
1594 2228 1776 2288 1551.

819 2308 1056 2377 Saluta
1122 2329 1362 2393 quaeso
1433 2309 1672 2375 fratres
1724 2330 1952 2375 omnes
2008 2308 2197 2375 verbi
2249 2307 2602 2375 ministros.

643 2395 969 2462 Libenter
1003 2395 1409 2479 scripsissem
1443 2392 1528 2458 ad
1560 2392 1645 2460 D.
1706 2394 1988 2461 Viretum
2023 2401 2090 2461 et
2123 2394 2208 2460 ad
2242 2392 2328 2460 D.
2376 2393 2603 2462 Farel-

651 2482 802 2562 lum,
848 2479 964 2547 sed
1000 2500 1136 2546 non
1176 2479 1333 2546 lieet
1374 2501 1492 2563 per
1533 2482 1758 2548 otium.

1262 2616 1444 2683 'I'uus
1489 2624 1670 2682 totus
1710 2616 1993 2683 Ioannes
2037 2616 2424 2684 Gamerius.

1522 3127 1713 3200 1542.

1028 3264 1378 3332 GALVIN
1412 3264 1783 3333 OON'I'RE
1826 3266 2201 3335 BOLSEO.

766 3433 1979 3536 ‘ReponoeauaeArfidesdeBozsoe
2030 3439 2599 3524 surlapredesoi-

642 3693 830 3760 (Pi'ece
864 3693 938 3747 du
972 3692 1163 3763 proces
1196 3710 1305 3748 non
1338 3693 1514 3764 datee‚
1545 3696 1683 3748 mais
1718 3695 1885 3750 ecrite
1919 3713 2044 3750 vers
2089 3698 2145 3751 la
2177 3698 2252 3752 fin
2288 3698 2595 3756 d'Oetobre.

811 3767 899 3816 est
930 3762 1214 3831 imprimes
1258 3780 1328 3817 au
1363 3762 1530 3818 Teme
1566 3762 1718 3819 VIII.
1762 3783 1817 3835 p.
1853 3762 1972 3835 181,
2008 3765 2140 3821 suiv.
2187 3774 2246 3822 et
2286 3785 2596 3825 commence

834 3848 938 3901 par
971 3847 1061 3885 ces
1093 3837 1260 3886 mets:
1307 3829 1496 3901 Quant
1525 3834 1565 3887 ὰ
1597 3847 1655 3888 ee
1687 3849 1792 3904 que
1822 3836 2047 3890 maistre
2080 3834 2404 3905 Hieroso-e.)

1412 4093 1821 4104 ———————-—-—

1373 4309 1570 4384 1543.
1657 4311 1845 4383 1544.

857 4442 1216 4514 Bonssc
1259 4448 1389 4515 Au
1435 4432 1741 4517 SENAT
1786 4452 1914 4518 DE
1961 4436 2365 4520 GENEVE.

637 4617 2593 4772 mfflfeuxnouvellesrequetesauxmemeefinsqueci-

635 4859 854 4931 (Voyez
889 4857 1132 4914 Oeuvres
1165 4859 1331 4914 Teme
1368 4860 1521 4914 VIII.
1556 4879 1609 4931 p.
1645 4859 1748 4915 193
1779 4868 1838 4916 et
1871 4861 1987 4918 197.
2079 4865 2229 4919 Elles
2264 4881 2333 4919 ne
2367 4871 2595 4935 portent

639 4945 739 5049 &aa
772 4929 841 4982 de
877 4928 1021 4993 date,
1058 4929 1194 4982 mais
1229 4930 1361 4982 elles
1396 4937 1522 4983 sont
1554 4945 1682 4984 sans
1716 4931 1881 4986 doute
1917 4933 2015 4987 des
2035 4935 2303 5004 premiere
2330 4934 2487 5003 jours
2522 4937 2591 4990 de

694 4997 969 5053 ovembre.
1046 4995 1199 5051 Elles
1253 5008 1625 5052 commencent
1678 5017 1781 5069 par
1837 5016 1928 5055 ces
1984 5011 2160 5057 mets:
2212 5003 2594 5060 Humblenent

798 5081 935 5121 vous
967 5065 1196 5136 supplic,
1231 5075 1288 5120 et
1326 5066 1550 5138 Supplis
1581 5068 1935 5126 Mnbkment
1967 5087 2068 5127 vos
2102 5071 2434 5128 excellence&

639 5252 922 5393 ...2:2.
950 5252 2079 5396 &eamme-...ase
2130 5265 2308 5319 Μ·
2370 5260 2591 5318 0...

3607 597 3800 668 1545.

3117 733 3790 804 BULLINGERUS
3843 734 4280 807 OALVINO.

2891 903 3174 988 Exponit
3226 907 3383 988 quid
3440 908 3573 989 ipse
3636 908 3898 973 senserit
3952 913 4009 973 et
4081 908 4295 992 feeerit
4345 913 4413 976 in
4464 932 4633 982 causa

2708 989 2968 1072 piorum
3016 990 3367 1069 Gallorum
3411 993 3691 1059 maxime
3732 993 3934 1074 quoad
3988 995 4223 1076 scripta
4273 1016 4472 1065 recens
4508 1020 4632 1067 wa-

2719 1080 2885 1142 rato.
2978 1075 3189 1143 Simul
3219 1098 3381 1143 nova
3420 1099 3500 1144 ea:
3547 1078 3898 1146 Germania
3940 1084 3997 1145 et
4045 1080 4268 1146 Gallia
4307 1085 4508 1149 tradit.

2715 1245 2995 1317 (Autogra
3034 1247 3144 1302 hou
3179 1254 3375 1315 exstat,
3411 1249 3507 1303 sed
3544 1251 3641 1303 abs
3683 1266 3751 1303 ue
3785 1251 4169 1321 inscriptione,
4203 1251 4259 1305 in
4295 1251 4420 1308 eod.
4454 1254 4636 1314 Gener.

2718 1314 2835 1380 114,
2873 1316 2964 1370 fol.
3034 1315 3086 1371 3.
3159 1316 3440 1372 Turretini
3475 1334 3628 1372 exem
3644 1268 3753 1371 (dar
3786 1318 3956 1372 babes
3989 1321 4046 1373 in
4071 1320 4199 1375 Cod.
4237 1319 4384 1387 111⁸,
4414 1323 4498 1377 fol.
4530 1324 4632 1390 223,

2716 1385 2997 1439 Bet-nense
3041 1387 3100 1439 in
3135 1386 3278 1456 Epp.
3325 1387 3426 1440 VL
3474 1404 3527 1456 p.
3567 1390 3590 1438 1
3680 1431 3696 1456 ‚
3743 1387 3962 1442 Simleri
4009 1388 4133 1442 Vol.
4183 1386 4264 1442 76.
4339 1392 4637 1462 Apographa

3447 1457 3663 1527 saepius
3700 1457 3952 1524 variant.)

2889 1606 2959 1673 S.
3017 1609 3101 1674 D.
3169 1608 3386 1676 Hodie
3450 1609 3715 1676 demum
3774 1618 3953 1689 tuas,
4018 1610 4281 1678 domine
4337 1621 4404 1678 et
4455 1614 4636 1681 stater

2714 1691 3166 1760 colendissimo
3188 1703 3256 1761 et
3287 1696 3641 1774 carissime,
3675 1696 3902 1763 literas
3935 1698 4154 1781 accepi
4190 1720 4308 1782 per
4342 1698 4637 1783 hospitem

2713 1778 3041 1859 ciconiae,
3069 1783 3121 1859 ¹)
3164 1801 3240 1847 ac
3261 1782 3674 1866 gratissimae
3717 1782 3978 1866 quidem
4021 1785 4303 1862 fuerunt,
4349 1785 4512 1868 quod
4549 1806 4637 1851 es-

2712 1874 2861 1930 sent
2901 1886 2942 1930 a
2984 1874 3050 1931 te
3091 1867 3423 1950 profectae
3446 1918 3464 1947 ,
3522 1888 3716 1951 quem
3766 1879 3944 1934 certe
3986 1889 4069 1934 ex
4115 1872 4333 1936 animo
4386 1891 4637 1937 veneror

2711 1959 2782 2016 et
2822 1970 3002 2016 amo:
3046 1951 3221 2018 unde
3263 1974 3400 2018 non
3441 1965 3718 2036 possunt
3751 1976 3884 2019 non
3918 1955 4298 2040 gratissima
4339 1977 4476 2022 esse
4513 1978 4637 2021 om-

2709 2036 2826 2102 nia
2866 2058 3035 2120 quae
3078 2060 3119 2104 a
3149 2048 3217 2103 te
3253 2040 3545 2105 veniunt.
3619 2039 3972 2106 Caeterum
4015 2043 4312 2124 graviter
4351 2062 4453 2107 me
4494 2042 4636 2108 affe-

2710 2124 2803 2188 cit
2845 2124 3036 2188 triste
3079 2125 3395 2191 nuncium
3440 2125 3522 2191 de
3555 2125 3845 2192 ecclesiis
3901 2135 3969 2191 et
4021 2126 4337 2193 fratribus
4391 2127 4636 2212 gallica·

2711 2208 2835 2274 nis.
2907 2209 2986 2275 Si
3029 2210 3186 2294 quid
3227 2210 3578 2277 levaminis
3622 2221 3737 2277 aut
3779 2213 4011 2276 auxilii
4045 2234 4379 2295 sperarem
4420 2236 4460 2279 a
4497 2235 4634 2279 nos-

2709 2295 3028 2375 tratibus,
3096 2318 3216 2362 nec
3282 2317 3619 2380 parcerem
3673 2298 4006 2364 laboribus
4062 2319 4188 2366 nec
4241 2309 4494 2384 paterer
4543 2319 4636 2365 me

2708 2382 3014 2447 excitari:
3059 2390 3310 2465 sponte,
3353 2382 3516 2446 mihi
3557 2383 3770 2459 crede,
3812 2406 4165 2450 currerem.
4239 2387 4486 2451 Verum
4517 2406 4636 2450 non

2705 2466 2974 2550 ignoras
3018 2488 3213 2551 quam
3250 2477 3700 2553 contemptum
3715 2471 3769 2548 ²)
3815 2490 4210 2553 responsum
4244 2469 4488 2537 dederit
4517 2490 4638 2536 non

2704 2552 2801 2616 ita
2833 2551 3090 2638 pridem
3124 2574 3242 2618 rex
3280 2563 3630 2637 antequam
3666 2555 3823 2620 hinc
3845 2558 3903 2635 ⁸)
3947 2557 4301 2641 migraret:
4345 2578 4470 2640 quo
4502 2577 4636 2622 nos·

2702 2645 2841 2704 tros
2916 2659 3144 2705 omnes
3219 2640 3313 2704 ita
3387 2639 3662 2706 offendit
3735 2649 3813 2707 ut
3888 2663 4022 2707 non
4100 2643 4311 2727 possit
4371 2643 4635 2728 gravius.

2705 2722 3062 2807 Quumque
3103 2725 3281 2790 filius
3300 2729 3355 2803 ⁴)
3398 2726 3662 2792 eosdem
3706 2727 3840 2792 fere
3884 2728 4122 2793 habeat
4156 2728 4549 2794 consiliarios
4579 2733 4640 2791 et

2702 2817 2959 2892 patrem
3002 2811 3241 2877 ferocia
3283 2819 3567 2895 superet,
3615 2833 3746 2877 non
3782 2814 4256 2897 exspectabunt
4296 2812 4636 2882 consultius

2703 2915 3092 2979 responsum
3148 2907 3217 2961 et
3279 2917 3321 2961 a
3386 2897 3542 2963 filio.
3641 2897 3998 2965 Praeterea
4056 2900 4182 2965 soli
4238 2900 4531 2984 Tigurini
4578 2905 4638 2963 et

2701 2981 3026 3047 Bernates
3069 3002 3207 3046 non
3253 2990 3411 3049 sunt
3452 2983 3523 3048 in
3567 2981 3860 3060 foedere,
3887 2989 3939 3062 5)
3983 2986 4158 3052 unde
4202 2985 4395 3052 audio
4435 2987 4636 3051 minus

2703 3087 2846 3133 esse
3009 3075 3079 3132 ta
3112 3088 3278 3151 quae
3319 3068 3401 3134 ab
3443 3069 3606 3152 ipsis
3649 3071 4168 3154 proficiscuntur.
4397 3095 4408 3108 ⁸

2937 3153 3314 3254 ibilominus
3328 3206 3347 3233 ,
3380 3175 3595 3254 ‚quum
3638 3177 3866 3223 mense
3909 3155 4288 3256 Septembri
4332 3157 4638 3224 diceretur

2701 3249 3439 3392 mmmm
3479 3262 3819 3393 3333
3811 3264 3905 3393 ..11’
3908 3242 4638 3414 'ffssgffiwfoffi

2701 3410 2827 3477 hac
2870 3411 3087 3494 specie
3129 3411 3402 3478 reddere
3445 3415 3804 3495 potuissem
3848 3412 4240 3481 Christianis
4284 3414 4638 3500 placabilio-

2701 3518 2860 3562 rem.
2938 3496 3026 3562 D.
3085 3496 3422 3581 Veryeaeius
3453 3498 3765 3582 gallicum
3799 3500 4018 3566 faciet:
4045 3503 4098 3576 ⁷)
4141 3503 4258 3585 qui
4292 3523 4493 3586 quum
4523 3502 4636 3564 im·

2701 3603 2968 3666 pressus
3031 3583 3232 3648 fuerit
3282 3585 3523 3651 curabo
3579 3585 3792 3650 modis
3849 3585 4152 3653 omnibus
4211 3596 4289 3653 ut
4343 3588 4510 3671 Regi
4573 3585 4638 3649 iu

2700 3689 2937 3734 manus
2980 3667 3190 3734 detur.
3279 3669 3545 3735 Interea
3607 3671 3944 3736 videretur
3996 3673 4554 3740 consultissimum
4586 3668 4639 3737 si

2701 3765 2777 3818 tu
2807 3752 3057 3820 scribas
3082 3755 3258 3821 Duci
3291 3755 3625 3822 Somerseti
3641 3758 3700 3841 S)
3735 3764 3804 3822 et
3839 3758 4141 3841 inprimis
4179 3761 4324 3845 regi
4353 3758 4635 3842 Angliae.

2700 3840 2847 3923 Ego
2888 3860 3144 3923 quoque
3186 3863 3383 3925 quam
3426 3842 3716 3927 primum
3769 3855 3997 3925 potero
4053 3848 4338 3911 scribam
4386 3843 4639 3911 Gordus-

2698 3926 2918 4005 riensi,
2940 3925 2994 4010 ⁹)
3037 3923 3123 3991 D.
3175 3927 3379 3993 Graio
3401 3932 3488 4004 ¹⁰)
3534 3937 3602 3991 et
3655 3928 3803 3994 aliis
3855 3930 4248 4012 primatibus
4305 3940 4381 3997 ut
4436 3939 4638 4013 patro·

2699 4096 2875 4149 1545.
2902 4095 2957 4161 1)
2995 4097 3162 4152 Hane
3205 4099 3561 4153 venerabant
3602 4096 3882 4154 OEeoniam
3931 4116 4036 4155 nos
4352 4104 4640 4179 muta-⁸28

2697 4165 3212 4246 hospitalqteetm,
3262 4168 3361 4222 sub
3405 4182 3513 4237 quo
3555 4184 3668 4222 non
3712 4167 4159 4239 meldeqentea
4209 4170 4640 4228 &cavimus

2696 4233 3130 4385 αοωάαέἷαῑὲἱέξ
3165 4303 3534 4385 contemptim.
3619 4304 3848 4376 Aqt'tur,
3895 4307 4011 4360 nisi
4044 4308 4339 4380 fallimur,
4387 4309 4454 4363 de
4485 4310 4637 4362 inter·

2696 4370 2935 4426 cessione
3410 4388 3513 4441 pro
3562 4372 4018 4431 novisanam.
4103 4377 4457 4445 (Patalam,
4501 4373 4636 4429 Bau.

2689 4455 2750 4510 p.
2785 4438 2965 4572 2553)
3003 4524 3032 4563 e
3065 4509 3196 4592 ma:

2900 4574 2966 4714 ἐξ
2999 4577 3404 4712 ,qmbdl
3451 4662 3576 4701 uum
3621 4663 3721 4703 rex
3760 4649 3957 4716 foedus
4001 4667 4121 4705 eum
4158 4652 4431 4709 Helvetiis
4465 4651 4640 4721 paci&-

2697 4714 2922 4769 cendum
2959 4716 3202 4782 ambiret,
3236 4716 3355 4784 ipse
3390 4663 3743 4786 {unimam
3775 4721 3893 4773 suis
3925 4721 4135 4776 αὐῶιιε
4169 4729 4337 4777 autor
4368 4723 4552 4789 fuerat
4583 4722 4638 4772 ut

2695 4789 3082 4916 'mange
3118 4851 3448 4921 perfectione
3484 4855 3930 4910 Christianorum.
4005 4856 4116 4923 (Of.
4153 4859 4233 4913 N.
4276 4859 4454 4926 1534.)

2903 4919 2965 4989 7)
2998 4923 3110 4975 imo
3141 4923 3326 4989 pocius
3359 4922 3616 4986 italicum,
3651 4940 3813 4993 quum
3846 4925 4039 4992 aauiee
4072 4928 4310 4983 libellum
4345 4931 4498 4984 Besa
4529 4940 4635 4980 ver·

2900 5055 2963 5123 8)
2998 5058 3097 5127 qui
3127 5059 3240 5112 ian
3273 5076 3341 5113 ιιι.
3370 5058 3596 5116 Octobr-e
3629 5062 3689 5114 in
3723 5061 3943 5118 vincula
3965 5064 4240 5120 οοκίοοᾱω
4274 5073 4394 5122 emt
4428 5081 4493 5120 ea:
4525 5062 4635 5133 qui·

2693 5126 2795 5184 bus
2828 5141 2955 5179 moa:
2990 5127 3259 5195 supplicio
3291 5128 3553 5183 liberaum
3582 5129 3710 5196 fuit.

2898 5193 2957 5259 9)
3001 5193 3309 5252 Oranmero.

2871 5263 2955 5329 10)
2987 5272 3178 5333 postea
3215 5264 3505 5390 Sfflolciae
3539 5266 3683 5330 duci,
3701 5267 3973 5350 ,Ιορκηαο
4012 5268 4223 5326 Graiae
4401 5272 4424 5325 '.
4475 5266 4635 5392 {agli

2692 5347 2754 5388 eo
2789 5338 3027 5404 tempore
3060 5335 3137 5390 ad
3165 5336 3257 5402 foe
3295 5351 3363 5389 us
3397 5351 3517 5391 eum
3558 5335 3738 5390 Gallis
3770 5339 4126 5394 melmabant.
4196 5344 4217 5405 (
4266 5341 4311 5405 f.
4351 5339 4428 5394 N.
4466 5337 4495 5390 1
4597 5336 4631 5401 .)
