4900 6167
270 436 376 500 13⁷
2057 436 2215 498 1551
2262 431 2447 501 IUN.
4129 443 4253 508 138

262 620 562 705 pffdonem
605 618 999 704 quibusdam
1040 620 1226 705 quasi
1269 619 1514 704 aliquid
1547 614 1892 687 nobiscum
1932 619 2197 686 molitu-

260 724 380 773 rus.
446 704 733 772 Videtur
773 726 919 772 esse
962 706 1133 773 bono
1174 706 1412 772 animo.
1483 702 1559 772 Si
1604 725 1682 771 eo
1720 705 2001 771 Bel-nam
2044 725 2197 771 con-

261 794 527 857 feremus
569 791 653 858 de
697 791 1003 858 omnibus
1044 792 1503 875 copiosissime,
1547 792 1605 858 si
1637 791 1815 858 volet
1845 790 2195 857 Dominus.

260 877 451 943 Pauci
507 883 671 944 sunt
728 886 1080 943 senatores.
1181 875 1492 943 Salutant
1561 885 1628 942 te
1682 878 1894 942 nostri
1950 897 2195 942 omnes.

144 1037 157 1050 .
264 961 477 1028 Salam
495 969 720 1028 nostro
744 963 1008 1028 nomine
1022 962 1265 1028 amieos
1286 983 1532 1042 omnes,
1560 968 1627 1027 et
1637 964 1878 1028 vestris
1892 962 2198 1044 precibus

262 1046 477 1113 habete
518 1070 640 1114 nos
682 1068 909 1114 omnes
952 1047 1472 1126 commendatos,
1531 1048 1820 1113 maxime
1865 1068 2023 1113 vero
2066 1046 2196 1112 Be-

260 1153 384 1198 ωηο
421 1134 700 1199 fratrem
739 1144 1041 1199 nostrum
1086 1154 1284 1217 quam
1324 1133 1768 1213 carissimum,
1822 1153 2016 1216 quem
2059 1132 2197 1197 Do-

261 1220 459 1283 minus
517 1239 679 1285 suae
732 1219 1044 1286 ecclesiae
1108 1226 1345 1285 servet.
1435 1217 1755 1285 Salutant
1811 1231 1876 1284 te
1916 1239 2086 1283 uxor
2129 1226 2199 1283 et

258 1302 497 1368 filiolae.
568 1304 784 1387 Cupio
828 1305 1083 1372 salvere
1127 1304 1469 1370 Enochum.
1542 1304 1729 1370 Vale.
1800 1305 2199 1370 Lausannae

207 1458 210 1461 ,
260 1392 345 1453 21.
387 1388 571 1455 Iunii
620 1394 803 1454 1551.

1219 1478 1404 1541 Tuus
1445 1475 1688 1541 Petrus
1731 1474 2018 1540 Viretus.
2117 1549 2128 1558 ,

994 1766 1401 1775 ————-———-.-

1109 1983 1300 2054 15⁰2.

776 2137 1252 2205 OALVINUS
1304 2137 1667 2205 VIRETO.

408 2308 763 2392 Respondet
791 2311 877 2376 ad
912 2310 1167 2394 εἰπερ-αἶα
1189 2311 1638 2390 praecedentis,
1671 2312 1949 2376 maxime
1983 2311 2195 2392 quoad

253 2396 545 2480 matium
592 2395 884 2461 airardi.
2130 2453 2134 2464 .

254 2565 344 2633 (Ex
385 2572 514 2620 auto
552 2566 724 2636 rapho
759 2565 890 2619 Ood.
913 2565 1115 2619 Gener.
1159 2565 1283 2619 107·
1334 2567 1427 2620 fol.
1476 2565 1562 2619 43.
1604 2594 1661 2603 -·
1700 2566 1976 2619 Turretini
2013 2581 2191 2618 exem·

254 2635 361 2703 pler
390 2652 522 2705 prae
594 2643 623 2688 t
656 2634 788 2688 Ood.
826 2633 946 2696 111,
980 2634 1073 2691 fol.
1107 2633 1226 2700 251,
1266 2608 1539 2688 liet-nense
1559 2651 1765 2704 apogra
1804 2634 1911 2688 hon
1950 2634 2189 2688 eiusdem

461 2704 605 2774 Epp.
643 2703 748 2762 VI.
785 2720 842 2772 p.
882 2701 964 2769 79,
999 2703 1234 2773 deniqne
1271 2703 1652 2757 Simlerianum
1690 2703 1770 2758 Vo
1796 2743 1807 2755 .
1846 2700 1959 2768 75.)

400 2874 672 2940 Eximio
718 2872 969 2940 Christi
1023 2875 1324 2939 ministro
1368 2874 1570 2939 Petro
1612 2873 1845 2937 Vireto
1889 2874 2190 2938 Lausan-

252 2960 456 3057 nensis
509 2958 820 3027 ecclesiae
876 2961 1125 3043 pastori
1184 2960 1374 3024 fratri
1418 2969 1487 3024 et
1542 2964 1947 3043 symmystae
1990 2962 2189 3024 caris-

254 3064 416 3110 simo.

401 3180 475 3249 S.
554 3181 857 3248 Nuneius
926 3201 1072 3247 sero
1143 3181 1313 3246 mihi
1377 3189 1527 3247 tuas
1592 3180 1820 3247 literas
1884 3179 2187 3247 reddidit.

250 3263 401 3332 Heri
442 3267 803 3351 appulerat.
890 3266 1324 3349 Exspectavit
1371 3266 1529 3331 dum
1585 3287 1626 3331 a
1661 3268 1971 3333 concione
2014 3265 2189 3331 redi-

250 3371 391 3418 rem.
476 3351 714 3419 Voluit
751 3352 1047 3418 fortassis
1105 3352 1270 3417 mihi
1312 3370 1606 3435 parcere,
1659 3373 1863 3437 quum
1906 3373 1977 3418 se
2020 3349 2189 3416 nihil

252 3437 470 3504 afferre
511 3440 710 3504 sciret
732 3446 996 3521 praeter
1021 3438 1327 3503 tristitiae
1368 3437 1730 3503 materiam.
1802 3436 1939 3504 Sed
1982 3438 2189 3501 inter-

250 3541 317 3586 ea
372 3524 676 3606 precibus
744 3523 989 3589 nostris
1057 3522 1303 3606 aliquid
1362 3523 1675 3605 temporis
1729 3531 2029 3606 ereptum
2070 3529 2188 3587 est.

247 3606 418 3675 Mors
464 3609 647 3675 Scori
684 3608 853 3674 mihi
895 3627 1032 3673 non
1075 3629 1310 3692 parum
1352 3608 1586 3673 acerba
1628 3609 1767 3673 fuit.
1845 3609 2040 3674 Nunc
2081 3627 2190 3672 me

248 3693 426 3761 valde
466 3695 740 3760 anxium
784 3694 987 3759 habet
1027 3693 1315 3777 collegae
1368 3694 1467 3758 tui
1507 3694 1891 3776 periculum.
1977 3691 2193 3758 Betae

250 3799 391 3844 vero
457 3781 667 3846 nostri
722 3779 988 3845 morbus
1058 3791 1381 3862 quantum
1439 3799 1546 3843 me
1600 3780 1961 3857 excruciet,
2029 3777 2191 3843 adeo

249 3865 449 3931 verbis
501 3866 875 3949 exprimere
928 3886 1060 3929 non
1122 3866 1345 3930 laboro
1404 3871 1479 3928 ut
1519 3864 1731 3948 magis
1775 3863 2191 3929 dissimulare

248 3951 507 4032 cupiam.
611 3950 925 4033 Erumpit
981 3960 1205 4015 tamen
1278 3948 1491 4024 dolor,
1556 3971 1688 4014 non
1751 3948 1863 4014 ille
1925 3946 2189 4030 quidem

249 4033 652 4114 immodicus,
719 4036 779 4100 si
844 4035 923 4100 de
980 4036 1120 4101 eius
1174 4035 1317 4100 vita
1368 4036 1498 4098 iam
1557 4045 1775 4099 actum
1818 4036 2012 4111 foret,
2073 4032 2190 4098 sed

249 4118 766 4205 intempestivus:
834 4121 989 4203 quia
1052 4120 1215 4184 mihi
1280 4127 1653 4202 temperare
1715 4137 1966 4202 nequeo
2027 4120 2189 4201 quin

252 4212 550 4288 tanquam
607 4216 941 4271 mortuum
1002 4205 1284 4290 lugeam.
1370 4205 1574 4269 Eram
1618 4206 1785 4270 istuc
1844 4211 2188 4282 venturus,

252 4290 301 4353 si
336 4292 510 4374 passi
552 4292 834 4357 fuissent
889 4291 1140 4355 fratres.
1232 4289 1369 4355 Sed
1413 4291 1568 4373 quia
1608 4291 1814 4355 iustas
1860 4288 2191 4354 habebant

250 4394 465 4442 causas
519 4375 731 4460 parui.
819 4376 958 4442 Nee
1012 4396 1171 4441 vero
1232 4375 1401 4440 alius
1443 4384 1586 4441 erat
1622 4376 1951 4458 profectus
1992 4395 2189 4458 quam

251 4467 320 4523 ut
355 4463 666 4528 moeroris
709 4462 987 4528 societas
1030 4462 1292 4545 utrique
1326 4471 1630 4526 nostrum
1664 4461 2010 4526 levationis
2047 4460 2190 4526 vice

253 4555 428 4611 esset.

407 4632 890 4698 Profectionem
937 4639 1116 4696 tuam
1162 4650 1289 4695 non
1332 4632 1604 4698 consulo
1647 4640 1724 4695 ut
1765 4629 1872 4696 lon
1926 4630 2025 4696 'us
2061 4629 2187 4694 dif-

251 4713 427 4783 feras.
531 4717 815 4782 Etiamsi
854 4718 1074 4783 minus
1117 4716 1360 4782 efficias
1425 4739 1621 4800 quam
1664 4725 1864 4800 optan
1917 4737 2023 4779 um
2067 4725 2186 4794 est,

253 4820 374 4866 non
418 4823 647 4886 parum
693 4813 915 4868 tamen
970 4801 1226 4867 iuvabit
1282 4811 1347 4866 te
1404 4802 1698 4885 partibus
1745 4803 1875 4866 tuis
1918 4801 2186 4866 defunc-

255 4897 384 4952 tum
428 4909 583 4954 esse.
671 4888 780 4954 Ad
822 4887 1245 4953 Bamzaaeares
1288 4887 1344 4951 si
1404 4887 1584 4953 voles
1638 4887 1918 4953 scribere
1960 4886 2186 4951 literas

261 4971 511 5039 Perrino
577 4974 929 5039 mittendas
994 4994 1261 5050 censeo,
1329 4983 1405 5036 ut
1469 4974 1606 5055 ipse
1669 4974 1925 5054 primus
1990 4971 2183 5055 legat.

258 5057 393 5123 'ribi
438 5081 584 5124 cum
640 5060 798 5124 feris
848 5059 1071 5123 bestiis
1128 5059 1461 5141 negotium
1520 5069 1636 5122 est.
1728 5060 1956 5140 ltaque
2012 5056 2184 5141 apud

259 5142 406 5209 alios
448 5144 864 5210 incutiendus
904 5152 1007 5208 est
1067 5144 1229 5226 ipsis
1270 5143 1512 5225 pudor,
1582 5142 1686 5206 vel
1729 5143 1960 5209 saltem
2008 5142 2186 5208 dete-

262 5229 461 5310 genda
500 5250 724 5294 eorum
770 5229 1166 5312 improbitas.
1242 5228 1346 5292 Ad
1393 5235 1688 5293 senatum
1736 5243 2035 5292 nostrum
2083 5250 2186 5292 sa-

260 5314 381 5380 tius
424 5325 591 5381 esset
644 5316 817 5380 hanc
874 5315 1344 5398 querimoniam
1382 5313 1638 5379 deferri.
1726 5312 1934 5396 quue
1977 5315 2188 5397 magia

2297 621 2677 772 probarem:
2721 621 2855 686 nisi
2895 620 3070 705 quod
3112 621 3539 688 metuendum
3584 632 3688 689 est
3720 645 3804 689 ne
3847 630 3913 691 te
3954 625 4260 694 maledici

2349 707 2600 772 omines
2637 708 2876 773 veteris
2913 707 3207 773 beneficii
3243 729 3479 792 parum
3514 729 3867 775 memorem
3893 731 4034 777 esse
4068 733 4259 796 prae-

2301 789 2551 872 dicent,
2612 813 2741 876 quo
2784 801 2975 876 pater
3016 813 3239 859 eorum
3300 814 3455 859 suae
3497 794 3784 861 familiae
3828 804 3893 863 te
3938 796 4255 864 devinxit.

2300 878 2394 943 Et
2436 887 2659 943 tamen
2694 877 2961 962 expedit
3002 887 3261 944 nostros
3295 878 3533 945 melius
3575 881 3820 946 sentire
3853 881 4097 948 factam
4141 883 4261 949 tibi

2301 983 2444 1030 esse
2486 963 2799 1028 iniuriam
2841 985 3043 1047 quum
3088 972 3226 1028 tam
3267 965 3773 1049 praecipitanter
3816 968 3886 1032 in
3929 988 4258 1034 carcerem

2300 1051 2629 1116 coniectus
2684 1047 2814 1114 fuit
2881 1048 3223 1115 Girardus.
3327 1047 3461 1115 Sed
3527 1073 3701 1117 nunc
3769 1052 4080 1136 fugienda
4127 1054 4262 1141 ,tibi

2302 1141 2401 1199 est
2441 1133 2946 1200 inhumanitatis
2992 1143 3164 1201 nota.
3256 1132 3448 1215 Quod
3495 1138 3551 1199 si
3593 1137 3904 1220 privatim
3949 1139 4260 1223 increpiti

2299 1220 2666 1305 protervire
2709 1241 2842 1284 non
2880 1219 3203 1299 desinant,
3247 1219 3416 1285 liber
3459 1241 3535 1286 ac
3579 1221 3834 1287 solutus
3878 1226 4023 1288 eris.

2476 1305 2806 1371 Zerkintae
2866 1305 3151 1371 breviter
3208 1306 3436 1371 scribo.
3525 1307 3738 1373 Exem
3786 1308 3887 1372 lar
3946 1309 4259 1390 epistolae

2298 1410 2428 1473 qua
2481 1411 2589 1455 me
2647 1390 2726 1454 de
2785 1392 2965 1456 festis
3026 1389 3253 1455 diebus
3296 1391 3553 1456 abolitis
3599 1412 3723 1477 apu
3815 1392 4260 1476 Bullinyerum

2270 1476 2581 1560 ,purgavi
2607 1480 2658 1555 ¹)
2693 1476 2790 1540 illi
2826 1475 3148 1541 ostendes.
3220 1474 3438 1540 Velim
3477 1485 3716 1556 tamen,
3752 1479 3809 1543 si
3845 1480 3987 1543 fieri
4021 1487 4258 1561 potest,

2297 1561 2573 1627 alteram
2635 1561 2981 1644 epistolam
3038 1581 3382 1644 recuperes
3436 1584 3633 1646 quam
3700 1573 3853 1628 ante
3916 1563 4179 1631 biennio
4198 1566 4257 1647 ²)

2301 1646 2382 1712 de
2446 1646 2684 1730 gallico
2742 1645 3002 1712 foedere
3073 1647 3481 1729 scripseram.
3500 1650 3555 1729 Β)
3655 1648 3828 1713 Nam
3893 1655 4106 1715 certas
4171 1649 4254 1715 ob

2299 1753 2529 1798 causas
2584 1733 2852 1815 periisse
2910 1731 3111 1797 doleo.
3198 1731 3372 1797 Vide
3428 1753 3586 1817 ergo
3646 1755 3730 1799 an
3774 1734 3948 1818 apud
3995 1734 4256 1800 Zerkin-

2297 1822 2416 1884 tem
2473 1818 2856 1903 reperietur.
2947 1816 3032 1881 D.
3083 1817 3342 1883 Hallero
3399 1818 3565 1882 nihil
3621 1821 3865 1899 scribo,
3930 1821 4083 1902 quia
4132 1841 4255 1887 nec

2297 1910 2431 1968 tem
2484 1924 2562 1968 us
2607 1904 2929 1988 suppetit,
2996 1911 3066 1968 et
3123 1913 3197 1968 tu
3262 1924 3563 1968 sermone
3621 1905 3858 1970 melius
3895 1903 4255 1988 praestabis

2297 2008 2424 2070 quo
2515 1987 2724 2054 literis
2767 1988 3154 2053 tentandum
3200 2011 3240 2053 a
3284 2010 3388 2053 me
3430 1989 3628 2066 foret,
3697 1999 3770 2053 ut
3814 1991 3967 2055 forti
4010 1989 4257 2055 scilicet

2298 2074 2682 2157 excelsoque
2739 2073 2956 2138 animo
3014 2075 3315 2139 sinistros
3378 2074 3524 2139 illos
3580 2095 3875 2140 rumores
3919 2074 4032 2141 des
4078 2076 4254 2142 iciat.

2298 2157 2594 2224 Nebulae
2638 2167 2798 2225 sunt
2839 2179 2999 2241 quas
3043 2179 3199 2223 mox
3242 2160 3535 2225 excutiet
3555 2158 3899 2239 Dominus,
3944 2181 4027 2226 ve
4088 2181 4256 2243 quae

2299 2254 2531 2328 sponte
2585 2250 2955 2310 vanescant.
3045 2244 3273 2328 Ipsum
3332 2254 3400 2308 et
3441 2244 3722 2327 reliquos
3785 2265 3932 2310 meo
3990 2245 4255 2310 nomine

2299 2330 2585 2396 officiose
2629 2330 2890 2396 salutes.
2970 2328 3278 2414 Collegae
3335 2330 3462 2393 mei
3520 2329 3706 2395 vobis
3763 2329 4063 2396 omnibus
4105 2329 4288 2412 plu-.

2299 2416 2534 2480 rimam
2563 2416 2845 2482 salutem
2881 2422 3134 2499 optant.
3212 2414 3482 2481 Utinam
3518 2413 3764 2498 aliquid
3797 2413 4034 2481 laetius
4069 2412 4255 2481 brevi

2296 2500 2490 2564 istinc
2534 2501 2866 2567 afferatur.
2956 2499 3285 2566 Dominus
3327 2498 3509 2565 vobis
3553 2498 3756 2578 adsit,
3824 2520 4074 2583 vosque
4116 2520 4254 2565 ser-

2296 2584 2512 2651 vando
2555 2596 2623 2651 et
2665 2584 3063 2669 protegendo
3123 2585 3434 2651 ecclesiae
3491 2606 3651 2651 suae
3694 2585 3898 2650 saluti
3938 2584 4252 2651 consulat.

2295 2670 2589 2736 Uxorem
2633 2681 2700 2737 et
2735 2670 2970 2737 filiolas
3007 2672 3258 2737 salvere
3302 2671 3511 2736 iubeo.
3582 2670 3895 2737 Genevae
3938 2676 4039 2735 23.
4077 2671 4254 2736 Iunii

3207 2877 3492 2940 Ioannes
3517 2874 3858 2960 ,Calvinus
3901 2884 4074 2940 tuus.

3190 3381 3385 3451 15⁰3.

2702 3534 3373 3603 BULLINGERUS
3408 3533 3838 3602 OALVINO.

2471 3707 2602 3774 Res
2643 3707 3062 3790 Anylicanas,
3107 3707 3182 3772 de
3236 3706 3466 3790 quibus
3508 3709 3564 3769 et
3605 3704 3861 3769 aliunde
3902 3706 4121 3770 certior
4162 3711 4253 3771 est

2289 3793 2514 3876 saduc,
2556 3793 2628 3857 in
2669 3792 2822 3858 bono
2877 3797 3046 3858 statu
3092 3812 3223 3858 esse
3260 3793 3506 3875 qaudet.
3610 3787 3838 3853 Verum
3893 3791 3968 3856 cle
4007 3791 4252 3873 foedere

2292 3898 2435 3944 cam
2477 3877 2588 3944 illo
2629 3897 2816 3961 rayno
2855 3878 3127 3944 ineundo
3165 3878 3407 3943 nullam
3429 3894 3553 3958 pro
3595 3878 3862 3955 tempore
3903 3893 4077 3958 spem
4119 3895 4252 3943 esse

2290 3964 2476 4029 docet.
2563 3963 2769 4030 Addit
2808 3964 3117 4046 quaedam
3157 3964 3232 4029 de
3273 3961 3458 4027 rebus
3505 3959 3922 4025 Germanicia.

2297 4134 2409 4201 (Ex
2463 4133 2803 4256 antogapho
2851 4133 3018 4187 Aah.
3055 4117 3229 4186 Tarso.
3281 4131 3422 4184 rint.
3463 4129 3564 4184 v1.
3602 4129 3728 4184 v01.
3766 4128 3886 4192 129,
3923 4129 4051 4183 olim
4072 4105 4246 4185 siria.
4309 4149 4322 4156 -

2511 4204 2576 4257 Β.
2665 4219 2755 4273 pp.
2792 4202 2944 4256 Tom.
2982 4200 3067 4264 30,
3104 4200 3196 4253 fol.
3233 4197 3351 4253 273.
3390 4226 3455 4236 -
3492 4198 3709 4252 Simler.
3750 4197 3873 4250 Vol.
3912 4196 4024 4264 75.)

2294 4374 2679 4441 Clarissimo
2713 4373 2856 4440 viro
2891 4370 2975 4435 D.
3014 4369 3249 4435 Ioanni
3271 4368 3549 4435 Calvino
3581 4368 3964 4448 fidelissimo
3999 4368 4249 4451 pastori

2294 4460 2710 4526 Genevensis
2765 4456 3103 4532 ecclesiae,
3170 4454 3432 4520 domino
3490 4452 3875 4520 honorando
3933 4461 4000 4518 et
4056 4453 4252 4519 fratri

2891 4540 3087 4624 longe
3129 4540 3467 4606 carissimo
3510 4560 3645 4606 suo.

2465 4679 2536 4747 S.
2583 4681 2667 4746 D.
2735 4677 3024 4743 Multum
3069 4698 3175 4741 me
3217 4686 3387 4755 tuae,
3436 4677 3640 4742 frater
3682 4676 3755 4741 in
3797 4676 4087 4741 Domino
4129 4675 4247 4740 ho-

2294 4763 2584 4832 norande
2617 4774 2686 4830 et
2717 4762 3154 4843 dilectissime,
3190 4762 3648 4828 exhilararunt
3680 4761 3913 4828 literae
3946 4761 4245 4828 felicissi-

2289 4873 2477 4917 mum
2519 4849 2847 4934 evangelii
2888 4869 3154 4914 cursum
3187 4849 3262 4912 in
3305 4847 3551 4932 Anglia
3585 4848 3993 4928 nunciantes,
4036 4866 4243 4930 quan-

2288 5124 2470 5180 usoa.
2494 5124 2547 5189 1)
2586 5122 2664 5205 iv.
2702 5121 2861 5177 1482.

2288 5329 2444 5385 behet
2495 5192 2557 5327 ἐξ
2589 5208 2684 5315 ⁸33⁰
2708 5257 2889 5312 1187?
2967 5257 3162 5313 Verum
3207 5258 3340 5313 haec
3385 5264 3565 5313 exstat
3608 5266 3657 5312 et
3704 5257 3893 5313 strici
3926 5255 4245 5326 quaer-sde—
