4900 6167
652 357 779 416 711

652 549 979 619 vensibus
1015 549 1259 616 datum.
1323 547 1528 614 Haud
1573 545 1750 611 enim
1786 542 2012 610 dubito
2055 544 2212 627 quin
2249 543 2415 609 illud
2462 566 2623 628 quo-

657 655 797 718 que
843 661 883 704 a
924 636 1009 702 D.
1049 635 1311 703 Hauero
1353 631 1696 717 acceperis.
1786 630 2047 696 Deinde
2104 630 2457 696 eorundem
2518 654 2623 698 re-

666 742 982 805 sponsum
1030 742 1181 788 cum
1225 717 1585 787 Basiliensi
1603 722 1656 793 ⁴)
1701 717 1772 782 in
1816 716 1941 783 hac
1984 735 2181 783 causa
2236 715 2317 781 de
2364 738 2622 784 excom-

652 810 1106 877 municatione
1148 805 1382 873 iisdem
1431 804 1675 870 datum.
1742 803 1847 868 Ea
1888 809 2064 869 certe
2104 802 2293 868 brevi
2339 812 2408 869 et
2448 802 2622 869 bona

655 895 790 962 fide
854 894 1143 962 reddam.
1248 889 1443 974 Quod
1509 898 1731 955 autem
1802 888 1963 954 adeo
2033 887 2437 954 confidenter
2488 890 2621 955 ista

748 994 848 1063 to,
908 982 1066 1047 facit
1120 990 1238 1044 tua
1292 998 1452 1062 erga
1507 998 1612 1042 me
1664 996 1860 1059 quam
1908 974 2225 1040 hactenus
2267 975 2620 1041 exercuisti

710 1068 1037 1133 umanitas
1100 1075 1169 1131 et
1224 1083 1484 1130 summa
1533 1060 2018 1138 benevolentia,
2079 1081 2206 1145 qua
2264 1068 2330 1125 et
2384 1082 2489 1126 me
2551 1071 2618 1128 et

656 1151 824 1219 alios
878 1160 1283 1238 symmystas
1341 1151 1434 1215 ita
1489 1148 1608 1214 tibi
1667 1148 1956 1212 devincis
2022 1154 2099 1211 ut
2151 1167 2271 1211 nos
2322 1154 2494 1213 totos
2552 1155 2620 1212 et

654 1239 885 1305 omnia
926 1259 1094 1321 0000
1138 1257 1484 1321 possumus
1528 1233 1647 1298 tibi
1688 1233 2055 1298 debeamus.
2128 1231 2298 1297 Vale
2335 1242 2402 1297 et
2442 1233 2615 1311 vive,

656 1326 762 1391 vir
807 1324 1300 1403 humanissime,
1343 1342 1493 1386 cum
1539 1318 1845 1385 omnibus
1880 1319 2260 1403 symmystis
2299 1319 2426 1402 piis
2471 1316 2612 1385 doc·

659 1411 878 1494 tisque
944 1410 1110 1475 viris
1177 1429 1338 1492 0000
1391 1427 1541 1473 1000
1600 1407 1865 1471 0010100
1929 1402 2290 1488 plurimum
2359 1404 2615 1470 salvere

656 1495 933 1563 iubebis.
977 1522 2612 1545 —————————————

650 1583 850 1648 Nova
885 1582 1071 1647 nulla
1115 1579 1432 1646 habemus
1475 1579 1605 1644 nisi
1648 1577 1978 1643 Alberaam
2021 1596 2062 1641 a
2103 1575 2612 1675 Norimbergen-

651 1668 838 1734 sibus
883 1665 1210 1733 devictum
1255 1668 1369 1730 vix
1415 1666 1701 1730 evasisse
1743 1685 1825 1728 ex
1871 1684 2112 1748 pugna.
2204 1660 2611 1745 Scaphusiae

654 1757 759 1818 23.
804 1753 1146 1820 Decembr.
1202 1756 1381 1816 1553.

1323 1888 1503 1953 Tuae
1547 1886 1948 1954 humanitati
1991 1884 2432 1952 deditissimus

1610 1991 1884 2056 Iacobus
1928 1990 2158 2075 Riiger

1269 2095 1572 2159 minister
1612 2093 1922 2160 ecclesiae
1966 2092 2474 2176 Scaphusianae.

2180 353 2702 422 EPISTOLAE
2756 358 3173 421 1876-1878

4531 373 4640 436 712

2720 557 2892 611 tram
2936 553 3269 629 praestare
3322 548 3690 631 cupivimus
3744 559 3812 615 et
3852 548 4240 618 studuimus.
4331 549 4460 620 Sed
4500 559 4641 641 quid

2720 632 3128 698 effecerimus
3187 632 3476 699 declarat
3533 643 3839 715 eventus,
3908 636 4031 701 hoc
4087 647 4219 715 est,
4286 639 4454 722 quod
4514 644 4645 711 sola

2720 728 2945 784 nostra
2988 717 3368 802 disciplinae
3411 720 3625 787 forma
3681 720 3764 786 ad
3819 742 3937 788 vos
3993 724 4280 789 mittitur
4334 745 4374 789 a
4428 739 4643 796 senatu

2718 814 2973 883 nostre,
3004 810 3050 881 ¹)
3116 825 3285 887 0000
3343 826 3421 870 00
3473 815 3660 889 parte
3719 807 3825 873 vel
3880 809 4163 875 maxime
4220 811 4646 896 suffragatura

2716 889 2957 955 vestris
3020 889 3320 956 hostibus
3384 891 3645 957 videtur
3715 892 3886 976 quod
3952 902 4176 960 noster
4239 897 4644 981 magistratus

2715 975 2838 1040 sibi
2883 996 2923 1039 a
2964 978 3161 1040 tertia
3202 978 3557 1043 monitione
3601 978 3806 1044 voluit
3848 980 4260 1048 refractarios
4304 984 4473 1061 sisti,
4525 1007 4642 1069 000

2715 1081 2824 1126 000
2869 1060 2975 1127 vel
3017 1061 3243 1144 poenis
3284 1063 3757 1147 corporalibus,
3800 1065 4058 1145 exsilio,
4103 1069 4503 1152 captivitate,
4554 1073 4641 1139 fa-

2715 1146 3121 1212 cultatumve
3165 1148 3423 1214 mulctis
3465 1158 3785 1228 coerceat,
3846 1153 3904 1217 si
3963 1151 4310 1220 videantur
4350 1156 4643 1226 ecclesiae

2716 1232 3125 1315 disciplinam
3185 1255 3270 1299 ne
3316 1234 3581 1315 lecturi,
3659 1237 3759 1301 vel
3821 1246 3896 1301 ut
3953 1239 4263 1305 ecclesiae
4316 1244 4643 1311 remittant

2712 1321 3251 1385 excommunican
3299 1341 3388 1386 os.
3459 1321 3678 1404 Atque
3712 1324 4113 1407 exceptionis
4149 1325 4346 1393 huius
4389 1350 4641 1396 causam

2709 1404 3111 1487 praetendit.
3190 1406 3364 1489 quod
3435 1406 3706 1491 rigidior
3782 1408 3990 1474 multo
4067 1414 4642 1483 excommunicatio

2708 1501 2934 1556 nostra
2972 1491 3275 1556 instituta
3309 1493 3397 1557 sit
3429 1513 3626 1575 quam
3659 1503 3900 1571 vestra,
3945 1506 4021 1561 ut
4063 1517 4230 1579 quae
4273 1519 4405 1564 non
4442 1499 4641 1568 001010

2709 1597 2748 1640 0
2793 1575 3154 1642 (1010101000
3196 1599 3436 1644 000000
3455 1630 3471 1656 ,
3527 1600 3757 1644 verum
3803 1581 4002 1646 etiam
4047 1604 4088 1647 0
4129 1584 4303 1650 civili
4349 1585 4641 1654 domesti-

2709 1681 2912 1744 caque
2990 1663 3574 1731 communicatione
3653 1667 3871 1732 eiiciat
3934 1668 4289 1735 obstinatos
4308 1721 4325 1747 ,
4405 1682 4471 1737 et
4533 1695 4643 1757 pro

2708 1747 2967 1830 publico
3025 1759 3339 1833 suggestu
3398 1750 3782 1817 sollenniter
3835 1751 4217 1835 infametur,
4250 1761 4285 1795 ⁴⁸*
4350 1759 4519 1823 sicut
4579 1759 4641 1825 id

2707 1833 2918 1898 forma
2957 1834 3275 1916 impressa
3321 1835 3536 1918 (cuius
3577 1837 3770 1903 mitto
3815 1839 4182 1922 exemplar)
4235 1843 4495 1909 abunde
4537 1845 4642 1911 de-

2707 1918 2930 1984 clarat.
3020 1917 3169 1999 Quo
3225 1922 3447 1986 minus
3506 1922 3706 1988 velim
3762 1923 3886 1991 hoc
3943 1945 3982 1988 a
4037 1928 4272 1993 vestris
4315 1930 4386 1993 10
4431 1941 4642 1995 exemss

2706 2003 2888 2088 plum
2949 2005 3153 2084 trahi,
3211 2005 3564 2090 malimque
3621 2028 3741 2093 ego
3799 2022 3867 2075 et
3920 2011 4095 2095 apud
4150 2034 4267 2079 nos
4324 2016 4646 2098 publicam

2704 2090 3204 2157 infamationem
3249 2104 3318 2157 et
3351 2093 3797 2161 exclusionem
3834 2096 4092 2162 civilem
4128 2097 4410 2177 obmitti‚
4456 2124 4644 2183 quam

2703 2175 3164 2260 magistratum
3208 2179 3439 2261 quovis
3496 2179 3692 2245 modo
3750 2182 3821 2245 in
3878 2204 3988 2248 000
4031 2185 4357 2269 stringere
4404 2187 4641 2255 ferrum

2703 2282 2868 2344 0000
2910 2262 3181 2329 ecclesia
3213 2262 3558 2342 sanandos,
3603 2288 3736 2331 non
3769 2267 4152 2351 perdendos,
4197 2270 4424 2337 studet
4459 2277 4643 2358 spiri·

2704 2346 2868 2413 tuali
2914 2349 3304 2415 coercitione
3348 2351 3656 2417 coniecta.
3683 2358 3717 2391 ¹*
3794 2353 3886 2417 Et
3928 2376 4125 2439 super
4168 2377 4245 2421 ea
4288 2379 4359 2424 re
4407 2359 4641 2428 delibe-

2575 2512 2582 2519 ,
2701 2434 2871 2499 10110
2906 2455 2946 2499 0
2981 2433 3165 2500 nobis
3201 2436 3601 2516 instituetur,
3647 2449 3721 2502 ut
3759 2438 4102 2523 disciplina
4142 2445 4348 2526 possit
4393 2445 4643 2513 sincera

1518 2622 1706 2692 1877.

722 2775 1205 2845 SULZERUS
1249 2775 1728 2843 MINISTRIS
1774 2773 2515 2842 GENEVENSIBUS.

826 2950 1032 3016 Mittit
1073 2950 1166 3016 eis
1210 2949 1529 3030 exemplar
1550 2948 1925 3029 disciplinae
1966 2947 2407 3013 ecclesiasticae
2447 2967 2596 3027 qua-

646 3038 734 3104 lis
800 3035 1103 3104 Basizeae
1178 3035 1399 3101 obtinet
1476 3054 1730 3115 eamque
1794 3034 2000 3099 variis
2075 3030 2599 3098 observationibus

638 3124 958 3190 illustrat.-
1017 3123 1380 3204 suspicatur
1419 3140 1559 3185 vero
1601 3140 1740 3186 eam
1795 3121 1884 3185 iis
1913 3138 2157 3201 pamm
2186 3117 2598 3201 profutmam

634 3212 713 3275 ia
754 3230 873 3276 sua
917 3229 1058 3274 cum
1099 3213 1319 3273 senatu
1361 3212 1417 3272 et
1454 3206 1845 3271 adversariis
1885 3206 2316 3271 controversia.

634 3382 752 3449 (Ex
777 3380 1091 3451 apographo
1114 3379 1526 3433 mendosissimo
1546 3377 1677 3432 Cod.
1699 3377 1871 3430 Paris.
1927 3376 2126 3447 anuy
2163 3375 2281 3444 102,
2317 3377 2408 3430 fol.
2449 3375 2591 3440 122.)

809 3552 879 3619 S.
937 3551 1262 3618 Dolemus
1295 3550 1536 3615 iterum
1572 3570 1657 3613 ex
1693 3550 1914 3614 animo
1949 3568 2195 3613 novum
2231 3549 2589 3633 negotium,

635 3640 962 3708 carissimi
997 3640 1251 3715 fratres,
1296 3635 1482 3700 vobis
1517 3633 1880 3699 exhibitum
1917 3653 2075 3712 esse,
2123 3634 2589 3718 ecclesiamque

632 3737 928 3792 vestram
991 3734 1129 3789 tam
1188 3719 1503 3806 gravibus
1561 3719 1838 3786 subinde
1894 3720 2392 3803 tempestatibus
2435 3741 2589 3788 con-

632 3811 811 3878 velli.
912 3809 1048 3876 Sed
1117 3808 1279 3874 haec
1337 3805 1579 3871 usitata
1648 3816 1804 3871 sunt
1857 3805 2146 3872 Satanae
2212 3805 2585 3872 molimina:

628 3898 730 3964 sic
774 3897 1033 3962 tantis*
1074 3892 1512 3958 ministerium
1555 3900 1882 3970 vestrum,
1940 3891 2113 3974 quod
2155 3899 2340 3957 tanto
2383 3891 2588 3957 habet

635 3983 943 4049 infestius
1001 3988 1246 4062 quanto
1301 3978 1537 4042 maiori
1605 3978 1849 4043 virtute
1905 3977 2033 4044 hoc
2090 3978 2233 4062 ipso
2300 3999 2585 4063 regnum

631 4069 844 4152 ipsius
878 4067 1323 4149 impugnatur.
1392 4061 1816 4128 Occasionem
1851 4084 2013 4129 vero
2057 4062 2343 4148 amplam
2386 4063 2584 4129 valde

633 4153 833 4220 habet
876 4174 959 4217 ex
1003 4151 1338 4215 obtinente
1380 4151 1622 4233 passim
1667 4149 2081 4233 impatientia
2131 4149 2406 4233 odioque
2450 4149 2582 4216 dis-

628 4239 912 4324 ciplinae
946 4236 1345 4302 christianae
1379 4236 1555 4300 unde
1590 4237 1667 4300 fit
1702 4244 1778 4299 ut
1806 4235 2306 4301 saluberrimum
2329 4235 2584 4302 Christi

630 4328 866 4410 iugum
911 4322 1018 4387 vel
1064 4342 1195 4387 non
1240 4320 1537 4387 inveniat
1593 4320 1808 4387 locum
1862 4320 2036 4406 apud
2095 4320 2438 4405 plerasque
2484 4343 2583 4388 ec-

630 4411 893 4489 clesias,
949 4406 1057 4472 vel
1102 4408 1217 4473 ubi
1259 4406 1462 4473 semel
1506 4415 1840 4490 receptum
1885 4416 1986 4472 est
2028 4407 2243 4472 denuo
2287 4406 2583 4474 humeris

628 4496 1035 4562 excutiatur:
1081 4503 1160 4559 01
1201 4496 1440 4558 mirum
1486 4492 1582 4558 nil
1616 4493 1705 4558 sit
1727 4493 2119 4559 Antichristi
2162 4492 2580 4577 tyrannidem

636 4583 919 4648 invicem
961 4577 1325 4657 succedere,
1363 4579 1475 4644 ubi
1511 4579 1711 4644 etiam
1747 4579 2175 4663 pertinaciter
2208 4579 2581 4644 institioni*

633 4667 885 4734 Christi
929 4664 1272 4741 resistitur,
1320 4686 1517 4748 quam
1561 4665 1667 4730 vel
1712 4675 2078 4747 temporum
2122 4665 2364 4731 horum
2407 4664 2580 4730 diffi-

628 4754 841 4821 cultas
906 4752 1258 4836 singularis
1322 4763 1392 4816 et
1453 4752 1841 4817 incumbens
1903 4752 2096 4835 virga
2158 4751 2398 4817 furoris
2453 4752 2581 4816 Dei

626 4837 1088 4908 commendare
1130 4837 1430 4903 omnibus
1486 4836 1830 4915 deberent,
1890 4834 2124 4920 quibus
2168 4837 2275 4902 vel
2332 4836 2581 4903 medio-

632 4927 835 4993 criter
877 4925 1100 4990 illuxit
1155 4923 1381 4988 lumen
1435 4923 1760 5008 evangelii
1804 4922 2076 4988 Christi.
2164 4921 2314 5003 Quo
2370 4925 2582 5007 magis

616 5034 772 5089 nos,
817 5013 991 5077 sicut
1030 5009 1429 5093 postulastis,
1474 5009 1793 5075 carissimi
1828 5008 2083 5086 fratres,
2130 5007 2394 5093 dperam
2430 5031 2581 5075 nos-

615 5186 773 5197 -n—-
786 5189 839 5196 -

836 5286 897 5353 4)
933 5284 1321 5356 mmmm.

2702 2527 2998 2586 constare
3040 2521 3244 2587 nobis.
3325 2521 3598 2589 Accedit
3640 2534 3707 2588 et
3749 2546 3826 2590 00
3868 2547 4064 2594 00000
4106 2549 4238 2611 000
4281 2552 4352 2597 00
4398 2534 4643 2599 moveri

2701 2605 3027 2689 significat
3057 2607 3228 2690 quod
3276 2607 3383 2674 hic
3421 2629 3555 2673 non
3594 2618 3671 2674 ut
3714 2611 3885 2694 apud
3930 2635 4046 2680 vos
4090 2623 4267 2683 totus
4309 2618 4643 2685 ministro-

2700 2712 2849 2756 rum
2905 2690 3062 2756 ordo
3124 2701 3192 2757 et
3253 2702 3480 2760 tantus
3545 2716 3629 2759 ex
3692 2705 3966 2780 utroque
4029 2710 4260 2767 senatu
4331 2724 4645 2772 numerus

2700 2797 3048 2843 censorum
3105 2798 3350 2845 munus
3402 2782 3714 2861 sustinet,
3788 2784 3905 2849 sed
3975 2785 4044 2851 in
4108 2787 4377 2872 reliquis
4436 2791 4642 2857 tribus

2697 2862 3025 2946 parochiis
3068 2864 3244 2928 terni
3285 2873 3574 2945 tantum,
3631 2867 3755 2935 hoc
3799 2878 3929 2949 est,
3985 2892 4070 2936 ex
4112 2874 4365 2940 minore
4412 2885 4642 2943 senatu

2700 2947 2863 3028 duo,
2908 2949 3156 3015 maiore
3202 2972 3371 3016 unus
3415 2972 3563 3017 cum
3609 2964 3896 3036 pastore,
3940 2956 4014 3021 in
4060 2979 4206 3027 mea
4224 2962 4278 3044 ²)
4326 2984 4486 3028 vero
4530 2983 4640 3028 sex

2699 3033 2780 3100 de
2835 3036 3477 3103 excommunicandis
3513 3037 3897 3107 decernant:
3945 3043 4116 3110 sicut
4157 3066 4280 3113 nec
4327 3046 4430 3113 illi
4472 3047 4641 3114 ultra

2698 3141 2855 3185 suae
2897 3120 3245 3205 parochiae
3297 3121 3541 3189 limites
3595 3124 3980 3210 disciplinae
4033 3129 4211 3214 leges
4254 3134 4636 3201 extendunt.

2695 3206 2937 3272 Utrum
2956 3259 2972 3286 ,
2998 3211 3054 3284 ⁸)
3110 3218 3188 3272 ut
3243 3208 3484 3289 scribo,
3545 3212 3861 3279 eiusmodi
3915 3226 4146 3281 nostra
4195 3219 4367 3286 ratio
4430 3230 4531 3287 est
4568 3226 4640 3286 ut

2695 3291 2975 3360 velimus
3018 3292 3372 3371 meliorem,
3420 3304 3488 3362 et
3528 3297 3802 3380 proinde
3835 3300 3909 3365 in
3945 3310 4123 3367 metu
4167 3325 4419 3384 sumus,
4468 3327 4585 3372 nec
4605 3309 4641 3343 ⁴*

2695 3377 2819 3443 hac
2862 3379 3068 3443 vestri
3110 3380 3245 3445 sint
3284 3381 3355 3446 in
3401 3384 3799 3464 quantalibet
3856 3388 3950 3453 rei
4006 3397 4073 3453 et
4113 3389 4637 3459 circumstantia·

2692 3485 2842 3530 rum
2886 3463 3418 3532 dissimilitudine
3461 3467 3542 3533 ad
3587 3491 3706 3536 sua
3759 3471 4148 3540 stabilienda
4189 3477 4536 3543 molimina
4574 3486 4641 3544 et

2693 3550 2956 3620 abusus.
2980 3551 3036 3633 ⁴)
3134 3549 3268 3617 Sed
3324 3551 3655 3621 Dominus
3719 3566 3819 3623 est
3874 3560 3987 3641 001
4053 3582 4464 3645 compescere
4519 3565 4637 3631 1100

2692 3655 2872 3701 mare
2934 3636 3291 3720 quamlibet
3347 3639 3629 3706 fremens
3686 3653 3932 3725 potest,
4007 3647 4175 3711 sicut
4232 3657 4301 3713 et
4353 3651 4635 3717 antehac

2690 3742 2822 3787 non
2866 3743 3016 3787 1010
3058 3724 3287 3788 fecisse
3321 3734 3594 3805 constat,
3639 3740 3705 3792 et
3747 3730 4084 3796 ecclesiam
4119 3730 4422 3800 'vestram
4468 3737 4639 3802 inter

2688 3807 3006 3890 procellas
3046 3808 3502 3876 iactabundam
3549 3834 3670 3879 ceu
3705 3815 4018 3882 miraculo
4054 3827 4557 3887 consternatam.
4579 3825 4633 3898 ⁵)

2688 3893 2822 3959 Per
2864 3905 3122 3959 caetera
3173 3916 3328 3961 vero
3383 3899 3635 3981 cupivit
3691 3899 3863 3965 idem
3922 3912 4192 3970 senatus
4247 3916 4476 3973 noster
4519 3930 4636 3974 vos

2688 3981 3170 4045 commonefieri
3227 4002 3343 4064 per
3376 3982 3601 4050 literas
3647 3996 3903 4052 nostras
3961 4010 4062 4067 ne,
4108 3992 4166 4055 si
4208 4013 4633 4077 perrumpere

2688 4065 2883 4130 etiam
2929 4076 2996 4130 et
3035 4066 3417 4132 institutum
3462 4091 3653 4135 suum
3697 4073 4081 4154 pertendere
4117 4081 4155 4118 ὓ
4207 4080 4634 4163 magistratus

2686 4160 2904 4216 vester
2958 4160 3221 4235 pergat,
3287 4155 3728 4223 ministerium
3795 4169 4085 4225 vestrum
4152 4161 4505 4243 deseratis,
4568 4174 4634 4230 et

2682 4235 2940 4319 quidvis
2995 4239 3265 4304 tentetis
3321 4241 3538 4322 potius
3595 4264 3790 4326 quam
3856 4254 3932 4310 ut
3997 4267 4114 4329 per
4169 4249 4630 4317 discessionem

2680 4525 2854 4581 1877.
2892 4526 2949 4591 1)
2994 4527 3237 4584 Senatus
3280 4531 3621 4588 Easdem-'⁸
3673 4534 3751 4589 ad
3796 4536 4065 4593 &matum
4118 4538 4488 4595 amm
4542 4557 4629 4596 ro-

2681 4611 2943 4676 sponeum
2988 4597 3441 4680 milmamsstat,
3491 4602 3639 4671 quod
3672 4605 3948 4685 sciamus.-
3994 4607 4131 4676 quid
4164 4610 4312 4678 quod
4352 4611 4630 4667 mm

2681 4665 3154 4804 mm?
3172 4668 3411 4794 ‘m
3433 4672 4202 4813 affamwfflffl
4043 4748 4189 4802 m...-
4207 4679 4466 4805 at...-
4393 4696 4630 4806 ’00

2681 4774 2984 4872 ‹lise-‘filino
3027 4808 3609 4866 amicationis
3651 4828 3747 4934 αἴ.
3783 4814 4129 4871 Basssoenses
4172 4835 4222 4873 v.
4260 4817 4516 4887 Reuehat,
4555 4819 4628 4874 11.

2682 4871 2789 4925 218
2821 4887 2936 4966 sqq.
2973 4874 3072 4928 111.
3108 4874 3192 4929 95.
3259 4876 3498 4947 Her-209,
3543 4878 3716 4935 Osco.
3752 4884 3828 4936 ΙΙ.
3865 4884 3968 4937 192
4002 4900 4094 4938 aa·
4351 4958 4361 4969 ⁸

2683 4947 2955 5081 Myconii>
2970 4942 3292 5069 I'Z‘faefmabes‘}
3297 4988 3308 4999 ⁰
3313 4948 3514 5084 10¹3ss
3527 4967 3626 5074 ''aa
3658 4952 4374 5080 mmaitffm

2887 5079 2949 5213 P)
2983 5096 3125 5219 1022.-
3155 5084 3392 5234 {Er-aff&
3436 5156 3576 5224 (sca.
3610 5163 3806 5215 nostra
3828 5159 4078 5240 satione)
4125 5165 4292 5218 vestri
4329 5161 4626 5231 (homines)

2886 5257 2897 5270 .
2937 5258 2951 5272 .
2989 5259 3003 5273 .
3040 5223 3278 5290 abusuri,
3314 5224 3424 5278 vel:
3461 5227 3659 5280 abusus
3695 5244 3860 5281 usuri.

2683 5230 2794 5271 emt
2832 5258 2844 5270 ⁸
2887 5286 2945 5355 5)
2979 5289 3125 5345 deest
3158 5292 3408 5347 verbum:
3441 5312 3707 5361 servasse,
3742 5302 3847 5366 mat
3874 5297 4050 5354 simile
4081 5300 4312 5372 aliquid.
