4900 6167
690 385 811 447 123

681 570 899 646 orabis
933 567 1308 649 Dominum,
1354 577 1430 636 ut
1474 577 1701 640 nostra
1742 569 2062 638 desideria
2102 580 2383 656 votaque
2422 593 2625 642 exau-

684 655 839 734 dist,
883 675 1126 740 nosque
1159 655 1516 724 constituat
1547 678 1624 723 eo
1660 657 1730 722 in
1763 655 1924 736 loco,
1968 657 2042 728 iu
2105 678 2235 741 quo
2292 659 2629 726 vobiscum

683 744 755 806 et
793 741 1022 807 vivere
1065 748 1130 806 et
1170 741 1341 806 mori
1382 742 1917 825 tranquillissime
1971 743 2312 827 possimus.
2396 742 2630 812 Habeo

683 847 955 894 uxorem
996 825 1313 911 singulari
1357 826 1571 896 studio
1614 836 1811 911 atque
1852 828 2071 898 animo
2112 829 2277 898 mihi
2319 830 2628 897 coniunc-

683 921 820 979 tam
834 963 850 989 ,
915 932 1083 993 quae
1132 933 1310 979 nunc
1368 912 1564 982 etiam
1618 921 1906 982 caeteros
1947 934 2173 980 omnes
2224 915 2308 982 ad
2351 914 2628 981 eandem

682 999 1139 1081 migrationem
1201 997 1586 1065 mirabiliter
1644 1001 1899 1066 excitat.
1999 999 2232 1066 Habeo
2291 1008 2628 1085 praeterea

681 1083 919 1150 liberos
958 1084 1029 1150 in
1085 1091 1361 1166 utroque
1403 1105 1567 1150 sexu
1618 1085 1882 1170 egregia
1922 1084 2142 1151 indole
2156 1135 2174 1160 ,
2231 1105 2391 1169 quos
2435 1085 2625 1169 cupio

685 1170 806 1236 tibi
847 1169 1098 1245 offerre,
1144 1176 1220 1232 ut
1261 1168 1485 1235 videas
1526 1169 1747 1252 eisqne
1793 1171 2073 1255 gratiam
2118 1170 2381 1238 Domini
2424 1192 2625 1256 exop-

684 1267 783 1322 tes
827 1267 1021 1339 atque
1055 1255 1381 1337 impetres.
1448 1255 1711 1321 Interea
1743 1254 1917 1339 apud
1956 1254 2238 1323 eundem
2261 1258 2626 1324 Dominum

680 1361 802 1406 nos
843 1348 1067 1407 sancte
1109 1340 1668 1408 commendatione
1702 1342 2163 1425 complecteris.
2239 1339 2458 1424 Quem
2501 1363 2622 1428 ego

680 1446 910 1509 precor
954 1434 1026 1491 ut
1068 1433 1132 1491 te
1174 1425 1410 1508 spiritu
1430 1447 1550 1493 suo
1593 1435 1661 1492 et
1681 1437 1871 1511 regat
1912 1436 1978 1492 et
2019 1428 2373 1493 confirmet.
2436 1428 2623 1495 Bene

680 1512 829 1576 vale
867 1511 938 1575 in
982 1509 1284 1576 Domino.
1349 1510 1665 1597 Lugduni
1708 1513 1890 1579 xxiv.
1938 1512 2121 1579 Maii.

1784 1649 1966 1714 Tuus
2011 1650 2177 1732 App.
2222 1648 2448 1716 Claud.

1553 2121 1749 2194 140⁰.

1086 2259 1676 2329 MORELLANU
1676 2259 1727 2327 S
1772 2260 2217 2330 VERNONI.

834 2394 2619 2519 ‘Parthamqmmmexparteaahistoriampri-

678 2517 2625 2603 mumoeduumezffalliaooeidentazi,apartead

678 2605 1150 2754 cffintroversigm
1189 2603 1266 2669 de
1314 2603 1660 2685 disciplina
1700 2604 2109 2671 cedmon
2149 2610 2206 2671 et
2250 2605 2625 2688 expellendis

997 2859 1107 2925 (Ex
1141 2860 1477 2930 autographo
1511 2860 1642 2915 cod.
1680 2861 1886 2918 Gech.
1924 2857 2040 2928 112,
2075 2862 2172 2918 fol.
2204 2861 2314 2925 49.)

760 3016 821 3079 A
867 3034 1018 3078 mon
1062 3012 1189 3078 bon
1230 3013 1401 3079 frere
1443 3023 1510 3079 et
1552 3015 1684 3081 ami
1728 3016 2004 3084 Maistre
2047 3017 2211 3082 Iean
2256 3016 2549 3082 Vernon.

676 3168 1073 3235 Franciscus
1132 3167 1540 3235 Morellanus
1562 3173 1613 3244 ι)
1673 3190 1906 3237 servus
1948 3170 2104 3235 Iesu
2160 3168 2410 3235 Christi
2472 3191 2626 3236 cum

678 3262 816 3319 tota
893 3251 1164 3319 ecclesia
1239 3260 1468 3320 nostra
1529 3254 1767 3321 Ioanni
1832 3255 2131 3322 Vernoni
2149 3257 2208 3328 2)
2285 3255 2477 3320 fratri
2554 3257 2626 3321 in

677 3338 946 3405 Christo
1002 3338 1336 3405 carissimo
1380 3341 1594 3425 gratia
1634 3340 2080 3406 misericordia
2119 3345 2186 3404 et
2227 3360 2361 3422 pax
2400 3360 2441 3404 a
2483 3341 2625 3407 Deo

674 3432 865 3509 patre
920 3431 1142 3490 nostro
1196 3431 1266 3490 et
1304 3424 1592 3492 Domino
1636 3424 1789 3491 Iesu
1835 3425 2100 3492 Christo
2152 3446 2268 3509 per
2322 3426 2625 3510 spiritum

1488 3517 1808 3577 sanctum.

850 3646 1241 3730 Accepimus
1283 3645 1853 3714 christianissimas
1917 3652 2066 3713 tuas
2107 3646 2331 3714 literas
2347 3698 2364 3726 ‚
2425 3648 2625 3715 caris-

674 3732 837 3800 sime
880 3732 950 3798 in
991 3730 1262 3798 Christo
1293 3733 1519 3811 frater,
1563 3731 1799 3815 quibus
1833 3730 2279 3800 incredibilem
2322 3731 2624 3817 volupta-

674 3825 810 3884 tem
864 3837 1216 3901 paremque
1272 3816 1625 3884 utilitatem
1680 3819 2062 3901 consequuti
2115 3839 2359 3885 sumus.
2449 3819 2624 3887 Nam

673 3907 1131 3986 praeterquam
1167 3902 1336 3987 quod
1370 3902 1845 3970 iucundissima
1876 3904 2063 3970 nobis
2105 3904 2233 3969 fuit
2268 3914 2381 3969 tua
2414 3905 2623 3971 nostri

675 3987 1018 4064 memoria,
1086 3990 1521 4056 certissimum
1574 3987 1723 4055 tuae
1765 4009 1924 4071 erga
1965 4009 2086 4054 nos
2129 3989 2622 4057 benevolentiae

676 4072 1023 4156 specimen,
1067 4079 1255 4139 tanta
1294 4076 1393 4140 vis
1409 4125 1424 4153 ,
1472 4083 1730 4141 tantum
1771 4073 2026 4159 pondus
2080 4081 2349 4140 tuarum
2392 4095 2621 4142 conso·

675 4158 996 4223 lationum
1061 4177 1100 4223 a
1146 4158 1229 4224 ud
1289 4181 1410 4225 nos
1443 4161 1730 4238 exstitit,
1795 4167 1869 4225 ut
1912 4180 2047 4226 non
2089 4160 2283 4228 modo
2325 4163 2623 4243 quamvis

678 4242 943 4310 acerbas
997 4178 1325 4310 molestias
1365 4246 1740 4331 abstergere
1756 4295 1774 4323 ,
1830 4242 1946 4313 sed
1991 4243 2073 4311 ad
2117 4266 2322 4312 novas
2363 4267 2620 4331 quoque

678 4327 1011 4395 adeundas
1052 4348 1172 4411 pro
1209 4327 1461 4396 Ohristi
1517 4331 1785 4396 nomine
1843 4331 2095 4397 animos
2138 4339 2383 4400 erectos
2425 4342 2619 4417 atque

676 4413 921 4480 alacres
964 4412 1223 4480 efficere
1264 4417 1614 4497 potuerint.
1702 4415 2008 4484 Profecto
2065 4417 2379 4501 expetivit
2424 4417 2619 4485 Sata-

675 4520 797 4565 nas
841 4506 916 4563 ut
977 4500 1187 4564 instar
1250 4499 1453 4568 tritici
1509 4522 1629 4568 nos
1683 4503 2031 4580 cribraret,
2097 4501 2213 4568 sed
2268 4523 2388 4587 pro
2432 4503 2618 4570 nobis

692 4623 1085 4630 -—————-.--————

2175 382 2699 454 EPIS'POLAE
2751 385 3167 449 1495—1496

4528 394 4634 456 124

2730 572 2989 655 rogavit
3030 571 3385 638 advocatus
3424 571 3538 638 ille
3579 581 3801 640 noster
3856 596 3939 642 ne
3992 594 4033 640 a
4075 574 4203 641 fide
4243 574 4640 646 deiiceremur

2731 658 2922 734 (Luc.
2970 658 3101 741 22).
3128 661 3184 734 ⁸)
3270 657 3490 725 Huius
3545 658 3740 726 unius
3803 659 4145 744 perspicuo
4203 661 4497 728 beneficio
4546 664 4639 728 in-

2729 743 3016 810 columes
3062 743 3378 809 hactenus
3423 742 3504 809 ab
3543 743 3936 814 adversariis
3980 746 4221 813 nostris
4253 746 4640 816 consistimus

2729 837 2797 893 et
2857 827 3176 894 immobili
3241 828 3371 906 fide
3441 827 3526 895 ad
3593 838 3966 898 extremum
4050 831 4190 897 fore
4266 831 4636 899 confidimus.

2729 913 3089 981 verissime
3148 934 3495 999 possumus
3537 935 3689 981 cum
3729 914 3990 983 Davide
4032 916 4274 983 dicere:
4339 916 4480 984 Nisi
4517 916 4642 984 Do-

2729 1000 2944 1065 minus
2985 1000 3097 1083 qui
3143 1008 3397 1083 praesto
3440 999 3627 1068 nobis
3668 1007 3768 1066 est
3799 1021 3922 1068 nos
3964 995 4240 1072 iuvisset
4269 1001 4642 1101 insurgenti-

2732 1085 2853 1151 bus
2896 1086 2963 1150 in
3010 1107 3126 1151 nos
3172 1085 3559 1165 hominibus,
3603 1086 3791 1152 vivos
3831 1087 3965 1161 iam
4008 1109 4128 1156 nos
4167 1087 4643 1173 deglutimsent

2727 1191 2931 1253 quum
2970 1171 3065 1238 ita
3106 1171 3177 1236 in
3222 1191 3340 1236 nos
3382 1179 3850 1238 exaestuarunt
3892 1172 4167 1255 (Psalm.
4223 1178 4385 1250 124).

2899 1257 3116 1339 Atque
3171 1266 3248 1321 ιιι
3300 1278 3442 1322 rem
3457 1307 3473 1332 ,
3540 1255 3857 1340 quomodo
3901 1267 4088 1343 gesta
4144 1259 4262 1338 sit,
4318 1258 4641 1342 intelligas,

2728 1341 2956 1423 paucis
3012 1342 3251 1425 accipe.
3352 1341 3701 1408 Procomes
3754 1343 4205 1411 Albeterrensis
4221 1395 4239 1420 ,
4254 1348 4313 1421 ⁴)
4380 1344 4515 1427 qui,
4579 1353 4645 1410 ut

2731 1427 3117 1502 meministi,
3162 1434 3428 1510 repente
3471 1426 3736 1494 advenit
3825 1427 4022 1496 hasac
4062 1429 4196 1509 die,
4241 1450 4444 1514 quum
4485 1427 4644 1494 habi·

2731 1523 2918 1577 turus
2960 1532 3170 1578 essem
3213 1513 3607 1591 concionem,
3652 1534 3769 1596 pro
3797 1523 3979 1581 ectus
4020 1536 4062 1580 a
4100 1515 4288 1583 nobis
4330 1514 4545 1583 incidit
4581 1515 4644 1578 in

2726 1595 3053 1681 quendam
3117 1598 3549 1666 sacrificulum
3564 1649 3581 1677 ,
3647 1618 3799 1664 cum
3855 1620 3984 1682 quo
4032 1602 4102 1666 in
4135 1620 4517 1670 <sermonem
4554 1601 4643 1663 in·

2727 1704 2990 1768 gressus
3011 1683 3224 1766 coepit
3242 1682 3326 1749 ad
3360 1684 3612 1750 coelum
3646 1683 3875 1751 tollere
3910 1687 4261 1769 puritatem
4297 1684 4645 1752 ecclesiolae

2725 1780 3007 1847 nostrae,
3050 1767 3211 1834 adeo
3254 1777 3329 1835 ut
3375 1770 3664 1835 oratione
3706 1779 4052 1852 provectus
4089 1772 4307 1856 palam
4338 1769 4645 1855 praedica-

2728 1865 2833 1921 ret
2873 1874 3141 1921 coenam
3182 1862 3475 1921 nostram
3528 1855 3868 1939 sacrilegio
3927 1856 4258 1924 missatico
4312 1857 4647 1922 immunem

2728 1939 3078 2006 exstitisse.
3178 1939 3364 2006 Haec
3428 1939 3530 2004 illi
3585 1938 3975 2006 exciderunt
4027 1943 4279 2022 animo,
4341 1941 4409 2006 ni
4462 1940 4647 2020 fallor,

2728 2046 2863 2092 non
2905 2024 3096 2090 malo.
3177 2023 3312 2091 Sed
3358 2033 3574 2091 tamen
3618 2033 3932 2108 quantam
3974 2027 4431 2111 tempestatem
4472 2026 4647 2092 huius

2728 2111 3034 2178 excitarit
3071 2108 3517 2195 imprudentia
3558 2111 3796 2177 audies.
3877 2113 4307 2186 Existimavit
4343 2112 4647 2180 sacrificu-

2725 2196 2860 2270 lus,
2918 2216 3045 2279 qua
3087 2204 3231 2263 erat
3275 2195 3378 2261 vel
3418 2195 3680 2264 inscitia
3724 2195 3830 2263 vel
3872 2198 4243 2281 impietate,
4286 2217 4515 2266 coenae
4554 2217 4648 2262 ss-

2726 2293 3134 2380 cramentum
3199 2280 3386 2381 haud
3457 2282 3647 2347 aliter
3710 2282 3852 2347 fieri
3914 2304 4104 2367 posse
4163 2305 4368 2384 quam
4417 2280 4651 2350 solenni

2725 2387 2882 2518 ’ἐξ
2966 2365 4652 2533 fflfflffiuinuffffihffiffimtssffiffiffi

2725 2537 2962 2604 clesiae
3004 2539 3204 2604 totius
3247 2538 3499 2605 hostem
3517 2589 3534 2617 ,
3594 2558 3840 2622 agnum
3898 2548 4142 2606 tostum
4200 2539 4410 2623 pridie
4451 2556 4653 2623 paras·

2726 2643 2918 2690 cenes
2989 2621 3200 2689 turbis
3285 2623 3420 2690 suis
3491 2621 3885 2690 vescendum
3954 2625 4330 2709 adposuisse
4419 2623 4653 2690 iudaice

2725 2729 2907 2774 more
2947 2718 3142 2791 atque
3184 2708 3516 2775 instituto:
3575 2706 3809 2774 deinde
3863 2711 4107 2792 pasche
4164 2709 4272 2778 die
4314 2708 4655 2779 sacerdotes

2727 2794 2974 2878 templo
3051 2794 3346 2879 abegisse
3360 2845 3378 2873 ,
3457 2794 3891 2860 eucharistiae
3969 2805 4451 2863 sacramentum
4517 2811 4656 2861 cum

2727 2900 2897 2963 pane
2955 2887 3098 2945 atro
3114 2930 3131 2958 ‚
3195 2880 3268 2944 in
3331 2880 3619 2962 corporis
3677 2878 3927 2946 Ohristi
3986 2880 4343 2950 ludibrium
4356 2932 4371 2961 ,
4435 2877 4654 2964 populo

2728 2963 3089 3042 tradidisse,
3182 2963 3428 3031 rofanis
3471 2964 3655 3031 laicis
3698 2963 3966 3032 calicem
4006 2975 4487 3035 sacrosanctum
4526 2984 4654 3048 por-

2726 3051 2995 3116 rexisse.
3172 3048 3281 3115 uid
3361 3049 3468 3116 hic
3548 3050 3894 3133 impiorum
3967 3053 4284 3120 clamores
4349 3045 4649 3119 referam?

2728 3136 2884 3220 quid
2962 3133 3312 3201 factiones?
3387 3133 3541 3218 quid
3617 3134 4093 3219 blasphemias?
4173 3137 4334 3221 quid
4408 3130 4649 3202 minas?

2729 3222 2866 3287 Res
2908 3223 3010 3286 uti
3054 3220 3374 3286 malitiose
3415 3221 3728 3287 fabricata
3777 3221 3993 3289 fuerat
4043 3234 4316 3308 repente
4359 3223 4650 3318 Petrego-

2729 3327 2839 3372 ras
2859 3309 2915 3390 ⁶)
2951 3305 3245 3371 defertur
3278 3304 3363 3370 ad
3396 3308 3536 3372 eius
3570 3307 3880 3373 ecclesiae
3915 3319 4270 3390 cantorem,
4305 3309 4418 3393 qui
4449 3317 4651 3374 statim

2729 3393 2845 3543 {21
2897 3389 3940 3559 i‘ssfflssffijssssoepiffifisswffir
3963 3395 4375 3563 03¹²st
4417 3390 4652 3543 33⁰3&

2730 3563 2988 3629 hortem
3032 3561 3207 3627 mitti
3377 3561 3572 3628 'taret
3605 3583 3771 3646 quae
3813 3584 3920 3629 me
3953 3566 4254 3633 vinctum
4275 3565 4652 3648 Petregoras

2728 3648 3037 3714 traheret.
3127 3648 3602 3732 Proeplscopus
3665 3650 4032 3733 respondit,
4089 3651 4467 3735 episcopum
4525 3665 4652 3713 cer-

2729 3734 2963 3799 tiorem
3006 3734 3147 3798 fieri
3190 3731 3443 3812 debere,
3488 3745 3562 3798 ut
3602 3755 3744 3798 rem
3787 3755 3909 3820 pro
3943 3756 4062 3801 sua
4095 3737 4446 3820 prudentia
4484 3751 4653 3818 gere-

2727 3830 2845 3886 ret.
2913 3819 3158 3886 Cantor
3199 3818 3420 3895 instat,
3467 3821 3799 3903 negotium
3844 3820 4116 3902 produci
4159 3843 4296 3888 non
4333 3818 4649 3904 expedire:

2728 3927 2832 3970 me
2875 3904 3121 3970 familia
3165 3902 3364 3969 nobili
3404 3913 3652 3982 ortum,
3694 3905 3929 3972 fratres
3972 3901 4193 3983 fortes,
4238 3907 4477 3972 multos
4518 3922 4653 3987 pro-

2726 3991 3005 4075 pinquos
3045 4011 3120 4055 ac
3162 3991 3561 4056 necessarios
3604 3990 3880 4068 habere,
3936 3993 4005 4056 in
4047 3992 4361 4059 maximis
4404 3989 4653 4075 quibus-

2727 4096 2850 4159 que
2895 4074 3157 4141 familiis
3191 4074 3507 4141 nobilium
3541 4095 3647 4140 me
3684 4076 4090 4160 frequentem
4132 4098 4293 4156 esse,
4340 4075 4513 4161 apud
4543 4072 4653 4138 hos

2724 4182 2829 4228 me
2863 4162 3078 4246 gratia
3106 4160 3461 4243 plurimum
3496 4159 3751 4225 valere:
3789 4162 4010 4245 itaque
4045 4174 4340 4229 nostram
4375 4162 4651 4227 illorum-

2723 4246 4521 4417 ἓῒθαοωηῗεῗὲῇἓξεῖιέἓθὲξέεῗωρᾚθΐέἓὲωέἓΒ
4535 4261 4653 4394 ‘¹:¹12‘

2722 4440 2868 4484 rum
2918 4417 3154 4483 bonum
3196 4437 3340 4483 esse
3383 4415 3553 4480 dixit
3595 4416 3856 4496 debere,
3916 4419 4022 4485 cui
4066 4428 4180 4503 tot·
4220 4438 4477 4486 summo
4517 4413 4668 4480 offi-'

2721 4505 2818 4569 cio
2861 4504 2987 4569 viri
3043 4502 3360 4568 faverent.
3449 4501 3724 4586 Recepit
3778 4510 3997 4570 tamen
4049 4526 4087 4570 e
4133 4505 4431 4590 iscopum
4474 4501 4652 4565 datu·

2721 4611 2870 4654 rum
2913 4609 3177 4673 operam
3221 4597 3295 4651 ut
3350 4586 3609 4669 penitus
3663 4590 3994 4673 negotium
4038 4589 4086 4654 il
4115 4589 4204 4655 ud
4247 4589 4649 4672 intelligeret,

2729 4729 2852 4737 -Ἣ
2881 4730 2923 4735 --
2953 4727 3130 4736 mq-

2924 4809 2981 4877 3)
3019 4809 3230 4865 mm
3264 4809 3535 4877 anamael&
3577 4811 3695 4880 ipse
3727 4815 3891 4866 autor
3924 4809 4226 4880 adscripsit
4256 4811 4365 4879 hic,
4420 4815 4472 4865 ct
4502 4807 4648 4875 instra

2898 4894 2988 5010 οἵ.)
3034 4944 3272 4999 Vicomte
3305 4943 3675 5001 &Acbatana

2925 5015 2985 5078 5)
3022 5013 3261 5076 Joame,
3293 5012 3662 5069 &mommo-e

2720 5081 4227 5152 circiterfflyintaviooamtoppidahmnominia
4262 5083 4645 5153 (Renovato-

3709 5014 3805 5068 ὼε
3849 5029 4152 5069 comumnes
4197 5014 4264 5070 de
4314 5015 4374 5070 la
4418 5013 4646 5072 Franco,

2719 5159 2911 5221 mat,
2949 5168 2979 5207 ο
3012 5150 3212 5275 W
3244 5156 3484 5232 quatuor
3706 5151 3995 5209 Santones.
4405 5221 4416 5233 .

2600 5264 2613 5279 .
2926 5221 3371 5346 (ἓωὲῠνοοοηοε
3415 5218 3822 5338 (Ρόιιιριιοιιωβ
3899 5221 4100 5276 Verum
4132 5222 4233 5278 hoc
4276 5220 4547 5292 oppidum
4575 5214 4646 5273 ed

2722 5291 2895 5348 aliam
3108 5288 3533 5358 snper-emebat
