<?xml version="1.0" encoding="UTF-8"?>
<!DOCTYPE html PUBLIC "-//W3C//DTD XHTML 1.0 Transitional//EN"
    "http://www.w3.org/TR/xhtml1/DTD/xhtml1-transitional.dtd">
<html xmlns="http://www.w3.org/1999/xhtml" xml:lang="en" lang="en">
 <head>
  <title>
</title>
<meta http-equiv="Content-Type" content="text/html;charset=utf-8" />
  <meta name='ocr-system' content='tesseract 3.04.00' />
  <meta name='ocr-capabilities' content='ocr_page ocr_carea ocr_par ocr_line ocrx_word'/>
</head>
<body>
  <div class='ocr_page' id='page_1' title='image "./ioanniscalvinio03unkngoog_0026.png"; bbox 0 0 4900 6167; ppageno 0'>
   <div class='ocr_carea' id='block_1_1' title="bbox 645 383 4656 455">
    <p class='ocr_par' dir='ltr' id='par_1_1' title="bbox 645 383 4656 455">
     <span class='ocr_line' id='line_1_1' title="bbox 645 383 4656 455; baseline -0.002 -1"><span class='ocrx_word' id='word_1_1' title='bbox 645 392 727 455; x_wconf 79' lang='lat'><strong>27</strong></span> <span class='ocrx_word' id='word_1_2' title='bbox 2080 383 2601 453; x_wconf 74' lang='lat' dir='ltr'><strong>EPIS‘I&#39;OLAE</strong></span> <span class='ocrx_word' id='word_1_3' title='bbox 2654 386 3076 449; x_wconf 80' lang='lat'>1441-1443</span> <span class='ocrx_word' id='word_1_4' title='bbox 4571 383 4656 445; x_wconf 82' lang='lat'><strong>28·</strong></span> 
     </span>
    </p>
   </div>
   <div class='ocr_carea' id='block_1_2' title="bbox 1174 571 2071 795">
    <p class='ocr_par' dir='ltr' id='par_1_2' title="bbox 1174 571 2071 795">
     <span class='ocr_line' id='line_1_2' title="bbox 1533 571 1727 644; baseline 0.015 -3"><span class='ocrx_word' id='word_1_5' title='bbox 1533 571 1727 644; x_wconf 75' lang='lat'><strong>1441.</strong></span> 
     </span>
     <span class='ocr_line' id='line_1_3' title="bbox 1174 725 2071 795; baseline -0.001 -2"><span class='ocrx_word' id='word_1_6' title='bbox 1174 726 1648 795; x_wconf 79' lang='lat' dir='ltr'><strong>OALVINUS</strong></span> <span class='ocrx_word' id='word_1_7' title='bbox 1698 725 2071 794; x_wconf 73' lang='lat' dir='ltr'><strong>vmmo,</strong></span> 
     </span>
    </p>
   </div>
   <div class='ocr_carea' id='block_1_3' title="bbox 647 897 2604 1064">
    <p class='ocr_par' dir='ltr' id='par_1_3' title="bbox 647 897 2604 1064">
     <span class='ocr_line' id='line_1_4' title="bbox 834 897 2604 978; baseline -0.003 -13"><span class='ocrx_word' id='word_1_8' title='bbox 834 900 1037 966; x_wconf 74' lang='lat' dir='ltr'><strong>Varia</strong></span> <span class='ocrx_word' id='word_1_9' title='bbox 1067 898 1156 964; x_wconf 78' lang='lat' dir='ltr'><strong>od</strong></span> <span class='ocrx_word' id='word_1_10' title='bbox 1212 898 1642 964; x_wconf 71' lang='lat' dir='ltr'><strong>commercium</strong></span> <span class='ocrx_word' id='word_1_11' title='bbox 1695 897 2083 978; x_wconf 67' lang='lat' dir='ltr'><strong>epistolicam</strong></span> <span class='ocrx_word' id='word_1_12' title='bbox 2133 914 2275 962; x_wconf 78' lang='lat' dir='ltr'><strong>oum</strong></span> <span class='ocrx_word' id='word_1_13' title='bbox 2325 897 2604 963; x_wconf 81' lang='lat' dir='ltr'><strong>Tossano</strong></span> 
     </span>
     <span class='ocr_line' id='line_1_5' title="bbox 647 981 2255 1064; baseline -0.003 -12"><span class='ocrx_word' id='word_1_14' title='bbox 647 983 905 1052; x_wconf 73' lang='lat' dir='ltr'><strong>Farello</strong></span> <span class='ocrx_word' id='word_1_15' title='bbox 948 985 1152 1050; x_wconf 71' lang='lat' dir='ltr'><strong>Lasso</strong></span> <span class='ocrx_word' id='word_1_16' title='bbox 1194 982 1377 1050; x_wconf 66' lang='lat' dir='ltr'><strong>Besa</strong></span> <span class='ocrx_word' id='word_1_17' title='bbox 1426 981 1660 1048; x_wconf 69' lang='lat' dir='ltr'><strong>achim</strong></span> <span class='ocrx_word' id='word_1_18' title='bbox 1698 982 1855 1049; x_wconf 77' lang='lat' dir='ltr'><strong>aliis</strong></span> <span class='ocrx_word' id='word_1_19' title='bbox 1894 983 2255 1064; x_wconf 55' lang='lat' dir='ltr'><strong>wamia.</strong></span> 
     </span>
    </p>
   </div>
   <div class='ocr_carea' id='block_1_4' title="bbox 643 1150 2601 1358">
    <p class='ocr_par' dir='ltr' id='par_1_4' title="bbox 643 1150 2601 1358">
     <span class='ocr_line' id='line_1_6' title="bbox 643 1150 2456 1223; baseline -0.002 -15"><span class='ocrx_word' id='word_1_20' title='bbox 643 1155 759 1221; x_wconf 76' lang='lat' dir='ltr'><strong>(Ex</strong></span> <span class='ocrx_word' id='word_1_21' title='bbox 776 1153 1112 1223; x_wconf 77' lang='lat' dir='ltr'><strong>autographo</strong></span> <span class='ocrx_word' id='word_1_22' title='bbox 1133 1151 1264 1208; x_wconf 81' lang='lat' dir='ltr'><strong>cod.</strong></span> <span class='ocrx_word' id='word_1_23' title='bbox 1283 1151 1489 1208; x_wconf 70' lang='lat' dir='ltr'><strong>Gener.</strong></span> <span class='ocrx_word' id='word_1_24' title='bbox 1509 1150 1651 1206; x_wconf 71' lang='lat'>10⁷⁸·</span> <span class='ocrx_word' id='word_1_25' title='bbox 1681 1152 1777 1206; x_wconf 83' lang='lat' dir='ltr'><strong>fol.</strong></span> <span class='ocrx_word' id='word_1_26' title='bbox 1800 1150 1887 1207; x_wconf 77' lang='lat'><strong>40.</strong></span> <span class='ocrx_word' id='word_1_27' title='bbox 1939 1152 2216 1207; x_wconf 85' lang='lat' dir='ltr'><strong>Turretini</strong></span> <span class='ocrx_word' id='word_1_28' title='bbox 2248 1170 2282 1205; x_wconf 85' lang='lat' dir='ltr'><strong>a</strong></span> <span class='ocrx_word' id='word_1_29' title='bbox 2394 1169 2456 1205; x_wconf 84' lang='lat' dir='ltr'><strong>ra</strong></span> 
     </span>
     <span class='ocr_line' id='line_1_7' title="bbox 645 1168 2601 1290; baseline -0.003 -12"><span class='ocrx_word' id='word_1_30' title='bbox 645 1227 826 1278; x_wconf 72' lang='lat' dir='ltr'><strong>exet-t</strong></span> <span class='ocrx_word' id='word_1_31' title='bbox 859 1222 917 1275; x_wconf 90' lang='lat' dir='ltr'><strong>in</strong></span> <span class='ocrx_word' id='word_1_32' title='bbox 953 1220 1085 1276; x_wconf 83' lang='lat' dir='ltr'><strong>God.</strong></span> <span class='ocrx_word' id='word_1_33' title='bbox 1123 1219 1241 1285; x_wconf 85' lang='lat'><strong>111,</strong></span> <span class='ocrx_word' id='word_1_34' title='bbox 1280 1220 1370 1273; x_wconf 78' lang='lat' dir='ltr'><strong>fol.</strong></span> <span class='ocrx_word' id='word_1_35' title='bbox 1407 1218 1530 1289; x_wconf 76' lang='lat'><strong>247,</strong></span> <span class='ocrx_word' id='word_1_36' title='bbox 1567 1221 1844 1274; x_wconf 83' lang='lat' dir='ltr'><strong>Beruense</strong></span> <span class='ocrx_word' id='word_1_37' title='bbox 1878 1222 1935 1274; x_wconf 90' lang='lat' dir='ltr'><strong>in</strong></span> <span class='ocrx_word' id='word_1_38' title='bbox 1969 1222 2110 1290; x_wconf 85' lang='lat' dir='ltr'><strong>Epp.</strong></span> <span class='ocrx_word' id='word_1_39' title='bbox 2139 1220 2224 1274; x_wconf 87' lang='lat' dir='ltr'><strong>VI.</strong></span> <span class='ocrx_word' id='word_1_40' title='bbox 2245 1168 2407 1290; x_wconf 46' lang='lat' dir='ltr'><strong>ppgg.</strong></span> <span class='ocrx_word' id='word_1_41' title='bbox 2461 1219 2601 1274; x_wconf 85' lang='lat' dir='ltr'><strong>Sim-</strong></span> 
     </span>
     <span class='ocr_line' id='line_1_8' title="bbox 839 1285 2414 1358; baseline -0.001 -15"><span class='ocrx_word' id='word_1_42' title='bbox 839 1290 941 1345; x_wconf 89' lang='lat' dir='ltr'><strong>leri</strong></span> <span class='ocrx_word' id='word_1_43' title='bbox 977 1289 1103 1344; x_wconf 85' lang='lat' dir='ltr'><strong>Vol.</strong></span> <span class='ocrx_word' id='word_1_44' title='bbox 1141 1285 1222 1341; x_wconf 74' lang='lat'><strong>74.</strong></span> <span class='ocrx_word' id='word_1_45' title='bbox 1295 1288 1517 1357; x_wconf 76' lang='lat' dir='ltr'><strong>Angliee</strong></span> <span class='ocrx_word' id='word_1_46' title='bbox 1553 1304 1713 1342; x_wconf 78' lang='lat' dir='ltr'><strong>versa</strong></span> <span class='ocrx_word' id='word_1_47' title='bbox 1745 1289 1946 1358; x_wconf 79' lang='lat' dir='ltr'><strong>legitur</strong></span> <span class='ocrx_word' id='word_1_48' title='bbox 1980 1289 2133 1343; x_wconf 79' lang='lat' dir='ltr'><strong>Tom.</strong></span> <span class='ocrx_word' id='word_1_49' title='bbox 2166 1289 2235 1344; x_wconf 92' lang='lat'><strong>11.</strong></span> <span class='ocrx_word' id='word_1_50' title='bbox 2269 1286 2414 1353; x_wconf 78' lang='lat'><strong>283.)</strong></span> 
     </span>
    </p>
   </div>
   <div class='ocr_carea' id='block_1_5' title="bbox 640 1455 2601 1716">
    <p class='ocr_par' dir='ltr' id='par_1_5' title="bbox 640 1455 2601 1716">
     <span class='ocr_line' id='line_1_9' title="bbox 816 1455 2601 1526; baseline -0.003 0"><span class='ocrx_word' id='word_1_51' title='bbox 816 1458 1082 1526; x_wconf 84' lang='lat' dir='ltr'><strong>Eximio</strong></span> <span class='ocrx_word' id='word_1_52' title='bbox 1125 1455 1374 1525; x_wconf 77' lang='lat' dir='ltr'><strong>Christi</strong></span> <span class='ocrx_word' id='word_1_53' title='bbox 1419 1455 1694 1523; x_wconf 88' lang='lat' dir='ltr'><strong>Domini</strong></span> <span class='ocrx_word' id='word_1_54' title='bbox 1734 1459 1943 1525; x_wconf 80' lang='lat' dir='ltr'><strong>nostri</strong></span> <span class='ocrx_word' id='word_1_55' title='bbox 1999 1480 2192 1525; x_wconf 81' lang='lat' dir='ltr'><strong>servo</strong></span> <span class='ocrx_word' id='word_1_56' title='bbox 2233 1459 2436 1525; x_wconf 89' lang='lat' dir='ltr'><strong>Petro</strong></span> <span class='ocrx_word' id='word_1_57' title='bbox 2481 1456 2601 1522; x_wconf 86' lang='lat' dir='ltr'><strong>Vi-</strong></span> 
     </span>
     <span class='ocr_line' id='line_1_10' title="bbox 640 1541 2601 1628; baseline -0.003 -15"><span class='ocrx_word' id='word_1_58' title='bbox 640 1554 785 1613; x_wconf 87' lang='lat' dir='ltr'><strong>reto</strong></span> <span class='ocrx_word' id='word_1_59' title='bbox 837 1543 1338 1610; x_wconf 85' lang='lat' dir='ltr'><strong>Lausannensis</strong></span> <span class='ocrx_word' id='word_1_60' title='bbox 1396 1541 1710 1609; x_wconf 87' lang='lat' dir='ltr'><strong>ecclesiae</strong></span> <span class='ocrx_word' id='word_1_61' title='bbox 1766 1544 2011 1626; x_wconf 88' lang='lat' dir='ltr'><strong>pastori</strong></span> <span class='ocrx_word' id='word_1_62' title='bbox 2066 1545 2251 1609; x_wconf 86' lang='lat' dir='ltr'><strong>fratri</strong></span> <span class='ocrx_word' id='word_1_63' title='bbox 2311 1552 2381 1608; x_wconf 85' lang='lat' dir='ltr'><strong>et</strong></span> <span class='ocrx_word' id='word_1_64' title='bbox 2423 1563 2601 1628; x_wconf 80' lang='lat' dir='ltr'><strong>sym-</strong></span> 
     </span>
     <span class='ocr_line' id='line_1_11' title="bbox 640 1628 1287 1716; baseline -0.008 -20"><span class='ocrx_word' id='word_1_65' title='bbox 640 1636 900 1716; x_wconf 79' lang='lat' dir='ltr'><strong>mystae</strong></span> <span class='ocrx_word' id='word_1_66' title='bbox 934 1628 1287 1696; x_wconf 89' lang='lat' dir='ltr'><strong>carissimo.</strong></span> 
     </span>
    </p>
   </div>
   <div class='ocr_carea' id='block_1_6' title="bbox 633 1781 2606 3827">
    <p class='ocr_par' dir='ltr' id='par_1_6' title="bbox 638 1781 2605 2461">
     <span class='ocr_line' id='line_1_12' title="bbox 814 1781 2604 1865; baseline -0.001 -15"><span class='ocrx_word' id='word_1_67' title='bbox 814 1781 887 1850; x_wconf 82' lang='lat' dir='ltr'><strong>S.</strong></span> <span class='ocrx_word' id='word_1_68' title='bbox 956 1781 1048 1851; x_wconf 80' lang='lat' dir='ltr'><strong>Ut</strong></span> <span class='ocrx_word' id='word_1_69' title='bbox 1104 1781 1291 1865; x_wconf 83' lang='lat' dir='ltr'><strong>paria</strong></span> <span class='ocrx_word' id='word_1_70' title='bbox 1346 1788 1563 1847; x_wconf 87' lang='lat' dir='ltr'><strong>tecum</strong></span> <span class='ocrx_word' id='word_1_71' title='bbox 1629 1783 1863 1848; x_wconf 81' lang='lat' dir='ltr'><strong>faciam</strong></span> <span class='ocrx_word' id='word_1_72' title='bbox 1931 1791 2153 1849; x_wconf 90' lang='lat' dir='ltr'><strong>ternas</strong></span> <span class='ocrx_word' id='word_1_73' title='bbox 2206 1782 2432 1848; x_wconf 87' lang='lat' dir='ltr'><strong>literas</strong></span> <span class='ocrx_word' id='word_1_74' title='bbox 2486 1781 2604 1848; x_wconf 89' lang='lat' dir='ltr'><strong>tibi</strong></span> 
     </span>
     <span class='ocr_line' id='line_1_13' title="bbox 647 1865 2604 1954; baseline -0.001 -20"><span class='ocrx_word' id='word_1_75' title='bbox 647 1867 962 1954; x_wconf 74' lang='lat' dir='ltr'><strong>leg-endas</strong></span> <span class='ocrx_word' id='word_1_76' title='bbox 1026 1866 1237 1932; x_wconf 88' lang='lat' dir='ltr'><strong>mitto.</strong></span> <span class='ocrx_word' id='word_1_77' title='bbox 1356 1865 1532 1948; x_wconf 80' lang='lat' dir='ltr'><strong>Quia</strong></span> <span class='ocrx_word' id='word_1_78' title='bbox 1602 1867 1930 1934; x_wconf 75' lang='lat' dir='ltr'><strong>Tossanus</strong></span> <span class='ocrx_word' id='word_1_79' title='bbox 1996 1868 2241 1934; x_wconf 87' lang='lat' dir='ltr'><strong>nostris</strong></span> <span class='ocrx_word' id='word_1_80' title='bbox 2310 1869 2604 1933; x_wconf 91' lang='lat' dir='ltr'><strong>omnium</strong></span> 
     </span>
     <span class='ocr_line' id='line_1_14' title="bbox 642 1951 2604 2038; baseline -0.002 -18"><span class='ocrx_word' id='word_1_81' title='bbox 642 1953 949 2038; x_wconf 89' lang='lat' dir='ltr'><strong>precibus</strong></span> <span class='ocrx_word' id='word_1_82' title='bbox 985 1972 1058 2018; x_wconf 91' lang='lat' dir='ltr'><strong>se</strong></span> <span class='ocrx_word' id='word_1_83' title='bbox 1091 1951 1511 2020; x_wconf 72' lang='lat' dir='ltr'><strong>commendat</strong></span> <span class='ocrx_word' id='word_1_84' title='bbox 1552 1962 1620 2018; x_wconf 90' lang='lat' dir='ltr'><strong>et</strong></span> <span class='ocrx_word' id='word_1_85' title='bbox 1647 1951 1949 2020; x_wconf 75' lang='lat' dir='ltr'><strong>Farellus</strong></span> <span class='ocrx_word' id='word_1_86' title='bbox 1989 1953 2332 2021; x_wconf 90' lang='lat' dir='ltr'><strong>consilium</strong></span> <span class='ocrx_word' id='word_1_87' title='bbox 2378 1951 2495 2018; x_wconf 81' lang='lat' dir='ltr'><strong>abs</strong></span> <span class='ocrx_word' id='word_1_88' title='bbox 2540 1959 2604 2017; x_wconf 89' lang='lat' dir='ltr'><strong>te</strong></span> 
     </span>
     <span class='ocr_line' id='line_1_15' title="bbox 639 2036 2604 2124; baseline -0.001 -20"><span class='ocrx_word' id='word_1_89' title='bbox 639 2040 839 2124; x_wconf 86' lang='lat' dir='ltr'><strong>petit,</strong></span> <span class='ocrx_word' id='word_1_90' title='bbox 899 2037 1243 2122; x_wconf 86' lang='lat' dir='ltr'><strong>utriusque</strong></span> <span class='ocrx_word' id='word_1_91' title='bbox 1300 2037 1525 2104; x_wconf 87' lang='lat' dir='ltr'><strong>literas</strong></span> <span class='ocrx_word' id='word_1_92' title='bbox 1590 2037 1675 2104; x_wconf 89' lang='lat' dir='ltr'><strong>ad</strong></span> <span class='ocrx_word' id='word_1_93' title='bbox 1735 2047 1799 2103; x_wconf 92' lang='lat' dir='ltr'><strong>te</strong></span> <span class='ocrx_word' id='word_1_94' title='bbox 1860 2038 2189 2121; x_wconf 90' lang='lat' dir='ltr'><strong>pertinere</strong></span> <span class='ocrx_word' id='word_1_95' title='bbox 2247 2036 2604 2104; x_wconf 73' lang='lat' dir='ltr'><strong>arbitratus</strong></span> 
     </span>
     <span class='ocr_line' id='line_1_16' title="bbox 639 2122 2603 2207; baseline -0.002 -15"><span class='ocrx_word' id='word_1_96' title='bbox 639 2145 809 2192; x_wconf 90' lang='lat' dir='ltr'><strong>sum.</strong></span> <span class='ocrx_word' id='word_1_97' title='bbox 909 2123 1005 2189; x_wconf 59' lang='lat' dir='ltr'><strong>&#39;lle</strong></span> <span class='ocrx_word' id='word_1_98' title='bbox 1063 2141 1323 2207; x_wconf 84' lang='lat' dir='ltr'><strong>quoque</strong></span> <span class='ocrx_word' id='word_1_99' title='bbox 1386 2123 1556 2190; x_wconf 88' lang='lat' dir='ltr'><strong>scire</strong></span> <span class='ocrx_word' id='word_1_100' title='bbox 1620 2123 1798 2189; x_wconf 80' lang='lat' dir='ltr'><strong>volui</strong></span> <span class='ocrx_word' id='word_1_101' title='bbox 1854 2122 2011 2207; x_wconf 86' lang='lat' dir='ltr'><strong>qnid</strong></span> <span class='ocrx_word' id='word_1_102' title='bbox 2072 2123 2377 2190; x_wconf 75' lang='lat' dir='ltr'><strong>Hanems</strong></span> <span class='ocrx_word' id='word_1_103' title='bbox 2436 2122 2603 2188; x_wconf 88' lang='lat' dir='ltr'><strong>mihi</strong></span> 
     </span>
     <span class='ocr_line' id='line_1_17' title="bbox 642 2206 2605 2293; baseline -0.001 -18"><span class='ocrx_word' id='word_1_104' title='bbox 642 2209 1071 2293; x_wconf 88' lang='lat' dir='ltr'><strong>responderit.</strong></span> <span class='ocrx_word' id='word_1_105' title='bbox 1110 2211 1160 2288; x_wconf 88' lang='lat'><strong>¹)</strong></span> <span class='ocrx_word' id='word_1_106' title='bbox 1246 2206 1524 2274; x_wconf 78' lang='lat' dir='ltr'><strong>Gaudeo</strong></span> <span class='ocrx_word' id='word_1_107' title='bbox 1574 2208 1667 2275; x_wconf 87' lang='lat' dir='ltr'><strong>sic</strong></span> <span class='ocrx_word' id='word_1_108' title='bbox 1720 2208 2057 2275; x_wconf 84' lang='lat' dir='ltr'><strong>moderate</strong></span> <span class='ocrx_word' id='word_1_109' title='bbox 2116 2207 2199 2274; x_wconf 86' lang='lat' dir='ltr'><strong>ab</strong></span> <span class='ocrx_word' id='word_1_110' title='bbox 2262 2228 2341 2274; x_wconf 93' lang='lat' dir='ltr'><strong>eo</strong></span> <span class='ocrx_word' id='word_1_111' title='bbox 2398 2207 2605 2292; x_wconf 86' lang='lat' dir='ltr'><strong>accipi</strong></span> 
     </span>
     <span class='ocr_line' id='line_1_18' title="bbox 638 2290 2605 2378; baseline -0.001 -18"><span class='ocrx_word' id='word_1_112' title='bbox 638 2293 813 2378; x_wconf 82' lang='lat' dir='ltr'><strong>quod</strong></span> <span class='ocrx_word' id='word_1_113' title='bbox 869 2303 1007 2359; x_wconf 88' lang='lat' dir='ltr'><strong>tam</strong></span> <span class='ocrx_word' id='word_1_114' title='bbox 1066 2290 1299 2359; x_wconf 86' lang='lat' dir='ltr'><strong>acerbe</strong></span> <span class='ocrx_word' id='word_1_115' title='bbox 1354 2293 1545 2358; x_wconf 91' lang='lat' dir='ltr'><strong>multi</strong></span> <span class='ocrx_word' id='word_1_116' title='bbox 1601 2294 1959 2378; x_wconf 81' lang='lat' dir='ltr'><strong>exagitant.</strong></span> <span class='ocrx_word' id='word_1_117' title='bbox 2048 2293 2301 2359; x_wconf 86' lang='lat' dir='ltr'><strong>Verum</strong></span> <span class='ocrx_word' id='word_1_118' title='bbox 2355 2291 2438 2358; x_wconf 86' lang='lat' dir='ltr'><strong>de</strong></span> <span class='ocrx_word' id='word_1_119' title='bbox 2499 2293 2605 2358; x_wconf 90' lang='lat' dir='ltr'><strong>his</strong></span> 
     </span>
     <span class='ocr_line' id='line_1_19' title="bbox 640 2376 1465 2461; baseline -0.005 -15"><span class='ocrx_word' id='word_1_120' title='bbox 640 2379 949 2446; x_wconf 89' lang='lat' dir='ltr'><strong>omnibus</strong></span> <span class='ocrx_word' id='word_1_121' title='bbox 990 2376 1186 2461; x_wconf 86' lang='lat' dir='ltr'><strong>plura</strong></span> <span class='ocrx_word' id='word_1_122' title='bbox 1226 2397 1465 2443; x_wconf 87' lang='lat' dir='ltr'><strong>coram.</strong></span> 
     </span>
    </p>

    <p class='ocr_par' dir='ltr' id='par_1_7' title="bbox 636 2461 2606 3128">
     <span class='ocr_line' id='line_1_20' title="bbox 812 2461 2606 2547; baseline 0 -18"><span class='ocrx_word' id='word_1_123' title='bbox 812 2463 966 2529; x_wconf 84' lang='lat' dir='ltr'><strong>Non</strong></span> <span class='ocrx_word' id='word_1_124' title='bbox 1024 2461 1252 2529; x_wconf 87' lang='lat' dir='ltr'><strong>credas</strong></span> <span class='ocrx_word' id='word_1_125' title='bbox 1304 2473 1625 2546; x_wconf 88' lang='lat' dir='ltr'><strong>quantum</strong></span> <span class='ocrx_word' id='word_1_126' title='bbox 1680 2464 1850 2528; x_wconf 85' lang='lat' dir='ltr'><strong>mihi</strong></span> <span class='ocrx_word' id='word_1_127' title='bbox 1894 2462 2237 2547; x_wconf 72' lang='lat' dir='ltr'><strong>displiceat</strong></span> <span class='ocrx_word' id='word_1_128' title='bbox 2293 2483 2606 2547; x_wconf 81' lang='lat' dir='ltr'><strong>praesens</strong></span> 
     </span>
     <span class='ocr_line' id='line_1_21' title="bbox 640 2547 2603 2634; baseline -0.001 -18"><span class='ocrx_word' id='word_1_129' title='bbox 640 2548 1046 2634; x_wconf 86' lang='lat' dir='ltr'><strong>reipublicae</strong></span> <span class='ocrx_word' id='word_1_130' title='bbox 1089 2555 1351 2614; x_wconf 82' lang='lat' dir='ltr'><strong>nostrae</strong></span> <span class='ocrx_word' id='word_1_131' title='bbox 1383 2555 1612 2615; x_wconf 84' lang='lat' dir='ltr'><strong>status.</strong></span> <span class='ocrx_word' id='word_1_132' title='bbox 1636 2550 1697 2626; x_wconf 80' lang='lat'><strong>²)</strong></span> <span class='ocrx_word' id='word_1_133' title='bbox 1762 2547 2158 2632; x_wconf 81' lang='lat' dir='ltr'><strong>Quanquam</strong></span> <span class='ocrx_word' id='word_1_134' title='bbox 2182 2569 2362 2615; x_wconf 86' lang='lat' dir='ltr'><strong>nunc</strong></span> <span class='ocrx_word' id='word_1_135' title='bbox 2470 2548 2603 2614; x_wconf 88' lang='lat' dir='ltr'><strong>tius</strong></span> 
     </span>
     <span class='ocr_line' id='line_1_22' title="bbox 640 2569 2603 2719; baseline 0 -21"><span class='ocrx_word' id='word_1_136' title='bbox 640 2633 963 2719; x_wconf 73' lang='grc' dir='ltr'><strong><em>ὀλιγαρχία</em></strong></span> <span class='ocrx_word' id='word_1_137' title='bbox 1008 2631 1304 2700; x_wconf 72' lang='lat' dir='ltr'><strong>vocanda</strong></span> <span class='ocrx_word' id='word_1_138' title='bbox 1338 2642 1455 2699; x_wconf 59' lang='lat' dir='ltr'><strong>est„</strong></span> <span class='ocrx_word' id='word_1_139' title='bbox 1542 2633 1726 2718; x_wconf 77' lang='lat' dir='ltr'><strong>Ergo</strong></span> <span class='ocrx_word' id='word_1_140' title='bbox 1785 2633 1869 2699; x_wconf 89' lang='lat' dir='ltr'><strong>ad</strong></span> <span class='ocrx_word' id='word_1_141' title='bbox 1913 2634 2075 2700; x_wconf 87' lang='lat' dir='ltr'><strong>haec</strong></span> <span class='ocrx_word' id='word_1_142' title='bbox 2119 2569 2468 2699; x_wconf 45' lang='lat' dir='ltr'><strong>tractim&amp;</strong></span> <span class='ocrx_word' id='word_1_143' title='bbox 2503 2632 2603 2698; x_wconf 86' lang='lat' dir='ltr'><strong>fa-</strong></span> 
     </span>
     <span class='ocr_line' id='line_1_23' title="bbox 636 2718 2605 2803; baseline -0.001 -18"><span class='ocrx_word' id='word_1_144' title='bbox 636 2719 887 2785; x_wconf 81' lang='lat' dir='ltr'><strong>miliari</strong></span> <span class='ocrx_word' id='word_1_145' title='bbox 928 2739 1230 2785; x_wconf 87' lang='lat' dir='ltr'><strong>sermone</strong></span> <span class='ocrx_word' id='word_1_146' title='bbox 1272 2738 1437 2801; x_wconf 88' lang='lat' dir='ltr'><strong>opus</strong></span> <span class='ocrx_word' id='word_1_147' title='bbox 1480 2728 1598 2785; x_wconf 87' lang='lat' dir='ltr'><strong>est.</strong></span> <span class='ocrx_word' id='word_1_148' title='bbox 1620 2723 1677 2798; x_wconf 83' lang='lat'><strong>⁸)</strong></span> <span class='ocrx_word' id='word_1_149' title='bbox 1769 2718 2067 2785; x_wconf 69' lang='lat' dir='ltr'><strong>Farellas</strong></span> <span class='ocrx_word' id='word_1_150' title='bbox 2104 2719 2289 2803; x_wconf 88' lang='lat' dir='ltr'><strong>prius</strong></span> <span class='ocrx_word' id='word_1_151' title='bbox 2332 2718 2605 2802; x_wconf 87' lang='lat' dir='ltr'><strong>scripse-</strong></span> 
     </span>
     <span class='ocr_line' id='line_1_24' title="bbox 641 2801 2604 2889; baseline -0.001 -20"><span class='ocrx_word' id='word_1_152' title='bbox 641 2813 751 2870; x_wconf 86' lang='lat' dir='ltr'><strong>rat</strong></span> <span class='ocrx_word' id='word_1_153' title='bbox 792 2804 1097 2888; x_wconf 88' lang='lat' dir='ltr'><strong>quintum</strong></span> <span class='ocrx_word' id='word_1_154' title='bbox 1144 2801 1330 2869; x_wconf 81' lang='lat' dir='ltr'><strong>&#39;diem</strong></span> <span class='ocrx_word' id='word_1_155' title='bbox 1372 2803 1604 2869; x_wconf 76' lang='lat' dir='ltr'><strong>Martii</strong></span> <span class='ocrx_word' id='word_1_156' title='bbox 1639 2801 1895 2889; x_wconf 78' lang='lat' dir='ltr'><strong>synodo</strong></span> <span class='ocrx_word' id='word_1_157' title='bbox 1911 2826 1925 2838; x_wconf 91' lang='lat'><strong>·</strong></span> <span class='ocrx_word' id='word_1_158' title='bbox 1950 2805 2322 2889; x_wconf 84' lang='lat' dir='ltr'><strong>praefixum</strong></span> <span class='ocrx_word' id='word_1_159' title='bbox 2365 2824 2526 2870; x_wconf 91' lang='lat' dir='ltr'><strong>esse.</strong></span> <span class='ocrx_word' id='word_1_160' title='bbox 2541 2807 2604 2881; x_wconf 82' lang='lat'><strong>⁴)</strong></span> 
     </span>
     <span class='ocr_line' id='line_1_25' title="bbox 639 2888 2599 2975; baseline -0.001 -20"><span class='ocrx_word' id='word_1_161' title='bbox 639 2889 837 2955; x_wconf 84' lang='lat' dir='ltr'><strong>Nunc</strong></span> <span class='ocrx_word' id='word_1_162' title='bbox 912 2888 994 2954; x_wconf 86' lang='lat' dir='ltr'><strong>de</strong></span> <span class='ocrx_word' id='word_1_163' title='bbox 1054 2910 1128 2955; x_wconf 87' lang='lat' dir='ltr'><strong>re</strong></span> <span class='ocrx_word' id='word_1_164' title='bbox 1191 2889 1453 2972; x_wconf 76' lang='lat' dir='ltr'><strong>integra</strong></span> <span class='ocrx_word' id='word_1_165' title='bbox 1468 2890 1529 2972; x_wconf 77' lang='lat'><strong>⁶)</strong></span> <span class='ocrx_word' id='word_1_166' title='bbox 1607 2888 1955 2956; x_wconf 86' lang='lat' dir='ltr'><strong>consilium</strong></span> <span class='ocrx_word' id='word_1_167' title='bbox 2011 2897 2238 2975; x_wconf 84' lang='lat' dir='ltr'><strong>petere</strong></span> <span class='ocrx_word' id='word_1_168' title='bbox 2316 2888 2599 2955; x_wconf 76' lang='lat' dir='ltr'><strong>videtur.</strong></span> 
     </span>
     <span class='ocr_line' id='line_1_26' title="bbox 638 2973 2602 3059; baseline -0.001 -18"><span class='ocrx_word' id='word_1_169' title='bbox 638 2973 895 3059; x_wconf 82' lang='lat' dir='ltr'><strong>Scripsi</strong></span> <span class='ocrx_word' id='word_1_170' title='bbox 939 2984 1183 3052; x_wconf 85' lang='lat' dir='ltr'><strong>tamen,</strong></span> <span class='ocrx_word' id='word_1_171' title='bbox 1224 2974 1281 3039; x_wconf 90' lang='lat' dir='ltr'><strong>si</strong></span> <span class='ocrx_word' id='word_1_172' title='bbox 1324 2995 1432 3039; x_wconf 91' lang='lat' dir='ltr'><strong>me</strong></span> <span class='ocrx_word' id='word_1_173' title='bbox 1476 2973 1716 3041; x_wconf 88' lang='lat' dir='ltr'><strong>habere</strong></span> <span class='ocrx_word' id='word_1_174' title='bbox 1759 2975 1969 3054; x_wconf 80' lang='lat' dir='ltr'><strong>volet,</strong></span> <span class='ocrx_word' id='word_1_175' title='bbox 2013 2984 2090 3041; x_wconf 89' lang='lat' dir='ltr'><strong>ut</strong></span> <span class='ocrx_word' id='word_1_176' title='bbox 2132 2975 2271 3041; x_wconf 86' lang='lat' dir='ltr'><strong>dies</strong></span> <span class='ocrx_word' id='word_1_177' title='bbox 2315 2973 2426 3039; x_wconf 91' lang='lat' dir='ltr'><strong>ille</strong></span> <span class='ocrx_word' id='word_1_178' title='bbox 2469 2975 2602 3040; x_wconf 78' lang='lat' dir='ltr'><strong>iam</strong></span> 
     </span>
     <span class='ocr_line' id='line_1_27' title="bbox 638 3059 1399 3128; baseline -0.004 -2"><span class='ocrx_word' id='word_1_179' title='bbox 638 3059 978 3128; x_wconf 87' lang='lat' dir='ltr'><strong>condictus</strong></span> <span class='ocrx_word' id='word_1_180' title='bbox 1022 3059 1399 3126; x_wconf 82' lang='lat' dir='ltr'><strong>retineatur.</strong></span> 
     </span>
    </p>

    <p class='ocr_par' dir='ltr' id='par_1_8' title="bbox 633 3144 2601 3827">
     <span class='ocr_line' id='line_1_28' title="bbox 812 3144 2601 3211; baseline 0 0"><span class='ocrx_word' id='word_1_181' title='bbox 812 3145 1096 3211; x_wconf 82' lang='lat' dir='ltr'><strong>Ioannes</strong></span> <span class='ocrx_word' id='word_1_182' title='bbox 1139 3166 1183 3211; x_wconf 83' lang='lat' dir='ltr'><strong>a</strong></span> <span class='ocrx_word' id='word_1_183' title='bbox 1226 3144 1430 3209; x_wconf 73' lang='lat' dir='ltr'><strong>Lusco</strong></span> <span class='ocrx_word' id='word_1_184' title='bbox 1473 3164 1592 3211; x_wconf 81' lang='lat' dir='ltr'><strong>vos</strong></span> <span class='ocrx_word' id='word_1_185' title='bbox 1635 3165 1862 3211; x_wconf 90' lang='lat' dir='ltr'><strong>omnes</strong></span> <span class='ocrx_word' id='word_1_186' title='bbox 1904 3145 2165 3210; x_wconf 88' lang='lat' dir='ltr'><strong>salutat.</strong></span> <span class='ocrx_word' id='word_1_187' title='bbox 2254 3144 2449 3210; x_wconf 88' lang='lat' dir='ltr'><strong>Nunc</strong></span> <span class='ocrx_word' id='word_1_188' title='bbox 2493 3166 2601 3211; x_wconf 91' lang='lat' dir='ltr'><strong>me</strong></span> 
     </span>
     <span class='ocr_line' id='line_1_29' title="bbox 638 3228 2600 3313; baseline -0.001 -17"><span class='ocrx_word' id='word_1_189' title='bbox 638 3252 682 3296; x_wconf 88' lang='lat' dir='ltr'><strong>a</strong></span> <span class='ocrx_word' id='word_1_190' title='bbox 727 3228 1040 3297; x_wconf 61' lang='lat' dir='ltr'><strong>mano</strong></span> <span class='ocrx_word' id='word_1_191' title='bbox 1058 3233 1115 3304; x_wconf 80' lang='lat'><strong>⁸)</strong></span> <span class='ocrx_word' id='word_1_192' title='bbox 1171 3230 1271 3295; x_wconf 88' lang='lat' dir='ltr'><strong>bis</strong></span> <span class='ocrx_word' id='word_1_193' title='bbox 1328 3229 1671 3313; x_wconf 88' lang='lat' dir='ltr'><strong>deceptum</strong></span> <span class='ocrx_word' id='word_1_194' title='bbox 1715 3229 1927 3297; x_wconf 81' lang='lat' dir='ltr'><strong>video.</strong></span> <span class='ocrx_word' id='word_1_195' title='bbox 2012 3229 2254 3295; x_wconf 80' lang='lat' dir='ltr'><strong>Falsas</strong></span> <span class='ocrx_word' id='word_1_196' title='bbox 2297 3229 2474 3295; x_wconf 90' lang='lat' dir='ltr'><strong>enim</strong></span> <span class='ocrx_word' id='word_1_197' title='bbox 2517 3229 2600 3293; x_wconf 92' lang='lat' dir='ltr'><strong>li-</strong></span> 
     </span>
     <span class='ocr_line' id='line_1_30' title="bbox 637 3314 2597 3397; baseline -0.001 -16"><span class='ocrx_word' id='word_1_198' title='bbox 637 3325 822 3381; x_wconf 87' lang='lat' dir='ltr'><strong>terae</strong></span> <span class='ocrx_word' id='word_1_199' title='bbox 864 3316 1127 3381; x_wconf 77' lang='lat' dir='ltr'><strong>fuerant</strong></span> <span class='ocrx_word' id='word_1_200' title='bbox 1181 3334 1351 3397; x_wconf 88' lang='lat' dir='ltr'><strong>quae</strong></span> <span class='ocrx_word' id='word_1_201' title='bbox 1393 3315 1537 3381; x_wconf 89' lang='lat' dir='ltr'><strong>eius</strong></span> <span class='ocrx_word' id='word_1_202' title='bbox 1595 3314 2149 3382; x_wconf 88' lang='lat' dir='ltr'><strong>commendationi</strong></span> <span class='ocrx_word' id='word_1_203' title='bbox 2201 3315 2597 3381; x_wconf 58' lang='lat' dir='ltr'><strong>serviebant„</strong></span> 
     </span>
     <span class='ocr_line' id='line_1_31' title="bbox 636 3398 2596 3484; baseline -0.001 -17"><span class='ocrx_word' id='word_1_204' title='bbox 636 3400 852 3468; x_wconf 62' lang='lat' dir='ltr'><strong>Bam</strong></span> <span class='ocrx_word' id='word_1_205' title='bbox 885 3407 1112 3467; x_wconf 88' lang='lat' dir='ltr'><strong>nostro</strong></span> <span class='ocrx_word' id='word_1_206' title='bbox 1141 3419 1383 3466; x_wconf 84' lang='lat' dir='ltr'><strong>excusa</strong></span> <span class='ocrx_word' id='word_1_207' title='bbox 1414 3398 1590 3484; x_wconf 88' lang='lat' dir='ltr'><strong>quod</strong></span> <span class='ocrx_word' id='word_1_208' title='bbox 1633 3419 1811 3466; x_wconf 87' lang='lat' dir='ltr'><strong>nunc</strong></span> <span class='ocrx_word' id='word_1_209' title='bbox 1854 3401 1938 3466; x_wconf 90' lang='lat' dir='ltr'><strong>ad</strong></span> <span class='ocrx_word' id='word_1_210' title='bbox 1973 3420 2126 3466; x_wconf 89' lang='lat' dir='ltr'><strong>eum</strong></span> <span class='ocrx_word' id='word_1_211' title='bbox 2160 3398 2327 3466; x_wconf 90' lang='lat' dir='ltr'><strong>nihil</strong></span> <span class='ocrx_word' id='word_1_212' title='bbox 2354 3399 2596 3472; x_wconf 75' lang='lat' dir='ltr'><strong>scribo.</strong></span> 
     </span>
     <span class='ocr_line' id='line_1_32' title="bbox 636 3484 2601 3572; baseline -0.002 -19"><span class='ocrx_word' id='word_1_213' title='bbox 636 3486 745 3553; x_wconf 90' lang='lat' dir='ltr'><strong>De</strong></span> <span class='ocrx_word' id='word_1_214' title='bbox 788 3484 1183 3572; x_wconf 77' lang='lat' dir='ltr'><strong>apocryphis</strong></span> <span class='ocrx_word' id='word_1_215' title='bbox 1218 3491 1373 3571; x_wconf 81' lang='lat' dir='ltr'><strong>agat</strong></span> <span class='ocrx_word' id='word_1_216' title='bbox 1406 3506 1526 3551; x_wconf 90' lang='lat' dir='ltr'><strong>suo</strong></span> <span class='ocrx_word' id='word_1_217' title='bbox 1569 3486 1913 3552; x_wconf 84' lang='lat' dir='ltr'><strong>arbitratu.</strong></span> <span class='ocrx_word' id='word_1_218' title='bbox 1932 3488 1991 3560; x_wconf 79' lang='lat'><strong>⁷)</strong></span> <span class='ocrx_word' id='word_1_219' title='bbox 2055 3485 2148 3551; x_wconf 82' lang='lat' dir='ltr'><strong>Et</strong></span> <span class='ocrx_word' id='word_1_220' title='bbox 2182 3495 2419 3551; x_wconf 88' lang='lat' dir='ltr'><strong>tamen·</strong></span> <span class='ocrx_word' id='word_1_221' title='bbox 2446 3506 2601 3551; x_wconf 89' lang='lat' dir='ltr'><strong>eum</strong></span> 
     </span>
     <span class='ocr_line' id='line_1_33' title="bbox 634 3567 2599 3656; baseline -0.002 -19"><span class='ocrx_word' id='word_1_222' title='bbox 634 3571 1062 3655; x_wconf 82' lang='lat' dir='ltr'><strong>praemonui,</strong></span> <span class='ocrx_word' id='word_1_223' title='bbox 1127 3570 1251 3636; x_wconf 87' lang='lat' dir='ltr'><strong>hoc</strong></span> <span class='ocrx_word' id='word_1_224' title='bbox 1293 3570 1435 3636; x_wconf 86' lang='lat' dir='ltr'><strong>fore</strong></span> <span class='ocrx_word' id='word_1_225' title='bbox 1477 3572 1690 3637; x_wconf 86' lang='lat' dir='ltr'><strong>maius</strong></span> <span class='ocrx_word' id='word_1_226' title='bbox 1731 3567 2197 3654; x_wconf 73' lang='lat' dir='ltr'><strong>compendium</strong></span> <span class='ocrx_word' id='word_1_227' title='bbox 2252 3592 2323 3636; x_wconf 90' lang='lat' dir='ltr'><strong>se</strong></span> <span class='ocrx_word' id='word_1_228' title='bbox 2346 3569 2400 3656; x_wconf 85' lang='lat'><strong>⁸)</strong></span> <span class='ocrx_word' id='word_1_229' title='bbox 2448 3591 2599 3637; x_wconf 86' lang='lat' dir='ltr'><strong>ver·</strong></span> 
     </span>
     <span class='ocr_line' id='line_1_34' title="bbox 634 3654 2598 3740; baseline -0.002 -18"><span class='ocrx_word' id='word_1_230' title='bbox 634 3657 885 3723; x_wconf 88' lang='lat' dir='ltr'><strong>sionem</strong></span> <span class='ocrx_word' id='word_1_231' title='bbox 922 3677 1167 3723; x_wconf 82' lang='lat' dir='ltr'><strong>novam</strong></span> <span class='ocrx_word' id='word_1_232' title='bbox 1202 3655 1537 3740; x_wconf 84' lang='lat' dir='ltr'><strong>suscipiat.</strong></span> <span class='ocrx_word' id='word_1_233' title='bbox 1604 3654 1680 3723; x_wconf 82' lang='lat' dir='ltr'><strong>Si</strong></span> <span class='ocrx_word' id='word_1_234' title='bbox 1720 3656 1832 3739; x_wconf 88' lang='lat' dir='ltr'><strong>qui</strong></span> <span class='ocrx_word' id='word_1_235' title='bbox 1877 3655 2091 3740; x_wconf 82' lang='lat' dir='ltr'><strong>parati</strong></span> <span class='ocrx_word' id='word_1_236' title='bbox 2127 3664 2325 3721; x_wconf 86' lang='lat' dir='ltr'><strong>erunt</strong></span> <span class='ocrx_word' id='word_1_237' title='bbox 2362 3655 2598 3738; x_wconf 82' lang='lat' dir='ltr'><strong>psalmi</strong></span> 
     </span>
     <span class='ocr_line' id='line_1_35' title="bbox 633 3740 2598 3827; baseline -0.001 -20"><span class='ocrx_word' id='word_1_238' title='bbox 633 3763 767 3808; x_wconf 87' lang='lat' dir='ltr'><strong>non</strong></span> <span class='ocrx_word' id='word_1_239' title='bbox 811 3749 915 3807; x_wconf 88' lang='lat' dir='ltr'><strong>est</strong></span> <span class='ocrx_word' id='word_1_240' title='bbox 956 3742 1133 3825; x_wconf 87' lang='lat' dir='ltr'><strong>quod</strong></span> <span class='ocrx_word' id='word_1_241' title='bbox 1174 3742 1384 3808; x_wconf 86' lang='lat' dir='ltr'><strong>socios</strong></span> <span class='ocrx_word' id='word_1_242' title='bbox 1428 3749 1823 3825; x_wconf 83' lang='lat' dir='ltr'><strong>exspectent.</strong></span> <span class='ocrx_word' id='word_1_243' title='bbox 1840 3740 1898 3827; x_wconf 82' lang='lat'><strong>⁹)</strong></span> <span class='ocrx_word' id='word_1_244' title='bbox 1984 3740 2279 3826; x_wconf 81' lang='lat' dir='ltr'><strong>Rogabis</strong></span> <span class='ocrx_word' id='word_1_245' title='bbox 2321 3761 2479 3827; x_wconf 80' lang='lat' dir='ltr'><strong>ergo</strong></span> <span class='ocrx_word' id='word_1_246' title='bbox 2522 3751 2598 3806; x_wconf 88' lang='lat' dir='ltr'><strong>ut</strong></span> 
     </span>
    </p>
   </div>
   <div class='ocr_carea' id='block_1_7' title="bbox 632 3977 2599 4335">
    <p class='ocr_par' dir='ltr' id='par_1_9' title="bbox 632 3977 2599 4335">
     <span class='ocr_line' id='line_1_36' title="bbox 632 3977 2599 4116; baseline -0.001 -83"><span class='ocrx_word' id='word_1_247' title='bbox 632 3977 900 4045; x_wconf 55' lang='lat'>14411)</span> <span class='ocrx_word' id='word_1_248' title='bbox 952 3978 1057 4034; x_wconf 64' lang='lat' dir='ltr'><strong>Vis</strong></span> <span class='ocrx_word' id='word_1_249' title='bbox 1101 3978 1495 4101; x_wconf 55' lang='lat' dir='ltr'><strong>credda-32³</strong></span> <span class='ocrx_word' id='word_1_250' title='bbox 1555 3979 1645 4034; x_wconf 68' lang='lat' dir='ltr'><strong>lu‘c</strong></span> <span class='ocrx_word' id='word_1_251' title='bbox 1690 3981 1787 4048; x_wconf 67' lang='lat' dir='ltr'><strong>aqi</strong></span> <span class='ocrx_word' id='word_1_252' title='bbox 1829 3979 1899 4034; x_wconf 75' lang='lat' dir='ltr'><strong>de</strong></span> <span class='ocrx_word' id='word_1_253' title='bbox 1944 3979 2599 4116; x_wconf 62' lang='lat' dir='ltr'><strong>HauenDW</strong></span> 
     </span>
     <span class='ocr_line' id='line_1_37' title="bbox 632 4182 2597 4268; baseline -0.002 -28"><span class='ocrx_word' id='word_1_254' title='bbox 632 4182 1191 4264; x_wconf 54' lang='lat' dir='ltr'><strong>eductoBemeqm</strong></span> <span class='ocrx_word' id='word_1_255' title='bbox 1224 4189 1276 4238; x_wconf 73' lang='lat' dir='ltr'><strong>et</strong></span> <span class='ocrx_word' id='word_1_256' title='bbox 1308 4183 1526 4265; x_wconf 51' lang='lat' dir='ltr'><strong>saliatur</strong></span> <span class='ocrx_word' id='word_1_257' title='bbox 1541 4185 2075 4268; x_wconf 60' lang='lat' dir='ltr'><strong>Attalusque-vertat.-</strong></span> <span class='ocrx_word' id='word_1_258' title='bbox 2108 4201 2271 4266; x_wconf 70' lang='lat' dir='ltr'><strong>many</strong></span> <span class='ocrx_word' id='word_1_259' title='bbox 2285 4185 2597 4266; x_wconf 40' lang='lat' dir='ltr'><strong>attach-me.</strong></span> 
     </span>
     <span class='ocr_line' id='line_1_38' title="bbox 841 4250 2598 4335; baseline 0.002 -31"><span class='ocrx_word' id='word_1_260' title='bbox 841 4251 901 4333; x_wconf 68' lang='lat'><strong>2)</strong></span> <span class='ocrx_word' id='word_1_261' title='bbox 941 4250 1400 4321; x_wconf 57' lang='lat' dir='ltr'><strong>wama-“ee</strong></span> <span class='ocrx_word' id='word_1_262' title='bbox 1446 4253 1616 4334; x_wconf 59' lang='lat' dir='ltr'><strong>volgus</strong></span> <span class='ocrx_word' id='word_1_263' title='bbox 1655 4268 1944 4335; x_wconf 61' lang='lat' dir='ltr'><strong>nescimus.</strong></span> <span class='ocrx_word' id='word_1_264' title='bbox 2018 4251 2598 4308; x_wconf 59' lang='grc' dir='ltr'><strong>Ροοκὴωηοηοιοηε</strong></span> 
     </span>
    </p>
   </div>
   <div class='ocr_carea' id='block_1_8' title="bbox 634 3898 1049 3909">
    <p class='ocr_par' dir='ltr' id='par_1_10' title="bbox 634 3898 1049 3909">
     <span class='ocr_line' id='line_1_39' title="bbox 634 3898 1049 3909; baseline 0 2258"><span class='ocrx_word' id='word_1_265' title='bbox 634 3898 1049 3909; x_wconf 95' lang='lat' dir='ltr'><strong> </strong></span> 
     </span>
    </p>
   </div>
   <div class='ocr_carea' id='block_1_9' title="bbox 630 4320 2600 4584">
    <p class='ocr_par' dir='ltr' id='par_1_11' title="bbox 630 4320 2600 4584">
     <span class='ocr_line' id='line_1_40' title="bbox 630 4320 2599 4447; baseline 0.002 -3"><span class='ocrx_word' id='word_1_266' title='bbox 630 4320 1695 4444; x_wconf 46' lang='lat' dir='ltr'><strong>mffitwaemw</strong></span> <span class='ocrx_word' id='word_1_267' title='bbox 1722 4322 1994 4403; x_wconf 53' lang='lat' dir='ltr'><strong>W·</strong></span> <span class='ocrx_word' id='word_1_268' title='bbox 2070 4320 2599 4447; x_wconf 41' lang='lat' dir='ltr'><strong>‘mm</strong></span> 
     </span>
     <span class='ocr_line' id='line_1_41' title="bbox 973 4396 2600 4584; baseline 0.001 -142"><span class='ocrx_word' id='word_1_269' title='bbox 973 4405 1197 4511; x_wconf 54' lang='lat' dir='ltr'><strong>mm</strong></span> <span class='ocrx_word' id='word_1_270' title='bbox 1625 4458 1636 4470; x_wconf 46' lang='grc'><em>·</em></span> <span class='ocrx_word' id='word_1_271' title='bbox 1695 4396 1954 4540; x_wconf 29' lang='lat' dir='ltr'><strong>enum</strong></span> <span class='ocrx_word' id='word_1_272' title='bbox 2112 4404 2152 4443; x_wconf 66' lang='lat' dir='ltr'><strong>a</strong></span> <span class='ocrx_word' id='word_1_273' title='bbox 2322 4461 2334 4471; x_wconf 45' lang='grc'><em>.</em></span> <span class='ocrx_word' id='word_1_274' title='bbox 2403 4459 2416 4472; x_wconf 37' lang='grc' dir='ltr'><strong>ο</strong></span> <span class='ocrx_word' id='word_1_275' title='bbox 2437 4474 2600 4584; x_wconf 53' lang='lat' dir='ltr'><strong>m</strong></span> 
     </span>
    </p>
   </div>
   <div class='ocr_carea' id='block_1_10' title="bbox 2456 1147 2634 1220">
    <p class='ocr_par' dir='ltr' id='par_1_12' title="bbox 2456 1147 2634 1220">
     <span class='ocr_line' id='line_1_42' title="bbox 2456 1147 2634 1220; baseline 0.006 -16"><span class='ocrx_word' id='word_1_276' title='bbox 2456 1150 2602 1220; x_wconf 83' lang='lat' dir='ltr'><strong>phou</strong></span> <span class='ocrx_word' id='word_1_277' title='bbox 2627 1147 2634 1154; x_wconf 51' lang='lat'><strong><em>¹</em></strong></span> 
     </span>
    </p>
   </div>
   <div class='ocr_carea' id='block_1_11' title="bbox 2642 577 2667 5321">
    <p class='ocr_par' dir='ltr' id='par_1_13' title="bbox 2642 577 2667 5321">
     <span class='ocr_line' id='line_1_43' title="bbox 2642 577 2667 5321; baseline 0 0"><span class='ocrx_word' id='word_1_278' title='bbox 2642 577 2667 5321; x_wconf 95' lang='lat' dir='ltr'><strong> </strong></span> 
     </span>
    </p>
   </div>
   <div class='ocr_carea' id='block_1_12' title="bbox 2705 568 4656 1081">
    <p class='ocr_par' dir='ltr' id='par_1_14' title="bbox 2705 568 4656 1081">
     <span class='ocr_line' id='line_1_44' title="bbox 2707 568 4653 654; baseline -0.002 -19"><span class='ocrx_word' id='word_1_279' title='bbox 2707 571 2921 654; x_wconf 90' lang='lat' dir='ltr'><strong>primo</strong></span> <span class='ocrx_word' id='word_1_280' title='bbox 2984 571 3223 637; x_wconf 89' lang='lat' dir='ltr'><strong>nuncio</strong></span> <span class='ocrx_word' id='word_1_281' title='bbox 3285 569 3535 653; x_wconf 82' lang='lat' dir='ltr'><strong>aliquos</strong></span> <span class='ocrx_word' id='word_1_282' title='bbox 3592 570 3822 635; x_wconf 82' lang='lat' dir='ltr'><strong>saltem</strong></span> <span class='ocrx_word' id='word_1_283' title='bbox 3888 569 4127 636; x_wconf 84' lang='lat' dir='ltr'><strong>mittat.</strong></span> <span class='ocrx_word' id='word_1_284' title='bbox 4244 568 4533 653; x_wconf 71' lang='lat' dir='ltr'><strong>Verqerio</strong></span> <span class='ocrx_word' id='word_1_285' title='bbox 4588 575 4653 634; x_wconf 90' lang='lat' dir='ltr'><strong>et</strong></span> 
     </span>
     <span class='ocr_line' id='line_1_45' title="bbox 2707 652 4654 741; baseline -0.002 -20"><span class='ocrx_word' id='word_1_286' title='bbox 2707 655 3044 741; x_wconf 76' lang='lat' dir='ltr'><strong>Tigurinis</strong></span> <span class='ocrx_word' id='word_1_287' title='bbox 3097 655 3284 721; x_wconf 80' lang='lat' dir='ltr'><strong>brevi</strong></span> <span class='ocrx_word' id='word_1_288' title='bbox 3348 654 3649 721; x_wconf 86' lang='lat' dir='ltr'><strong>scribam.</strong></span> <span class='ocrx_word' id='word_1_289' title='bbox 3676 659 3762 727; x_wconf 83' lang='lat'><strong>²⁰)</strong></span> <span class='ocrx_word' id='word_1_290' title='bbox 3848 654 4145 732; x_wconf 87' lang='lat' dir='ltr'><strong>Interea,</strong></span> <span class='ocrx_word' id='word_1_291' title='bbox 4210 652 4268 720; x_wconf 90' lang='lat' dir='ltr'><strong>si</strong></span> <span class='ocrx_word' id='word_1_292' title='bbox 4323 654 4468 738; x_wconf 87' lang='lat' dir='ltr'><strong>quis</strong></span> <span class='ocrx_word' id='word_1_293' title='bbox 4530 654 4654 721; x_wconf 88' lang='lat' dir='ltr'><strong>erit</strong></span> 
     </span>
     <span class='ocr_line' id='line_1_46' title="bbox 2705 737 4651 824; baseline -0.001 -18"><span class='ocrx_word' id='word_1_294' title='bbox 2705 749 2899 824; x_wconf 87' lang='lat' dir='ltr'><strong>aptus</strong></span> <span class='ocrx_word' id='word_1_295' title='bbox 2967 740 3247 807; x_wconf 89' lang='lat' dir='ltr'><strong>nuncius</strong></span> <span class='ocrx_word' id='word_1_296' title='bbox 3262 792 3277 818; x_wconf 94' lang='lat'><strong>,</strong></span> <span class='ocrx_word' id='word_1_297' title='bbox 3350 741 3577 806; x_wconf 86' lang='lat' dir='ltr'><strong>literas</strong></span> <span class='ocrx_word' id='word_1_298' title='bbox 3631 739 4030 807; x_wconf 72' lang='lat' dir='ltr'><strong>Bernardini</strong></span> <span class='ocrx_word' id='word_1_299' title='bbox 4090 738 4368 806; x_wconf 89' lang='lat' dir='ltr'><strong>curabis.</strong></span> <span class='ocrx_word' id='word_1_300' title='bbox 4468 737 4651 816; x_wconf 84' lang='lat' dir='ltr'><strong>Vale,</strong></span> 
     </span>
     <span class='ocr_line' id='line_1_47' title="bbox 2705 824 4653 909; baseline -0.001 -18"><span class='ocrx_word' id='word_1_301' title='bbox 2705 825 2909 892; x_wconf 79' lang='lat' dir='ltr'><strong>frater</strong></span> <span class='ocrx_word' id='word_1_302' title='bbox 2949 826 3388 909; x_wconf 80' lang='lat' dir='ltr'><strong>integerrime,</strong></span> <span class='ocrx_word' id='word_1_303' title='bbox 3432 847 3569 891; x_wconf 87' lang='lat' dir='ltr'><strong>una</strong></span> <span class='ocrx_word' id='word_1_304' title='bbox 3609 846 3760 892; x_wconf 85' lang='lat' dir='ltr'><strong>oum</strong></span> <span class='ocrx_word' id='word_1_305' title='bbox 3803 846 4010 892; x_wconf 80' lang='lat' dir='ltr'><strong>uxore</strong></span> <span class='ocrx_word' id='word_1_306' title='bbox 4049 836 4124 892; x_wconf 88' lang='lat' dir='ltr'><strong>et</strong></span> <span class='ocrx_word' id='word_1_307' title='bbox 4159 824 4426 891; x_wconf 81' lang='lat' dir='ltr'><strong>familia.</strong></span> <span class='ocrx_word' id='word_1_308' title='bbox 4491 825 4653 890; x_wconf 80' lang='lat' dir='ltr'><strong>Fra-</strong></span> 
     </span>
     <span class='ocr_line' id='line_1_48' title="bbox 2705 910 4656 978; baseline -0.001 -2"><span class='ocrx_word' id='word_1_309' title='bbox 2705 911 2919 978; x_wconf 85' lang='lat' dir='ltr'><strong>tribus</strong></span> <span class='ocrx_word' id='word_1_310' title='bbox 2961 910 3240 976; x_wconf 87' lang='lat' dir='ltr'><strong>multam</strong></span> <span class='ocrx_word' id='word_1_311' title='bbox 3283 910 3581 977; x_wconf 87' lang='lat' dir='ltr'><strong>salutem.</strong></span> <span class='ocrx_word' id='word_1_312' title='bbox 3649 912 3976 977; x_wconf 87' lang='lat' dir='ltr'><strong>Dominus</strong></span> <span class='ocrx_word' id='word_1_313' title='bbox 4019 932 4137 977; x_wconf 82' lang='lat' dir='ltr'><strong>vos</strong></span> <span class='ocrx_word' id='word_1_314' title='bbox 4178 931 4407 977; x_wconf 87' lang='lat' dir='ltr'><strong>omnes</strong></span> <span class='ocrx_word' id='word_1_315' title='bbox 4440 916 4656 976; x_wconf 81' lang='lat' dir='ltr'><strong>servet</strong></span> 
     </span>
     <span class='ocr_line' id='line_1_49' title="bbox 2706 996 4568 1081; baseline 0 -20"><span class='ocrx_word' id='word_1_316' title='bbox 2706 1015 2782 1061; x_wconf 89' lang='lat' dir='ltr'><strong>ac</strong></span> <span class='ocrx_word' id='word_1_317' title='bbox 2826 996 3062 1080; x_wconf 87' lang='lat' dir='ltr'><strong>spiritu</strong></span> <span class='ocrx_word' id='word_1_318' title='bbox 3105 1016 3223 1062; x_wconf 90' lang='lat' dir='ltr'><strong>suo</strong></span> <span class='ocrx_word' id='word_1_319' title='bbox 3270 1005 3474 1081; x_wconf 78' lang='lat' dir='ltr'><strong>regat.</strong></span> <span class='ocrx_word' id='word_1_320' title='bbox 3565 996 3883 1072; x_wconf 77' lang='lat' dir='ltr'><strong>Genevae</strong></span> <span class='ocrx_word' id='word_1_321' title='bbox 3926 1001 4026 1061; x_wconf 82' lang='lat'><strong>24.</strong></span> <span class='ocrx_word' id='word_1_322' title='bbox 4073 996 4339 1062; x_wconf 86' lang='lat' dir='ltr'><strong>Ianuar.</strong></span> <span class='ocrx_word' id='word_1_323' title='bbox 4387 999 4568 1061; x_wconf 83' lang='lat'><strong>1551.</strong></span> 
     </span>
    </p>
   </div>
   <div class='ocr_carea' id='block_1_13' title="bbox 3626 1131 4485 1199">
    <p class='ocr_par' dir='ltr' id='par_1_15' title="bbox 3626 1131 4485 1199">
     <span class='ocr_line' id='line_1_50' title="bbox 3626 1131 4485 1199; baseline -0.001 -2"><span class='ocrx_word' id='word_1_324' title='bbox 3626 1132 3910 1199; x_wconf 87' lang='lat' dir='ltr'><strong>Ioannes</strong></span> <span class='ocrx_word' id='word_1_325' title='bbox 3953 1131 4271 1199; x_wconf 84' lang='lat' dir='ltr'><strong>Calvinus</strong></span> <span class='ocrx_word' id='word_1_326' title='bbox 4313 1138 4485 1197; x_wconf 88' lang='lat' dir='ltr'><strong>tuus.</strong></span> 
     </span>
    </p>
   </div>
   <div class='ocr_carea' id='block_1_14' title="bbox 3193 1571 4176 1779">
    <p class='ocr_par' dir='ltr' id='par_1_16' title="bbox 3193 1571 4176 1779">
     <span class='ocr_line' id='line_1_51' title="bbox 3589 1571 3778 1644; baseline 0 -3"><span class='ocrx_word' id='word_1_327' title='bbox 3589 1571 3778 1644; x_wconf 74' lang='lat'><strong>1442.</strong></span> 
     </span>
     <span class='ocr_line' id='line_1_52' title="bbox 3193 1710 4176 1779; baseline 0 -2"><span class='ocrx_word' id='word_1_328' title='bbox 3193 1711 3693 1779; x_wconf 75' lang='lat' dir='ltr'><strong>PARELLUS</strong></span> <span class='ocrx_word' id='word_1_329' title='bbox 3739 1710 4176 1779; x_wconf 84' lang='lat' dir='ltr'><strong>GALVINO.</strong></span> 
     </span>
    </p>
   </div>
   <div class='ocr_carea' id='block_1_15' title="bbox 2702 1882 4664 2221">
    <p class='ocr_par' dir='ltr' id='par_1_17' title="bbox 2702 1882 4664 2221">
     <span class='ocr_line' id='line_1_53' title="bbox 2885 1882 4662 1965; baseline 0 -16"><span class='ocrx_word' id='word_1_330' title='bbox 2885 1882 3205 1965; x_wconf 74' lang='lat' dir='ltr'><strong>Specimen</strong></span> <span class='ocrx_word' id='word_1_331' title='bbox 3245 1883 3382 1950; x_wconf 72' lang='lat' dir='ltr'><strong>stili</strong></span> <span class='ocrx_word' id='word_1_332' title='bbox 3420 1884 3529 1949; x_wconf 79' lang='lat' dir='ltr'><strong>sui</strong></span> <span class='ocrx_word' id='word_1_333' title='bbox 3569 1884 3699 1950; x_wconf 74' lang='lat' dir='ltr'><strong>edit</strong></span> <span class='ocrx_word' id='word_1_334' title='bbox 3737 1884 3808 1948; x_wconf 74' lang='lat' dir='ltr'><strong>in</strong></span> <span class='ocrx_word' id='word_1_335' title='bbox 3849 1885 4199 1950; x_wconf 70' lang='lat' dir='ltr'><strong>tractandis</strong></span> <span class='ocrx_word' id='word_1_336' title='bbox 4240 1883 4448 1949; x_wconf 75' lang='lat' dir='ltr'><strong>variis</strong></span> <span class='ocrx_word' id='word_1_337' title='bbox 4645 1920 4662 1931; x_wconf 92' lang='lat'><strong>·</strong></span> 
     </span>
     <span class='ocr_line' id='line_1_54' title="bbox 2707 1967 4464 2051; baseline 0 -17"><span class='ocrx_word' id='word_1_338' title='bbox 2707 1968 2820 2034; x_wconf 75' lang='lat' dir='ltr'><strong>tiis</strong></span> <span class='ocrx_word' id='word_1_339' title='bbox 2850 1968 3134 2050; x_wconf 74' lang='lat' dir='ltr'><strong>politicis</strong></span> <span class='ocrx_word' id='word_1_340' title='bbox 3177 1974 3234 2033; x_wconf 73' lang='lat' dir='ltr'><em>d</em></span> <span class='ocrx_word' id='word_1_341' title='bbox 3274 1968 3732 2048; x_wconf 74' lang='lat' dir='ltr'><strong>ecclesiasticis,</strong></span> <span class='ocrx_word' id='word_1_342' title='bbox 3776 1988 3938 2051; x_wconf 76' lang='lat' dir='ltr'><strong>quae</strong></span> <span class='ocrx_word' id='word_1_343' title='bbox 3978 1969 4042 2034; x_wconf 81' lang='lat' dir='ltr'><strong>si</strong></span> <span class='ocrx_word' id='word_1_344' title='bbox 4086 1967 4393 2034; x_wconf 71' lang='grc' dir='ltr'><strong>Οαῑυίηαε</strong></span> <span class='ocrx_word' id='word_1_345' title='bbox 4449 1969 4464 1983; x_wconf 87' lang='grc'><em>“</em></span> 
     </span>
     <span class='ocr_line' id='line_1_55' title="bbox 2705 2052 4664 2139; baseline 0.001 -20"><span class='ocrx_word' id='word_1_346' title='bbox 2705 2056 2804 2119; x_wconf 70' lang='lat' dir='ltr'><strong>xit</strong></span> <span class='ocrx_word' id='word_1_347' title='bbox 2843 2055 2991 2120; x_wconf 77' lang='lat' dir='ltr'><strong>bene</strong></span> <span class='ocrx_word' id='word_1_348' title='bbox 3033 2074 3138 2119; x_wconf 73' lang='lat' dir='ltr'><strong>res</strong></span> <span class='ocrx_word' id='word_1_349' title='bbox 3174 2074 3241 2119; x_wconf 83' lang='lat' dir='ltr'><strong>se</strong></span> <span class='ocrx_word' id='word_1_350' title='bbox 3290 2053 3497 2134; x_wconf 74' lang='lat' dir='ltr'><strong>habet,</strong></span> <span class='ocrx_word' id='word_1_351' title='bbox 3558 2075 3674 2121; x_wconf 80' lang='lat' dir='ltr'><strong>nos</strong></span> <span class='ocrx_word' id='word_1_352' title='bbox 3729 2056 3801 2119; x_wconf 78' lang='lat' dir='ltr'><strong>in</strong></span> <span class='ocrx_word' id='word_1_353' title='bbox 3857 2054 4352 2136; x_wconf 75' lang='lat' dir='ltr'><strong>interpretandis</strong></span> <span class='ocrx_word' id='word_1_354' title='bbox 4393 2052 4664 2139; x_wconf 70' lang='lat' dir='ltr'><strong>sinyulis</strong></span> 
     </span>
     <span class='ocr_line' id='line_1_56' title="bbox 2702 2139 3462 2221; baseline -0.003 -16"><span class='ocrx_word' id='word_1_355' title='bbox 2702 2139 2956 2221; x_wconf 71' lang='lat' dir='ltr'><strong>frustra</strong></span> <span class='ocrx_word' id='word_1_356' title='bbox 2994 2140 3462 2206; x_wconf 72' lang='lat' dir='ltr'><strong>desudavimus.</strong></span> 
     </span>
    </p>
   </div>
   <div class='ocr_carea' id='block_1_16' title="bbox 2710 2307 4663 2514">
    <p class='ocr_par' dir='ltr' id='par_1_18' title="bbox 2710 2307 4663 2514">
     <span class='ocr_line' id='line_1_57' title="bbox 2710 2307 4663 2433; baseline -0.005 -1"><span class='ocrx_word' id='word_1_357' title='bbox 2710 2309 2822 2432; x_wconf 61' lang='lat' dir='ltr'><strong>{s</strong></span> <span class='ocrx_word' id='word_1_358' title='bbox 2863 2308 4504 2433; x_wconf 53' lang='lat' dir='ltr'><strong>sssw3⁰sssff⁵ssz⁰⁰ffii⁰³„m⁸tztz⁰ffl</strong></span> <span class='ocrx_word' id='word_1_359' title='bbox 4519 2307 4663 2431; x_wconf 55' lang='lat'><strong>13:2¹:</strong></span> 
     </span>
     <span class='ocr_line' id='line_1_58' title="bbox 2813 2417 4448 2514; baseline -0.001 -14"><span class='ocrx_word' id='word_1_360' title='bbox 2813 2418 2827 2444; x_wconf 67' lang='grc'><strong>’</strong></span> <span class='ocrx_word' id='word_1_361' title='bbox 2943 2418 2954 2428; x_wconf 45' lang='lat'><em>⁶</em></span> <span class='ocrx_word' id='word_1_362' title='bbox 3133 2418 3145 2431; x_wconf 45' lang='lat'><strong><em>⁹</em></strong></span> <span class='ocrx_word' id='word_1_363' title='bbox 3297 2447 3446 2500; x_wconf 89' lang='lat' dir='ltr'><strong>nulla</strong></span> <span class='ocrx_word' id='word_1_364' title='bbox 3479 2418 3646 2500; x_wconf 74' lang='lat' dir='ltr'><strong>tacite</strong></span> <span class='ocrx_word' id='word_1_365' title='bbox 3681 2446 4072 2514; x_wconf 82' lang='lat' dir='ltr'><strong>emendamus.)</strong></span> <span class='ocrx_word' id='word_1_366' title='bbox 4435 2417 4448 2429; x_wconf 48' lang='lat'><em>⁶</em></span> 
     </span>
    </p>
   </div>
   <div class='ocr_carea' id='block_1_17' title="bbox 2702 2615 4664 2958">
    <p class='ocr_par' dir='ltr' id='par_1_19' title="bbox 2702 2615 4664 2958">
     <span class='ocr_line' id='line_1_59' title="bbox 2878 2615 4661 2701; baseline -0.001 -19"><span class='ocrx_word' id='word_1_367' title='bbox 2878 2615 3129 2682; x_wconf 81' lang='lat' dir='ltr'><strong>Christi</strong></span> <span class='ocrx_word' id='word_1_368' title='bbox 3186 2616 3342 2682; x_wconf 90' lang='lat' dir='ltr'><strong>Iesu</strong></span> <span class='ocrx_word' id='word_1_369' title='bbox 3414 2636 3604 2683; x_wconf 81' lang='lat' dir='ltr'><strong>servo</strong></span> <span class='ocrx_word' id='word_1_370' title='bbox 3675 2636 3868 2701; x_wconf 87' lang='lat' dir='ltr'><strong>quam</strong></span> <span class='ocrx_word' id='word_1_371' title='bbox 3938 2616 4415 2683; x_wconf 86' lang='lat' dir='ltr'><strong>studiosissime</strong></span> <span class='ocrx_word' id='word_1_372' title='bbox 4482 2615 4661 2700; x_wconf 90' lang='lat' dir='ltr'><strong>operi</strong></span> 
     </span>
     <span class='ocr_line' id='line_1_60' title="bbox 2708 2699 4662 2787; baseline 0 -21"><span class='ocrx_word' id='word_1_373' title='bbox 2708 2700 2932 2767; x_wconf 85' lang='lat' dir='ltr'><strong>divino</strong></span> <span class='ocrx_word' id='word_1_374' title='bbox 2974 2699 3383 2768; x_wconf 88' lang='lat' dir='ltr'><strong>incumbenti</strong></span> <span class='ocrx_word' id='word_1_375' title='bbox 3428 2701 3523 2767; x_wconf 93' lang='lat' dir='ltr'><strong>Io.</strong></span> <span class='ocrx_word' id='word_1_376' title='bbox 3568 2700 3846 2768; x_wconf 81' lang='lat' dir='ltr'><strong>Calvino</strong></span> <span class='ocrx_word' id='word_1_377' title='bbox 3888 2701 4137 2787; x_wconf 87' lang='lat' dir='ltr'><strong>pastori</strong></span> <span class='ocrx_word' id='word_1_378' title='bbox 4181 2701 4496 2769; x_wconf 89' lang='lat' dir='ltr'><strong>ecclesiae</strong></span> <span class='ocrx_word' id='word_1_379' title='bbox 4529 2700 4662 2767; x_wconf 79' lang='lat' dir='ltr'><strong>Ge-</strong></span> 
     </span>
     <span class='ocr_line' id='line_1_61' title="bbox 2708 2785 4664 2872; baseline 0 -20"><span class='ocrx_word' id='word_1_380' title='bbox 2708 2786 3019 2853; x_wconf 83' lang='lat' dir='ltr'><strong>nevensis</strong></span> <span class='ocrx_word' id='word_1_381' title='bbox 3061 2806 3322 2852; x_wconf 89' lang='lat' dir='ltr'><strong>summa</strong></span> <span class='ocrx_word' id='word_1_382' title='bbox 3354 2785 3485 2851; x_wconf 88' lang='lat' dir='ltr'><strong>fide</strong></span> <span class='ocrx_word' id='word_1_383' title='bbox 3518 2787 3760 2870; x_wconf 84' lang='lat' dir='ltr'><strong>pietate</strong></span> <span class='ocrx_word' id='word_1_384' title='bbox 3802 2795 3872 2854; x_wconf 92' lang='lat' dir='ltr'><strong>et</strong></span> <span class='ocrx_word' id='word_1_385' title='bbox 3908 2787 4204 2854; x_wconf 83' lang='lat' dir='ltr'><strong>doctrina</strong></span> <span class='ocrx_word' id='word_1_386' title='bbox 4244 2786 4664 2872; x_wconf 79' lang='lat' dir='ltr'><strong>evangelium</strong></span> 
     </span>
     <span class='ocr_line' id='line_1_62' title="bbox 2702 2870 4506 2958; baseline -0.001 -21"><span class='ocrx_word' id='word_1_387' title='bbox 2702 2870 3068 2938; x_wconf 85' lang='lat' dir='ltr'><strong>illustranti</strong></span> <span class='ocrx_word' id='word_1_388' title='bbox 3116 2872 3305 2936; x_wconf 87' lang='lat' dir='ltr'><strong>fratri</strong></span> <span class='ocrx_word' id='word_1_389' title='bbox 3349 2881 3418 2936; x_wconf 90' lang='lat' dir='ltr'><strong>et</strong></span> <span class='ocrx_word' id='word_1_390' title='bbox 3457 2879 3866 2958; x_wconf 77' lang='lat' dir='ltr'><strong>symmystae</strong></span> <span class='ocrx_word' id='word_1_391' title='bbox 3910 2894 4107 2957; x_wconf 87' lang='lat' dir='ltr'><strong>quam</strong></span> <span class='ocrx_word' id='word_1_392' title='bbox 4152 2873 4506 2940; x_wconf 89' lang='lat' dir='ltr'><strong>carissimo.</strong></span> 
     </span>
    </p>
   </div>
   <div class='ocr_carea' id='block_1_18' title="bbox 4158 2991 4492 3058">
    <p class='ocr_par' dir='ltr' id='par_1_20' title="bbox 4158 2991 4492 3058">
     <span class='ocr_line' id='line_1_63' title="bbox 4158 2991 4492 3058; baseline 0.003 -1"><span class='ocrx_word' id='word_1_393' title='bbox 4158 2991 4492 3058; x_wconf 81' lang='lat' dir='ltr'><strong>Genevae.</strong></span> 
     </span>
    </p>
   </div>
   <div class='ocr_carea' id='block_1_19' title="bbox 2698 3125 4664 4746">
    <p class='ocr_par' dir='ltr' id='par_1_21' title="bbox 2698 3125 4664 4236">
     <span class='ocr_line' id='line_1_64' title="bbox 2875 3125 4659 3211; baseline -0.001 -17"><span class='ocrx_word' id='word_1_394' title='bbox 2875 3128 3079 3194; x_wconf 87' lang='lat' dir='ltr'><strong>Pater</strong></span> <span class='ocrx_word' id='word_1_395' title='bbox 3135 3127 3432 3194; x_wconf 87' lang='lat' dir='ltr'><strong>coelestis</strong></span> <span class='ocrx_word' id='word_1_396' title='bbox 3449 3178 3466 3206; x_wconf 87' lang='lat'><strong>,</strong></span> <span class='ocrx_word' id='word_1_397' title='bbox 3522 3128 3636 3211; x_wconf 88' lang='lat' dir='ltr'><strong>qui</strong></span> <span class='ocrx_word' id='word_1_398' title='bbox 3681 3128 3946 3194; x_wconf 80' lang='lat' dir='ltr'><strong>tandem</strong></span> <span class='ocrx_word' id='word_1_399' title='bbox 4002 3125 4249 3211; x_wconf 86' lang='lat' dir='ltr'><strong>perfido</strong></span> <span class='ocrx_word' id='word_1_400' title='bbox 4291 3126 4498 3194; x_wconf 76' lang='lat' dir='ltr'><strong>Iudae</strong></span> <span class='ocrx_word' id='word_1_401' title='bbox 4563 3147 4659 3193; x_wconf 90' lang='lat' dir='ltr'><strong>re-</strong></span> 
     </span>
     <span class='ocr_line' id='line_1_65' title="bbox 2705 3212 4664 3312; baseline 0.001 -34"><span class='ocrx_word' id='word_1_402' title='bbox 2705 3212 2934 3296; x_wconf 84' lang='lat' dir='ltr'><strong>pendit</strong></span> <span class='ocrx_word' id='word_1_403' title='bbox 3005 3212 3328 3312; x_wconf 73' lang='lat' dir='ltr'><strong>primitis-s</strong></span> <span class='ocrx_word' id='word_1_404' title='bbox 3406 3213 3737 3279; x_wconf 80' lang='lat' dir='ltr'><strong>fructuum</strong></span> <span class='ocrx_word' id='word_1_405' title='bbox 3821 3234 3982 3298; x_wconf 89' lang='lat' dir='ltr'><strong>quos</strong></span> <span class='ocrx_word' id='word_1_406' title='bbox 4060 3236 4132 3279; x_wconf 88' lang='lat' dir='ltr'><strong>se</strong></span> <span class='ocrx_word' id='word_1_407' title='bbox 4168 3262 4457 3279; x_wconf 88' lang='lat'><strong>......</strong></span> <span class='ocrx_word' id='word_1_408' title='bbox 4497 3213 4591 3280; x_wconf 78' lang='lat' dir='ltr'><strong>*is</strong></span> <span class='ocrx_word' id='word_1_409' title='bbox 4614 3217 4664 3289; x_wconf 63' lang='lat'><strong>*)</strong></span> 
     </span>
     <span class='ocr_line' id='line_1_66' title="bbox 2704 3296 4663 3383; baseline 0.002 -21"><span class='ocrx_word' id='word_1_410' title='bbox 2704 3296 3187 3382; x_wconf 73' lang='lat' dir='ltr'><strong>perditissimus</strong></span> <span class='ocrx_word' id='word_1_411' title='bbox 3202 3349 3218 3375; x_wconf 92' lang='lat'><strong>,</strong></span> <span class='ocrx_word' id='word_1_412' title='bbox 3263 3298 3547 3383; x_wconf 80' lang='lat' dir='ltr'><strong>benig-ne</strong></span> <span class='ocrx_word' id='word_1_413' title='bbox 3603 3299 3945 3365; x_wconf 86' lang='lat' dir='ltr'><strong>intueatur</strong></span> <span class='ocrx_word' id='word_1_414' title='bbox 4000 3298 4231 3364; x_wconf 86' lang='lat' dir='ltr'><strong>ducem</strong></span> <span class='ocrx_word' id='word_1_415' title='bbox 4275 3306 4344 3364; x_wconf 88' lang='lat' dir='ltr'><strong>et</strong></span> <span class='ocrx_word' id='word_1_416' title='bbox 4383 3299 4663 3365; x_wconf 89' lang='lat' dir='ltr'><strong>liberum</strong></span> 
     </span>
     <span class='ocr_line' id='line_1_67' title="bbox 2703 3382 4663 3467; baseline -0.001 -18"><span class='ocrx_word' id='word_1_417' title='bbox 2703 3384 3011 3449; x_wconf 87' lang='lat' dir='ltr'><strong>restituat</strong></span> <span class='ocrx_word' id='word_1_418' title='bbox 3073 3382 3315 3467; x_wconf 86' lang='lat' dir='ltr'><strong>populo</strong></span> <span class='ocrx_word' id='word_1_419' title='bbox 3368 3404 3563 3467; x_wconf 88' lang='lat' dir='ltr'><strong>quem</strong></span> <span class='ocrx_word' id='word_1_420' title='bbox 3607 3385 3668 3448; x_wconf 90' lang='lat' dir='ltr'><strong>ei</strong></span> <span class='ocrx_word' id='word_1_421' title='bbox 3711 3383 4069 3462; x_wconf 86' lang='lat' dir='ltr'><strong>commisit,</strong></span> <span class='ocrx_word' id='word_1_422' title='bbox 4136 3393 4213 3449; x_wconf 89' lang='lat' dir='ltr'><strong>ut</strong></span> <span class='ocrx_word' id='word_1_423' title='bbox 4264 3385 4548 3450; x_wconf 86' lang='lat' dir='ltr'><strong>floreant</strong></span> <span class='ocrx_word' id='word_1_424' title='bbox 4599 3388 4663 3448; x_wconf 85' lang='lat' dir='ltr'><strong>et</strong></span> 
     </span>
     <span class='ocr_line' id='line_1_68' title="bbox 2703 3467 4589 3551; baseline 0 -17"><span class='ocrx_word' id='word_1_425' title='bbox 2703 3468 3138 3534; x_wconf 86' lang='lat' dir='ltr'><strong>aedificentur</strong></span> <span class='ocrx_word' id='word_1_426' title='bbox 3220 3467 3484 3551; x_wconf 88' lang='lat' dir='ltr'><strong>plenius</strong></span> <span class='ocrx_word' id='word_1_427' title='bbox 3570 3468 3882 3535; x_wconf 85' lang='lat' dir='ltr'><strong>ecclesiae</strong></span> <span class='ocrx_word' id='word_1_428' title='bbox 3957 3489 4185 3536; x_wconf 88' lang='lat' dir='ltr'><strong>omnes</strong></span> <span class='ocrx_word' id='word_1_429' title='bbox 4270 3477 4339 3535; x_wconf 88' lang='lat' dir='ltr'><strong>et</strong></span> <span class='ocrx_word' id='word_1_430' title='bbox 4575 3469 4589 3484; x_wconf 85' lang='lat'>&#39;</span> 
     </span>
     <span class='ocr_line' id='line_1_69' title="bbox 2701 3553 4660 3637; baseline -0.001 -17"><span class='ocrx_word' id='word_1_431' title='bbox 2701 3574 2894 3621; x_wconf 90' lang='lat' dir='ltr'><strong>suum</strong></span> <span class='ocrx_word' id='word_1_432' title='bbox 2975 3554 3246 3620; x_wconf 88' lang='lat' dir='ltr'><strong>verbum</strong></span> <span class='ocrx_word' id='word_1_433' title='bbox 3326 3553 3635 3619; x_wconf 81' lang='lat' dir='ltr'><strong>Christus</strong></span> <span class='ocrx_word' id='word_1_434' title='bbox 3710 3553 3939 3620; x_wconf 86' lang='lat' dir='ltr'><strong>audire</strong></span> <span class='ocrx_word' id='word_1_435' title='bbox 4015 3555 4210 3637; x_wconf 88' lang='lat' dir='ltr'><strong>plene</strong></span> <span class='ocrx_word' id='word_1_436' title='bbox 4279 3554 4514 3634; x_wconf 82' lang='lat' dir='ltr'><strong>faeiat,</strong></span> <span class='ocrx_word' id='word_1_437' title='bbox 4593 3561 4660 3620; x_wconf 85' lang='lat' dir='ltr'><strong>et</strong></span> 
     </span>
     <span class='ocr_line' id='line_1_70' title="bbox 2702 3637 4660 3725; baseline -0.001 -20"><span class='ocrx_word' id='word_1_438' title='bbox 2702 3658 2837 3705; x_wconf 89' lang='lat' dir='ltr'><strong>non</strong></span> <span class='ocrx_word' id='word_1_439' title='bbox 2893 3637 3089 3705; x_wconf 89' lang='lat' dir='ltr'><strong>modo</strong></span> <span class='ocrx_word' id='word_1_440' title='bbox 3149 3647 3282 3703; x_wconf 87' lang='lat' dir='ltr'><strong>tam</strong></span> <span class='ocrx_word' id='word_1_441' title='bbox 3348 3638 3556 3705; x_wconf 86' lang='lat' dir='ltr'><strong>malos</strong></span> <span class='ocrx_word' id='word_1_442' title='bbox 3617 3661 3834 3706; x_wconf 89' lang='lat' dir='ltr'><strong>ramos</strong></span> <span class='ocrx_word' id='word_1_443' title='bbox 3849 3691 3865 3718; x_wconf 91' lang='lat'><strong>,</strong></span> <span class='ocrx_word' id='word_1_444' title='bbox 3922 3660 4156 3706; x_wconf 77' lang='lat' dir='ltr'><strong>verum</strong></span> <span class='ocrx_word' id='word_1_445' title='bbox 4201 3641 4402 3706; x_wconf 89' lang='lat' dir='ltr'><strong>etiam</strong></span> <span class='ocrx_word' id='word_1_446' title='bbox 4463 3659 4660 3725; x_wconf 86' lang='lat' dir='ltr'><strong>quam</strong></span> 
     </span>
     <span class='ocr_line' id='line_1_71' title="bbox 2699 3724 4658 3810; baseline -0.001 -19"><span class='ocrx_word' id='word_1_447' title='bbox 2699 3724 3014 3791; x_wconf 83' lang='lat' dir='ltr'><strong>citissime</strong></span> <span class='ocrx_word' id='word_1_448' title='bbox 3086 3724 3622 3790; x_wconf 87' lang='lat' dir='ltr'><strong>scelestissimum</strong></span> <span class='ocrx_word' id='word_1_449' title='bbox 3694 3734 4007 3792; x_wconf 85' lang='lat' dir='ltr'><strong>truncum</strong></span> <span class='ocrx_word' id='word_1_450' title='bbox 4071 3724 4316 3791; x_wconf 83' lang='lat' dir='ltr'><strong>evellat</strong></span> <span class='ocrx_word' id='word_1_451' title='bbox 4381 3733 4450 3791; x_wconf 88' lang='lat' dir='ltr'><strong>et</strong></span> <span class='ocrx_word' id='word_1_452' title='bbox 4519 3724 4658 3810; x_wconf 81' lang='lat' dir='ltr'><strong>igni</strong></span> 
     </span>
     <span class='ocr_line' id='line_1_72' title="bbox 2699 3807 4658 3893; baseline -0.001 -18"><span class='ocrx_word' id='word_1_453' title='bbox 2699 3808 2986 3875; x_wconf 82' lang='lat' dir='ltr'><strong>mandet.</strong></span> <span class='ocrx_word' id='word_1_454' title='bbox 3075 3810 3328 3893; x_wconf 79' lang='lat' dir='ltr'><strong>Mag-na</strong></span> <span class='ocrx_word' id='word_1_455' title='bbox 3379 3821 3482 3875; x_wconf 88' lang='lat' dir='ltr'><strong>est</strong></span> <span class='ocrx_word' id='word_1_456' title='bbox 3523 3809 3652 3876; x_wconf 89' lang='lat' dir='ltr'><strong>Dei</strong></span> <span class='ocrx_word' id='word_1_457' title='bbox 3711 3812 3784 3874; x_wconf 90' lang='lat' dir='ltr'><strong>in</strong></span> <span class='ocrx_word' id='word_1_458' title='bbox 3847 3831 3966 3876; x_wconf 91' lang='lat' dir='ltr'><strong>nos</strong></span> <span class='ocrx_word' id='word_1_459' title='bbox 4019 3809 4385 3876; x_wconf 85' lang='lat' dir='ltr'><strong>clementia.</strong></span> <span class='ocrx_word' id='word_1_460' title='bbox 4479 3807 4658 3891; x_wconf 82' lang='lat' dir='ltr'><strong>Quid</strong></span> 
     </span>
     <span class='ocr_line' id='line_1_73' title="bbox 2698 3895 4657 3980; baseline -0.001 -18"><span class='ocrx_word' id='word_1_461' title='bbox 2698 3895 2875 3962; x_wconf 88' lang='lat' dir='ltr'><strong>enim</strong></span> <span class='ocrx_word' id='word_1_462' title='bbox 2921 3895 3149 3960; x_wconf 84' lang='lat' dir='ltr'><strong>mitius</strong></span> <span class='ocrx_word' id='word_1_463' title='bbox 3191 3896 3336 3960; x_wconf 89' lang='lat' dir='ltr'><strong>fieri</strong></span> <span class='ocrx_word' id='word_1_464' title='bbox 3377 3895 3641 3977; x_wconf 82' lang='lat' dir='ltr'><strong>posset?</strong></span> <span class='ocrx_word' id='word_1_465' title='bbox 3709 3895 3934 3980; x_wconf 66' lang='lat' dir='ltr'><strong>Mores</strong></span> <span class='ocrx_word' id='word_1_466' title='bbox 3965 3896 4124 3961; x_wconf 83' lang='lat' dir='ltr'><strong>ferri</strong></span> <span class='ocrx_word' id='word_1_467' title='bbox 4159 3918 4293 3961; x_wconf 91' lang='lat' dir='ltr'><strong>non</strong></span> <span class='ocrx_word' id='word_1_468' title='bbox 4333 3905 4657 3979; x_wconf 83' lang='lat' dir='ltr'><strong>poterant.</strong></span> 
     </span>
     <span class='ocr_line' id='line_1_74' title="bbox 2699 3980 4657 4066; baseline 0 -20"><span class='ocrx_word' id='word_1_469' title='bbox 2699 3980 3016 4047; x_wconf 84' lang='lat' dir='ltr'><strong>Admovit</strong></span> <span class='ocrx_word' id='word_1_470' title='bbox 3056 4000 3325 4046; x_wconf 83' lang='lat' dir='ltr'><strong>manum</strong></span> <span class='ocrx_word' id='word_1_471' title='bbox 3368 3991 3521 4062; x_wconf 87' lang='lat' dir='ltr'><strong>post</strong></span> <span class='ocrx_word' id='word_1_472' title='bbox 3560 3981 3821 4048; x_wconf 84' lang='lat' dir='ltr'><strong>crebras</strong></span> <span class='ocrx_word' id='word_1_473' title='bbox 3863 3980 4383 4066; x_wconf 80' lang='lat' dir='ltr'><strong>obiurgationes,</strong></span> <span class='ocrx_word' id='word_1_474' title='bbox 4430 3991 4501 4046; x_wconf 87' lang='lat' dir='ltr'><strong>et</strong></span> <span class='ocrx_word' id='word_1_475' title='bbox 4540 4001 4657 4046; x_wconf 87' lang='lat' dir='ltr'><strong>an·</strong></span> 
     </span>
     <span class='ocr_line' id='line_1_75' title="bbox 2699 4066 4658 4151; baseline 0.001 -20"><span class='ocrx_word' id='word_1_476' title='bbox 2699 4074 2963 4149; x_wconf 87' lang='lat' dir='ltr'><strong>tequam</strong></span> <span class='ocrx_word' id='word_1_477' title='bbox 3029 4066 3330 4131; x_wconf 87' lang='lat' dir='ltr'><strong>conversi</strong></span> <span class='ocrx_word' id='word_1_478' title='bbox 3395 4066 3601 4131; x_wconf 90' lang='lat' dir='ltr'><strong>simus</strong></span> <span class='ocrx_word' id='word_1_479' title='bbox 3643 4067 3994 4131; x_wconf 86' lang='lat' dir='ltr'><strong>miseretur</strong></span> <span class='ocrx_word' id='word_1_480' title='bbox 4048 4068 4289 4146; x_wconf 84' lang='lat' dir='ltr'><strong>nostri,</strong></span> <span class='ocrx_word' id='word_1_481' title='bbox 4355 4067 4470 4151; x_wconf 87' lang='lat' dir='ltr'><strong>qui</strong></span> <span class='ocrx_word' id='word_1_482' title='bbox 4513 4087 4658 4133; x_wconf 87' lang='lat' dir='ltr'><strong>cae-</strong></span> 
     </span>
     <span class='ocr_line' id='line_1_76' title="bbox 2701 4149 4652 4236; baseline -0.001 -20"><span class='ocrx_word' id='word_1_483' title='bbox 2701 4149 2916 4217; x_wconf 90' lang='lat' dir='ltr'><strong>dendo</strong></span> <span class='ocrx_word' id='word_1_484' title='bbox 2951 4171 3071 4218; x_wconf 91' lang='lat' dir='ltr'><strong>nos</strong></span> <span class='ocrx_word' id='word_1_485' title='bbox 3107 4149 3336 4216; x_wconf 87' lang='lat' dir='ltr'><strong>durius</strong></span> <span class='ocrx_word' id='word_1_486' title='bbox 3369 4151 3526 4217; x_wconf 89' lang='lat' dir='ltr'><strong>fecit</strong></span> <span class='ocrx_word' id='word_1_487' title='bbox 3550 4151 3805 4216; x_wconf 87' lang='lat' dir='ltr'><strong>hostem</strong></span> <span class='ocrx_word' id='word_1_488' title='bbox 3841 4159 4142 4217; x_wconf 85' lang='lat' dir='ltr'><strong>nostrum</strong></span> <span class='ocrx_word' id='word_1_489' title='bbox 4164 4157 4198 4190; x_wconf 80' lang='lat'><strong>&#39;⁵</strong></span> <span class='ocrx_word' id='word_1_490' title='bbox 4241 4172 4436 4236; x_wconf 89' lang='lat' dir='ltr'><strong>quem</strong></span> <span class='ocrx_word' id='word_1_491' title='bbox 4471 4172 4652 4236; x_wconf 88' lang='lat' dir='ltr'><strong>pror-</strong></span> 
     </span>
    </p>

    <p class='ocr_par' dir='ltr' id='par_1_22' title="bbox 2699 4235 4659 4746">
     <span class='ocr_line' id='line_1_77' title="bbox 3159 4237 4657 4285; baseline -0.001 -34"><span class='ocrx_word' id='word_1_492' title='bbox 3159 4242 3196 4275; x_wconf 60' lang='lat'><em>,</em></span> <span class='ocrx_word' id='word_1_493' title='bbox 3278 4237 3292 4251; x_wconf 97' lang='lat'><strong>.</strong></span> <span class='ocrx_word' id='word_1_494' title='bbox 3449 4238 3466 4250; x_wconf 92' lang='lat'><strong>.</strong></span> <span class='ocrx_word' id='word_1_495' title='bbox 3663 4237 3676 4250; x_wconf 90' lang='lat'><strong>.</strong></span> <span class='ocrx_word' id='word_1_496' title='bbox 3732 4237 3746 4250; x_wconf 92' lang='lat'><strong>.</strong></span> <span class='ocrx_word' id='word_1_497' title='bbox 4121 4240 4150 4277; x_wconf 51' lang='grc' dir='ltr'><strong>,ι</strong></span> <span class='ocrx_word' id='word_1_498' title='bbox 4625 4269 4657 4285; x_wconf 52' lang='grc'><strong>-</strong></span> 
     </span>
     <span class='ocr_line' id='line_1_78' title="bbox 2699 4235 4659 4407; baseline -0.001 -19"><span class='ocrx_word' id='word_1_499' title='bbox 2699 4235 4232 4405; x_wconf 36' lang='lat' dir='ltr'><strong>astitissemus&amp;</strong></span> <span class='ocrx_word' id='word_1_500' title='bbox 4266 4235 4659 4407; x_wconf 53' lang='lat' dir='ltr'>9¹¹st-</span> 
     </span>
     <span class='ocr_line' id='line_1_79' title="bbox 2699 4405 4657 4494; baseline 0.001 -21"><span class='ocrx_word' id='word_1_501' title='bbox 2699 4408 2888 4473; x_wconf 79' lang='lat' dir='ltr'><strong>favor</strong></span> <span class='ocrx_word' id='word_1_502' title='bbox 2942 4407 3186 4472; x_wconf 88' lang='lat' dir='ltr'><strong>misero</strong></span> <span class='ocrx_word' id='word_1_503' title='bbox 3248 4427 3484 4491; x_wconf 90' lang='lat' dir='ltr'><strong>parum</strong></span> <span class='ocrx_word' id='word_1_504' title='bbox 3591 4406 3806 4472; x_wconf 80' lang='lat' dir='ltr'><strong>rosuit.</strong></span> <span class='ocrx_word' id='word_1_505' title='bbox 3832 4405 3887 4494; x_wconf 80' lang='lat'><strong>⁸)</strong></span> <span class='ocrx_word' id='word_1_506' title='bbox 3973 4407 4221 4473; x_wconf 84' lang='lat' dir='ltr'><strong>Narrat</strong></span> <span class='ocrx_word' id='word_1_507' title='bbox 4277 4406 4384 4474; x_wconf 89' lang='lat' dir='ltr'><strong>hic</strong></span> <span class='ocrx_word' id='word_1_508' title='bbox 4437 4407 4657 4492; x_wconf 85' lang='lat' dir='ltr'><strong>aliqua</strong></span> 
     </span>
     <span class='ocr_line' id='line_1_80' title="bbox 2700 4427 4655 4577; baseline 0.001 -19"><span class='ocrx_word' id='word_1_509' title='bbox 2700 4492 2894 4559; x_wconf 86' lang='lat' dir='ltr'><strong>aliter</strong></span> <span class='ocrx_word' id='word_1_510' title='bbox 2946 4512 3146 4576; x_wconf 85' lang='lat' dir='ltr'><strong>quam</strong></span> <span class='ocrx_word' id='word_1_511' title='bbox 3199 4490 3442 4559; x_wconf 80' lang='lat' dir='ltr'><strong>scribat</strong></span> <span class='ocrx_word' id='word_1_512' title='bbox 3486 4427 3809 4560; x_wconf 62' lang='lat' dir='ltr'><strong>Eponam.</strong></span> <span class='ocrx_word' id='word_1_513' title='bbox 3897 4491 3996 4557; x_wconf 90' lang='lat' dir='ltr'><strong>Tu</strong></span> <span class='ocrx_word' id='word_1_514' title='bbox 4038 4491 4298 4558; x_wconf 89' lang='lat' dir='ltr'><strong>curabis</strong></span> <span class='ocrx_word' id='word_1_515' title='bbox 4343 4513 4466 4577; x_wconf 86' lang='lat' dir='ltr'><strong>per</strong></span> <span class='ocrx_word' id='word_1_516' title='bbox 4506 4503 4655 4559; x_wconf 87' lang='lat' dir='ltr'><strong>tuos</strong></span> 
     </span>
     <span class='ocr_line' id='line_1_81' title="bbox 2699 4576 4652 4660; baseline 0 -18"><span class='ocrx_word' id='word_1_517' title='bbox 2699 4578 2890 4644; x_wconf 88' lang='lat' dir='ltr'><strong>nobis</strong></span> <span class='ocrx_word' id='word_1_518' title='bbox 2942 4579 3166 4643; x_wconf 83' lang='lat' dir='ltr'><strong>omma&#39;</strong></span> <span class='ocrx_word' id='word_1_519' title='bbox 3216 4576 3475 4660; x_wconf 89' lang='lat' dir='ltr'><strong>plenius</strong></span> <span class='ocrx_word' id='word_1_520' title='bbox 3529 4578 3936 4644; x_wconf 84' lang='lat' dir='ltr'><strong>innotescere</strong></span> <span class='ocrx_word' id='word_1_521' title='bbox 4002 4584 4074 4642; x_wconf 85' lang='lat' dir='ltr'><strong>ut</strong></span> <span class='ocrx_word' id='word_1_522' title='bbox 4136 4585 4314 4643; x_wconf 87' lang='lat' dir='ltr'><strong>certo</strong></span> <span class='ocrx_word' id='word_1_523' title='bbox 4378 4577 4652 4644; x_wconf 88' lang='lat' dir='ltr'><strong>habent:</strong></span> 
     </span>
     <span class='ocr_line' id='line_1_82' title="bbox 2699 4661 4653 4746; baseline 0.001 -19"><span class='ocrx_word' id='word_1_524' title='bbox 2699 4683 2858 4727; x_wconf 86' lang='lat' dir='ltr'><strong>nam</strong></span> <span class='ocrx_word' id='word_1_525' title='bbox 2912 4662 3096 4746; x_wconf 90' lang='lat' dir='ltr'><strong>prius</strong></span> <span class='ocrx_word' id='word_1_526' title='bbox 3160 4681 3356 4745; x_wconf 86' lang='lat' dir='ltr'><strong>quam</strong></span> <span class='ocrx_word' id='word_1_527' title='bbox 3429 4662 3623 4728; x_wconf 89' lang='lat' dir='ltr'><strong>istinc</strong></span> <span class='ocrx_word' id='word_1_528' title='bbox 3673 4662 4050 4729; x_wconf 85' lang='lat' dir='ltr'><strong>confirmari</strong></span> <span class='ocrx_word' id='word_1_529' title='bbox 4067 4712 4081 4724; x_wconf 92' lang='lat'><strong>.</strong></span> <span class='ocrx_word' id='word_1_530' title='bbox 4101 4661 4266 4729; x_wconf 84' lang='lat' dir='ltr'><strong>haec</strong></span> <span class='ocrx_word' id='word_1_531' title='bbox 4331 4662 4653 4729; x_wconf 84' lang='lat' dir='ltr'><strong>audierim</strong></span> 
     </span>
    </p>
   </div>
   <div class='ocr_carea' id='block_1_20' title="bbox 2701 4800 3114 4814">
    <p class='ocr_par' dir='ltr' id='par_1_23' title="bbox 2701 4800 3114 4814">
     <span class='ocr_line' id='line_1_83' title="bbox 2701 4800 3114 4814; baseline 0 0"><span class='ocrx_word' id='word_1_532' title='bbox 2701 4800 3114 4814; x_wconf 95' lang='lat' dir='ltr'><strong> </strong></span> 
     </span>
    </p>
   </div>
   <div class='ocr_carea' id='block_1_21' title="bbox 2699 4865 4652 5007">
    <p class='ocr_par' dir='ltr' id='par_1_24' title="bbox 2699 4865 4652 5007">
     <span class='ocr_line' id='line_1_84' title="bbox 2871 4865 4532 4949; baseline 0 0"><span class='ocrx_word' id='word_1_533' title='bbox 2871 4865 3652 4949; x_wconf 58' lang='grc' dir='ltr'><strong>10)3·’“ῑ”τ“;.”···“ε”·ἳ.</strong></span> <span class='ocrx_word' id='word_1_534' title='bbox 3847 4935 3859 4946; x_wconf 93' lang='lat'><strong>.</strong></span> <span class='ocrx_word' id='word_1_535' title='bbox 4093 4936 4104 4949; x_wconf 95' lang='lat'><strong>.</strong></span> <span class='ocrx_word' id='word_1_536' title='bbox 4520 4936 4532 4949; x_wconf 92' lang='lat'><strong>.</strong></span> 
     </span>
     <span class='ocr_line' id='line_1_85' title="bbox 2699 4933 4652 5007; baseline -0.001 -17"><span class='ocrx_word' id='word_1_537' title='bbox 2699 4933 4652 5007; x_wconf 53' lang='lat' dir='ltr'><strong>flammandamoemmmwmmae-</strong></span> 
     </span>
    </p>
   </div>
   <div class='ocr_carea' id='block_1_22' title="bbox 2696 5008 4653 5207">
    <p class='ocr_par' dir='ltr' id='par_1_25' title="bbox 2696 5008 4653 5207">
     <span class='ocr_line' id='line_1_86' title="bbox 2696 5008 4653 5142; baseline 0.001 -16"><span class='ocrx_word' id='word_1_538' title='bbox 2696 5008 3190 5137; x_wconf 59' lang='lat' dir='ltr'><strong>moedau</strong></span> <span class='ocrx_word' id='word_1_539' title='bbox 3291 5072 3468 5127; x_wconf 67' lang='lat' dir='ltr'><strong>sobet.-</strong></span> <span class='ocrx_word' id='word_1_540' title='bbox 3510 5070 3798 5124; x_wconf 76' lang='lat' dir='ltr'><strong>servientis</strong></span> <span class='ocrx_word' id='word_1_541' title='bbox 3839 5069 3926 5123; x_wconf 69' lang='lat' dir='ltr'><strong>sel</strong></span> <span class='ocrx_word' id='word_1_542' title='bbox 3955 5072 4231 5139; x_wconf 74' lang='lat' dir='ltr'><strong>sementis,</strong></span> <span class='ocrx_word' id='word_1_543' title='bbox 4263 5071 4415 5142; x_wconf 70' lang='lat' dir='ltr'><strong>quod</strong></span> <span class='ocrx_word' id='word_1_544' title='bbox 4445 5077 4653 5127; x_wconf 67' lang='lat' dir='ltr'><strong>enirn·-</strong></span> 
     </span>
     <span class='ocr_line' id='line_1_87' title="bbox 2834 5087 4004 5207; baseline 0.008 -23"><span class='ocrx_word' id='word_1_545' title='bbox 2834 5140 2999 5195; x_wconf 54' lang='grc' dir='ltr'><strong>,ὤας</strong></span> <span class='ocrx_word' id='word_1_546' title='bbox 3025 5087 3340 5202; x_wconf 57' lang='lat' dir='ltr'><strong>famag-</strong></span> <span class='ocrx_word' id='word_1_547' title='bbox 3431 5137 3695 5193; x_wconf 73' lang='lat' dir='ltr'><strong>Fortasse</strong></span> <span class='ocrx_word' id='word_1_548' title='bbox 3725 5137 4004 5207; x_wconf 53' lang='lat' dir='ltr'><strong>meudun·</strong></span> 
     </span>
    </p>
   </div>
   <div class='ocr_carea' id='block_1_23' title="bbox 2697 5146 4525 5344">
    <p class='ocr_par' dir='ltr' id='par_1_26' title="bbox 2697 5146 4525 5344">
     <span class='ocr_line' id='line_1_88' title="bbox 2697 5146 4525 5288; baseline 0 -27"><span class='ocrx_word' id='word_1_549' title='bbox 2697 5155 2803 5210; x_wconf 55' lang='lat' dir='ltr'><em>w</em></span> <span class='ocrx_word' id='word_1_550' title='bbox 2903 5178 3882 5288; x_wconf 60' lang='lat' dir='ltr'><strong>2)Hdcmenumnoutalteruq</strong></span> <span class='ocrx_word' id='word_1_551' title='bbox 4013 5146 4460 5222; x_wconf 34' lang='lat' dir='ltr'><strong>&#39;‘mmmmm&#39;&#39;</strong></span> <span class='ocrx_word' id='word_1_552' title='bbox 4510 5209 4525 5221; x_wconf 85' lang='lat'><strong><em>&#39;</em></strong></span> 
     </span>
     <span class='ocr_line' id='line_1_89' title="bbox 2905 5273 4163 5344; baseline 0.001 -13"><span class='ocrx_word' id='word_1_553' title='bbox 2905 5273 4163 5344; x_wconf 58' lang='lat' dir='ltr'><strong>mmmmm-nomm&amp;</strong></span> 
     </span>
    </p>
   </div>
   <div class='ocr_carea' id='block_1_24' title="bbox 3606 4865 4654 4935">
    <p class='ocr_par' dir='ltr' id='par_1_27' title="bbox 3606 4865 4654 4935">
     <span class='ocr_line' id='line_1_90' title="bbox 3606 4865 4654 4935; baseline 0.002 -15"><span class='ocrx_word' id='word_1_554' title='bbox 3606 4865 4654 4935; x_wconf 59' lang='lat' dir='ltr'><strong>mmmmm,uaeoa</strong></span> 
     </span>
    </p>
   </div>
  </div>
 </body>
</html>
