4900 6167
719 421 846 481 443
2229 411 2749 482 EPIS'POLAE
2808 419 3211 480 1690--1691
4569 421 4674 483 444

720 603 954 688 Itaque
1023 603 1175 688 quia
1248 603 1428 670 solus
1486 603 1598 668 illc
1666 617 1905 687 puncto
1969 603 2277 688 temporis
2343 601 2656 687 quidquid
2766 625 2993 672 sumus
3038 604 3327 687 profecto
3372 625 3500 668 non
3593 603 3935 668 ravissime
3994 603 4211 672 dolere
4268 625 4483 670 eornm
4527 606 4672 673 viam

719 692 910 757 nobis
975 689 1273 754 imminet
1318 691 1583 771 periculi
1627 709 1666 754 a
1709 692 1919 774 capite
1984 699 2234 768 nostre,
2302 710 2503 772 quum
2563 690 2660 754 illi
2764 690 2874 772 qui
2919 690 3255 756 nobiscum
3312 688 3394 753 ab
3455 710 3530 753 eo
3578 710 3685 754 em
3742 711 4045 774 supremo
4090 691 4339 757 artifice
4381 693 4567 757 creati
4600 696 4676 759 ei-

720 779 936 842 visum
982 777 1198 853 fuerit,
1244 788 1454 859 potest
1497 776 1843 860 repellere,
1901 777 2041 841 eius
2085 777 2282 841 etiam
2343 777 2661 842 auxilium
2766 774 2916 840 dem
2950 787 3165 841 tamen
3202 774 3541 840 nobiseum
3578 796 3709 840 non
3748 777 4066 854 serviunt,
4111 776 4224 841 sed
4262 776 4677 860 limpidissimo

718 860 995 927 assiduis
1031 862 1332 944 precibus
1373 862 1669 943 inprimis
1707 862 2149 945 imploramus.
2216 863 2389 926 Tum
2424 863 2665 927 fratres
2768 861 3220 944 uberrimoque
3265 882 3473 943 aquae
3523 861 3700 927 illius
3758 863 4063 945 perennis
4114 863 4297 928 fonte
4350 864 4558 929 relicto
4606 864 4678 930 ad

716 963 997 1024 nostros,
1047 946 1281 1030 quibus
1326 947 1533 1030 gloria
1556 946 1681 1012 Dei
1731 950 2049 1013 maximae
2094 970 2288 1013 curae
2331 958 2431 1011 est
2475 969 2662 1031 quos·
2766 947 3041 1014 detritos
3089 946 3267 1014 lacus
3313 947 3602 1029 quotidie
3649 969 3800 1014 oum
3838 948 4125 1014 maximo
4160 949 4516 1013 animarum
4548 969 4677 1016 sua—

715 1056 840 1117 que
887 1034 1094 1099 nostri
1131 1034 1413 1108 miseret,
1463 1056 1592 1098 non
1633 1055 1932 1100 veremur
1969 1055 2219 1118 rogare,
2266 1045 2340 1099 ut
2383 1055 2504 1099 suo
2550 1055 2665 1098 nos
2768 1053 2916 1097 rum
2952 1033 3239 1116 periculo
3283 1030 3678 1098 deferuntur.

717 1122 773 1184 si
843 1118 1096 1202 possint
1166 1118 1487 1201 praesidio
1543 1121 1900 1184 sublevent.
2006 1119 2193 1184 Inter
2246 1141 2405 1202 quos
2507 1140 2662 1185 uum
2936 1119 3122 1185 Haec
3156 1130 3315 1183 sunt
3356 1120 3725 1202 praecipua.
3771 1121 4091 1185 carissimi
4136 1122 4399 1196 fratres,
4446 1132 4681 1205 propter

716 1228 833 1270 vos
880 1228 1010 1269 non
1057 1217 1419 1287 postremas
1467 1207 1746 1270 teneatis
1792 1214 2028 1288 partes,
2075 1206 2281 1282 nobis,
2328 1205 2386 1271 si
2428 1227 2474 1289 p
2501 1215 2663 1281 acet,
2769 1226 2934 1288 quae
2979 1203 3341 1270 incredibili
3388 1205 3634 1269 diutins
3683 1205 3975 1282 vivendi,
4034 1206 4090 1270 si
4150 1208 4245 1270 ita
4291 1208 4561 1273 Domino
4603 1209 4683 1273 vi-

715 1290 1163 1358 eondonabitis
1208 1290 1377 1373 quod
1444 1313 1573 1356 non
1620 1291 1991 1356 dubitemus
2050 1313 2163 1357 vos
2221 1314 2333 1375 per
2389 1290 2508 1356 has
2553 1292 2663 1357 ob·
2770 1291 3030 1369 deatur,
3086 1310 3438 1374 eorumque
3500 1312 3733 1356 manus
3792 1292 3904 1374 qui
3958 1293 4029 1356 in
4087 1302 4365 1357 mortem
4421 1305 4681 1358 nostram

715 1379 870 1442 nixo
915 1378 1259 1453 obtestari,
1308 1385 1383 1440 ut
1426 1386 1739 1460 quantum
1791 1379 1854 1441 in
1906 1377 2085 1443 vobis
2131 1379 2327 1442 sitnm
2373 1380 2501 1441 crit
2546 1399 2664 1441 nos
2769 1376 3197 1443 coniurarunt
3230 1376 3583 1460 effugiendi
3628 1379 3983 1462 flag-ramus
4018 1376 4369 1444 desiderio:
4416 1380 4682 1461 quamvis

716 1477 938 1528 vestro
981 1461 1206 1526 favore
1250 1463 1477 1527 invare
1516 1485 1598 1527 nc
1637 1462 2093 1547 dedignemini.
2165 1464 2348 1527 Haec
2393 1463 2537 1528 ideo
2582 1463 2664 1527 ad
2770 1485 2902 1527 non
2946 1482 3067 1529 nos
3114 1473 3511 1547 praetereat,
3561 1463 3746 1529 nobis
3790 1464 3985 1529 etiam
4031 1465 4308 1529 mortuis
4356 1465 4682 1530 Dominum

715 1571 836 1612 vos
882 1549 1225 1614 scribimus
1272 1549 1423 1630 quia
1467 1571 1547 1612 ex
1594 1550 1718 1631 piis
1777 1548 2162 1631 quibusdam
2227 1550 2416 1624 viris,
2476 1564 2539 1613 et
2587 1549 2667 1613 iis
2770 1551 3097 1614 sexcentis
3152 1548 3389 1625 modis,
3462 1550 3573 1630 qui
3639 1548 3823 1614 nobis
3879 1550 4085 1634 ignoti
4138 1561 4335 1626 -sunt,
4413 1559 4684 1632 parentes

718 1634 976 1718 quidem
1028 1633 1375 1709 Helvetiis,
1421 1633 1905 1708 intelleximus,
1954 1635 2241 1718 legatum
2286 1636 2503 1710 illum,
2552 1634 2667 1717 qui
2770 1645 3024 1700 nostros
3070 1633 3367 1722 aliosque¹
3406 1635 3590 1700 nobis
3628 1637 3955 1719 sanguine
4011 1637 4395 1702 coniunctos
4452 1636 4682 1719 (quibus

719 1721 788 1785 in
837 1721 1047 1785 locum
1093 1719 1271 1784 illius
1316 1720 1424 1803 qui
1472 1721 1825 1786 novissime
1869 1721 2032 1785 obiit
2074 1743 2112 1785 a
2159 1722 2342 1804 Rege
2385 1722 2457 1785 in
2506 1720 2664 1785 Hel·
2772 1721 2976 1785 multo
3021 1720 3209 1803 plura
3245 1722 3387 1785 iure
3432 1731 3706 1785 naturae
3749 1742 3945 1803 quam
4006 1722 4152 1785 aliis
4212 1722 4578 1798 debemus),
4636 1724 4681 1787 si

715 1808 890 1870 vetia
935 1806 1246 1870 suffectus
1302 1815 1431 1880 est,
1491 1805 1660 1871 mira
1715 1806 2126 1872 humanitate
2176 1805 2668 1889 eruditioneque
2772 1828 2853 1870 ex
2901 1829 3164 1871 suorum
3204 1808 3557 1872 electorum
3597 1828 3870 1872 numero
3914 1808 4068 1883 sint,
4113 1829 4318 1890 quum
4352 1810 4682 1892 praescrip—

713 1915 846 1958 non
895 1892 1154 1975 vulgari
1198 1891 1565 1973 praeditum
1613 1913 1772 1968 esse,
1821 1913 2033 1975 neque
2077 1892 2491 1957 mediocriter
2530 1895 2666 1975 pio·
2772 1903 2879 1958 tus
2925 1892 3003 1958 ab
3049 1913 3124 1957 eo
3164 1892 3303 1958 dies
3347 1892 3687 1957 advenerit
3734 1891 3816 1957 ad
3864 1893 3981 1957 filii
4026 1893 4148 1970 sui,
4197 1895 4377 1968 unici
4422 1903 4685 1960 servato—

713 2000 861 2042 rum
908 1991 974 2041 et
1018 1978 1353 2042 doctorum
1395 1978 1680 2042 virorum
1715 2000 2064 2063 congressu
2103 1977 2426 2054 oblectari,
2476 1999 2666 2060 prop·
2772 1980 2862 2042 ris
2943 1980 3180 2052 nostri,
3263 1979 3662 2062 agnitionem
3750 1987 4146 2044 vocaturum.
4274 1980 4685 2059 Quamobrem

715 2075 1024 2146 tei-eaque
1064 2085 1188 2126 non
1229 2063 1453 2144 procul
1491 2085 1530 2127 a
1567 2077 1784 2127 vestra
1820 2063 1978 2129 urbe
2019 2064 2314 2130 habitare
2340 2066 2667 2129 statuisse.
2772 2087 2972 2147 quum
3042 2065 3402 2129 adversarii
3475 2064 3680 2128 nostri
3755 2063 3921 2128 nihil
4001 2065 4340 2131 ardentius
4405 2077 4688 2149 expetant

714 2148 906 2230 Quod
953 2171 1150 2231 quum
1197 2149 1288 2212 ita
1333 2150 1451 2226 sit,
1516 2150 1750 2233 illeque
1793 2150 2067 2232 optime,
2115 2162 2430 2231 quantum
2480 2152 2667 2216 nobis
2773 2172 2965 2233 quam
3013 2160 3087 2216 ut
3145 2152 3323 2216 brevi
3381 2150 3463 2214 ad
3519 2160 3798 2214 mortem
3858 2152 4188 2234 rapiamur
4244 2152 4556 2235 nobisque
4594 2173 4689 2216 ora

714 2237 1147 2320 significatum
1200 2247 1315 2312 est,
1372 2235 1449 2299 de
1495 2236 1865 2300 orthodoxa
1911 2234 2223 2320 religione
2267 2237 2547 2314 sentiat,
2592 2257 2667 2300 ac
2773 2238 2927 2319 igne
2973 2257 3240 2302 accenso
3296 2237 3753 2312 obstruantur,
3808 2238 3875 2300 in
3934 2237 4130 2319 idque
4175 2249 4487 2320 tanquam
4529 2250 4688 2320 opta-

713 2344 846 2387 non
893 2343 1124 2402 parum
1174 2322 1521 2386 autoritate
1582 2321 1754 2405 apud
1801 2322 2049 2406 Regem
2111 2323 2353 2398 valeat,
2420 2333 2667 2387 vestra-
2773 2321 3094 2387 tissimum
3142 2322 3429 2386 omnium
3474 2343 3742 2387 suorum
3790 2331 4089 2388 votorum
4135 2325 4333 2388 finem
4382 2323 4517 2387 dies
4558 2346 4688 2388 noc·

711 2429 838 2490 que
877 2427 1071 2472 causa
1107 2405 1290 2469 illum
1337 2406 1540 2470 multa
1583 2409 1903 2472 facturum
1947 2431 2071 2472 non
2122 2407 2513 2483 dubitemus,
2550 2429 2669 2473 vos
2774 2418 3000 2491 tesque
3069 2408 3485 2483 incumbant,
3567 2428 3683 2472 vos
3741 2427 3967 2473 omnes
4034 2421 4347 2491 tanquam
4420 2410 4686 2474 membra

712 2495 1132 2559 obsecramus
1157 2501 1227 2554 ut
1255 2492 1313 2554 ei
1338 2513 1602 2557 causam
1626 2507 1913 2558 nost-ram
1944 2504 2123 2558 tanto
2147 2493 2481 2559 ardentius
2503 2514 2671 2559 eom·
2772 2493 2947 2560 illius
2988 2494 3195 2576 ipsius
3236 2494 3526 2576 eorporis
3570 2513 3686 2577 pro
3727 2513 3852 2578 quo
3897 2504 3962 2566 et
3999 2517 4116 2560 nos
4160 2496 4466 2577 patimur,
4510 2505 4575 2558 et
4603 2495 4691 2557 in·

712 2577 2665 2662 mendetisquantoavidiusveritatishostesnosoppugnant,
2773 2579 2910 2645 dies
2968 2588 3244 2645 mortem
3308 2580 3491 2645 velut
3544 2601 3702 2645 oves
3759 2580 4133 2646 mactationi
4193 2582 4551 2646 destinatae
4590 2604 4689 2648 ex-

713 2679 918 2746 utque
943 2673 1237 2728 extremo
1254 2662 1614 2746 plectamur
1637 2665 1953 2749 supplicio
1977 2667 2132 2730 totis
2151 2666 2401 2730 viribus
2424 2667 2669 2730 incum·
2772 2676 3160 2749 spectamus,
3204 2667 3609 2731 obtestamur
3654 2674 3730 2729 ut
3774 2687 3891 2731 nos
3922 2667 4224 2749 precibus
4266 2669 4499 2733 vestris
4541 2666 4689 2751 apud

713 2751 897 2814 bunt.
963 2750 1097 2812 Nos
1134 2769 1387 2833 quoque
1413 2748 1493 2814 ad
1518 2751 1794 2816 eundem
1822 2752 2152 2834 supplices
2183 2751 2406 2817 literas
2441 2749 2666 2816 scribi·
2777 2752 3132 2817 Dominum
3176 2751 3454 2828 iuvetis,
3500 2761 3567 2816 et
3608 2772 3842 2816 causae
3887 2765 4148 2817 nostrae
4191 2754 4301 2835 pio
4346 2755 4459 2819 illo
4503 2754 4688 2837 legato

713 2859 878 2912 mus,
913 2833 1144 2918 quibus
1173 2833 1456 2917 aliquem
1488 2836 1660 2918 apud
1690 2836 1872 2901 illum
1898 2858 2012 2919 pro
2040 2838 2357 2920 singulari
2395 2837 2575 2901 illius
2599 2837 2665 2902 in
2771 2836 3322 2904 commendandae
3396 2859 3479 2902 ne
3548 2837 4052 2910 obliviscamini,
4127 2837 4454 2924 simulque
4515 2839 4686 2904 etiam

714 2941 941 2986 omnes
980 2922 1387 2985 humanitate
1417 2941 1773 3005 causaeque
1807 2944 2003 3006 qnam
2039 2933 2302 2989 tuemur
2346 2924 2670 3006 aequitate
2774 2923 2993 3001 (modo
3037 2923 3219 2990 vobis
3265 2923 3612 2988 molestum
3674 2945 3805 2988 non
3864 2923 3978 3004 sit)
4024 2924 4501 2993 illustrissimos
4536 2925 4687 3010 prin·

713 3008 1014 3073 relictum
1043 3009 1123 3070 iri
1157 3008 1367 3072 locum
1400 3007 1802 3086 confidimus,
1843 3010 2126 3074 maxime
2170 3011 2222 3074 si
2260 3008 2338 3073 ad
2377 3029 2488 3074 eas
2526 3031 2666 3074 ves·
2771 3009 2946 3093 cipes
2991 3010 3342 3095 Tigurinos
3401 3008 3483 3074 ad
3538 3005 3605 3074 id
3663 3009 4032 3075 hortemini.
4122 3010 4229 3075 Ad
4280 3033 4447 3096 quos
4488 3011 4686 3080 luben-

714 3103 854 3158 trae
900 3115 1018 3176 pro
1057 3093 1243 3157 nobis
1291 3094 1462 3175 apud
1503 3093 1683 3159 illum
1724 3095 2206 3178 deprecationes
2251 3093 2578 3160 accedant.
2770 3096 3020 3161 tissime
3086 3096 3570 3178 scripsissemus
3628 3094 3752 3159 nisi
3821 3095 4005 3160 nobis
4070 3097 4263 3180 plane
4333 3117 4685 3181 persuasum

889 3183 983 3244 Ac
1033 3201 1111 3242 ne
1161 3180 1338 3244 vobis
1385 3179 1622 3244 mirum
1674 3179 1970 3246 videatur
2027 3181 2195 3262 quod
2243 3202 2320 3244 ex
2375 3180 2663 3250 hostium
2768 3180 3029 3258 fuisset,
3092 3204 3205 3246 vos
3250 3183 3353 3247 his
3397 3180 3681 3264 acceptis
3725 3179 3979 3246 nullum
4027 3205 4234 3266 neque
4280 3206 4402 3250 nos
4446 3181 4687 3248 iuvandi

711 3276 1086 3331 nostrorum
1135 3266 1436 3330 manibus
1481 3267 1641 3348 eripi
1680 3279 2024 3349 tantopere
2066 3268 2407 3349 cupiamus
2451 3268 2520 3331 in
2566 3267 2664 3330 id·
2714 3339 2717 3348 Ι
2767 3289 2976 3350 neque
3018 3268 3279 3334 levandi
3323 3267 3533 3332 locum
3590 3267 4183 3350 praetermissuros.
4272 3267 4471 3351 Quod
4510 3289 4685 3353 quum

710 3372 836 3500 gie
882 3371 1264 3432 quacunque
1322 3352 1505 3417 nobis
1563 3354 1667 3417 via
1720 3352 1875 3418 licet
1935 3353 2101 3417 citra
2158 3352 2356 3416 ullam
2417 3351 2664 3436 gloriae
2766 3353 3050 3420 feceritis
3105 3375 3236 3419 non
3294 3363 3428 3419 tam
3488 3353 3674 3418 nobis
3727 3373 3927 3436 quam
3980 3354 4104 3437 ipsi
4166 3355 4468 3432 Christo,
4523 3354 4686 3422 cuius

783 3439 839 3501 ei
888 3437 1447 3501 labefactationem
1494 3437 1889 3510 studeamus.
1937 3437 2308 3503 existimate
2348 3458 2473 3502 uon
2512 3439 2575 3502 id
2624 3463 2663 3503 a
2766 3459 3026 3504 cansam
3085 3438 3563 3506 defendendum
3624 3440 4026 3521 suscepimus
4079 3453 4145 3505 et
4203 3440 4283 3504 ad
4345 3449 4686 3506 extremum

710 3524 898 3588 nobis
946 3521 1093 3586 fieri
1138 3522 1308 3603 quod
1361 3524 1558 3586 vitam
1604 3535 1894 3587 nostram
1941 3524 2080 3588 eius
2119 3525 2345 3589 honori
2394 3536 2658 3608 antepo-
2757 3545 2970 3609 usque
3013 3526 3316 3609 spiritum
3376 3545 3496 3590 nos
3554 3524 3930 3591 defensuros
3974 3545 4333 3608 speramus,
4382 3526 4686 3611 suppetias

710 3631 965 3686 namus,
1015 3616 1089 3672 ut
1130 3627 1272 3673 eam
1320 3611 1439 3692 pro
1486 3608 1738 3673 Christi
1784 3608 2048 3674 nomine
2093 3610 2430 3675 effundere
2477 3632 2660 3676 recu-
2710 3605 2716 3702 Ι
2769 3610 2993 3676 tulisse
3038 3611 3603 3677 existimabimini:
3665 3634 3703 3676 a
3747 3633 3874 3695 quo
3920 3614 4133 3690 etiam,
4182 3621 4497 3696 tanquam
4538 3613 4686 3678 iusto

712 3717 930 3761 semus
987 3707 1216 3777 (quum
1282 3716 1399 3757 nos
1456 3716 1584 3758 non
1646 3693 1876 3773 lateat,
1939 3695 2100 3759 nihil
2167 3697 2351 3760 nobis
2409 3696 2661 3762 felicius
2710 3717 2715 3762 ι
2765 3697 3059 3762 omnium
3106 3698 3336 3772 iudice,
3386 3718 3692 3780 supremo
3739 3697 3848 3762 illo
3894 3697 3998 3761 die
4044 3697 4428 3781 promissam
4473 3700 4551 3766 iis
4590 3697 4684 3780 qui

710 3801 899 3863 posse
945 3783 1356 3864 contingere,
1418 3802 1662 3862 nosque
1710 3791 1844 3846 tum
1905 3780 2167 3845 domum
2231 3803 2382 3846 vero
2442 3780 2664 3848 beatos
2766 3783 3106 3848 Christum
3151 3785 3221 3847 in
3280 3785 3587 3849 membris
3646 3783 3991 3848 defendere
4050 3783 4408 3850 studebunt
4466 3804 4686 3849 merce·

709 3868 849 3929 fore
909 3868 1190 3930 sciamus
1258 3887 1458 3948 quum
1531 3867 1737 3930 vitam
1797 3877 2086 3932 nostram
2140 3869 2198 3932 ei
2267 3867 2388 3949 ipsi
2448 3891 2488 3933 a
2533 3889 2660 3950 quo
2765 3870 2911 3934 dem
2956 3870 3278 3936 referetis:
3326 3891 3569 3951 nosque
3618 3871 3799 3934 vobis
3834 3869 3901 3933 in
3944 3884 4352 3951 perpetuum,
4398 3870 4683 3955 quamdiu

713 3972 856 4016 eam
903 3953 1268 4033 accepimus
1314 3974 1430 4034 pro
1486 3953 1624 4018 eius
1684 3952 1878 4017 verbo
1935 3963 2142 4018 morte
2185 3955 2396 4018 affecti
2447 3953 2658 4019 reddi-
2710 3949 2713 3958 '
2763 3956 2904 4020 luce
2951 3957 3068 4022 bac
3117 3959 3423 4033 fruemur,
3470 3955 3872 4032 devincietis,
3919 3956 4070 4019 licet
4114 3957 4313 4020 etiam
4360 3958 4589 4021 mirum
4630 3956 4685 4016 in

711 4036 1049 4116 derimus),
1099 4058 1324 4101 verum
1376 4051 1444 4101 ut
1490 4037 1734 4103 diutius
1772 4040 1911 4104 eius
1957 4061 2158 4121 regno
2203 4040 2659 4121 amplificando
2763 4041 3023 4105 modum
3090 4065 3204 4106 nos
3268 4043 3447 4106 vobis
3500 4042 3845 4107 obstrictos
3908 4061 4049 4108 esse
4104 4043 4485 4108 sentiamus.
4568 4039 4685 4105 Nos

707 4143 825 4206 pro
886 4123 1059 4186 virili
1119 4135 1342 4186 nostru
1398 4141 1583 4206 parte
1638 4146 1900 4208 operam
1963 4145 2310 4201 navemus,
2374 4147 2659 4208 erg-aque
2709 4159 2713 4184 ι
2763 4128 2962 4202 igitur
3008 4143 3176 4194 totos
3221 4129 3569 4210 omniaque
3627 4138 3851 4192 nostra
3909 4127 4096 4194 vobis
4140 4139 4456 4211 tanquam
4506 4125 4683 4193 caris-

705 4220 1012 4291 pareutes
1068 4221 1358 4282 nostros,
1414 4210 1645 4292 quibus
1710 4222 1857 4294 post
1901 4213 2113 4276 Deum
2181 4212 2380 4275 vitam
2445 4214 2655 4293 ipsam
2707 4191 2713 4300 s
2761 4215 2942 4279 simis
3002 4213 3307 4278 fratribus
3367 4209 3912 4278 commendamus.
4004 4213 4186 4279 Bene
4243 4214 4479 4280 valete.
4562 4211 4683 4278 Do·

709 4293 1049 4371 debemus,
1094 4315 1384 4377 quosquo
1429 4297 1768 4362 nobiscum
1815 4318 2052 4380 parens
2095 4297 2206 4360 ille
2251 4318 2472 4363 rorum
2517 4319 2655 4362 om·
2708 4337 2711 4350 ·
2766 4297 2975 4362 minus
3029 4323 3137 4364 vos
3182 4322 3297 4363 suo
3342 4309 3568 4365 sancto
3624 4299 3857 4383 spiritu
3918 4298 4271 4383 gubernet,
4330 4311 4683 4381 vestrosque

708 4381 894 4444 nium
942 4400 1073 4444 non
1119 4382 1355 4444 minori
1417 4383 1912 4448 necessitudinis
1968 4383 2228 4448 vinculo
2282 4404 2477 4464 quam
2515 4405 2654 4449 eor·-
2762 4399 3033 4449 conatus
3079 4408 3152 4450 ac
3200 4381 3450 4466 labores
3509 4406 3733 4450 omnes
3790 4379 3871 4451 ad
3927 4385 4027 4450 sui
4085 4385 4372 4453 nominis
4431 4384 4681 4472 gloriam

705 4487 831 4551 pus
869 4468 1126 4530 animae
1161 4467 1523 4542 coniunxit,
1573 4479 1793 4533 nostro
1830 4470 2013 4552 fungi
2053 4469 2262 4535 officio
2300 4471 2651 4551 possimus:
2762 4469 2968 4535 indies
3016 4471 3225 4554 magis
3260 4469 3789 4556 promovendam,
3833 4467 4211 4554 Christique
4247 4472 4538 4540 membra
4579 4468 4683 4533 mi-

706 4573 986 4635 quorum
1034 4552 1469 4616 conditionem
1530 4565 1873 4637 propterca
1931 4558 2161 4619 merito
2219 4553 2652 4637 deploramus,
2760 4578 2903 4621 scre
2949 4557 3029 4622 ab
3075 4556 3589 4623 antichristianis
3635 4556 3875 4623 afflicta
3910 4553 4314 4626 sublevanda
4365 4555 4677 4642 provehat

708 4641 862 4722 qnia
906 4659 1051 4702 eum
1114 4659 1150 4700 a
1212 4660 1335 4720 quo
1391 4638 1629 4704 conditi
1687 4653 1842 4705 sunt
1904 4662 2053 4705 vere
2114 4663 2240 4705 nou
2303 4650 2651 4716 noverunt,
2760 4639 2866 4707 Ex
2912 4642 3281 4710 carceribus
3328 4641 3737 4728 Lugduni.'-’)

706 4725 820 4792 sed
867 4723 1014 4807 plus
1071 4746 1265 4804 quam
1314 4726 1684 4789 Cimmeriis
1742 4728 2028 4791 tenebris
2090 4727 2374 4791 immersi
2420 4727 2655 4809 impias

705 4811 1208 4894 superstitiones
1276 4809 1676 4894 nefandaque
1747 4814 1992 4877 romani
2067 4812 2436 4878 Phalaridis
2503 4814 2655 4897 dog-

705 4911 916 4972 mata,
981 4909 1056 4960 ut
1109 4909 1176 4959 ot
1236 4919 1353 4962 nos
1398 4897 1557 4962 alias
1603 4897 1903 4975 fecimus,
1963 4920 2078 4980 Pro
2135 4921 2290 4963 vera
2335 4898 2652 4982 religione
2703 4889 2709 4968 l

708 4984 1091 5066 sinceroque
1138 4982 1262 5047 Dei
1307 4983 1490 5048 cultu
1550 4983 2057 5068 amplectuntur.
2149 4985 2252 5049 Ex
2298 5005 2427 5066 qua
2471 4997 2656 5049 tanta
2702 4972 2709 5060 l

709 5072 1030 5134 servitute
1075 5090 1274 5152 quum
1323 5091 1441 5135 nos
1490 5068 1816 5135 Dominus
1874 5072 2193 5136 immensa
2235 5092 2356 5135 sua
2401 5071 2652 5136 miseri·-
2703 5087 2707 5100 ·

710 5154 930 5218 cordia
974 5157 1040 5219 in
1089 5175 1310 5219 veram
1361 5155 1638 5220 filiorum
1691 5158 1812 5222 Dei
1874 5157 2233 5220 libertatem
2281 5158 2653 5233 asseruerit,

711 5240 1023 5322 nobisque
1068 5263 1185 5303 suo
1244 5255 1467 5306 saneto
1513 5243 1748 5321 spiritu
1807 5256 2053 5307 rectum
2120 5243 2289 5306 viam
2348 5264 2517 5325 quae
2570 5240 2653 5307 ad
2960 5279 3020 5340 2)
3060 5277 3412 5345 Buufnqms
3444 5279 3768 5346 mmm-2..
3802 5296 3987 5334 meum,
4026 5280 4273 5335 neoemb.
4311 5273 4458 5332 1552,

711 5323 986 5389 eoeleste
1029 5327 1184 5389 illud
1229 5349 1501 5410 regnum
1540 5326 1718 5390 ducit
1753 5329 2304 5410 praemonstrarit,
2343 5349 2473 5392 non
2508 5349 2647 5410 pos-
2702 5317 2709 5378 ¹
2959 5348 3020 5412 3)
3058 5346 3277 5417 Sinquli
3306 5364 3474 5401 manu
3503 5349 3736 5415 propria
3768 5347 4218 5417 subscripserunt.

2704 4763 2709 4850 5
2760 4763 2985 4826 Vestri
3030 4763 3097 4826 in
3135 4761 3400 4828 Christo
3449 4764 3765 4828 carissimi
3815 4766 4045 4829 fratres
4091 4786 4205 4846 pro
4246 4761 4533 4831 eiusdem
4578 4781 4678 4824 no-

2841 4847 3019 4912 mine
3064 4859 3132 4913 et
3178 4847 3373 4913 verbo
3417 4849 3547 4915 iam
3594 4850 3845 4933 pridem
3890 4850 3963 4914 in
4009 4850 4268 4914 vincula
4324 4849 4603 4916 coniecti.

3066 4950 3389 5016 Martialis
3435 4952 3624 5018 Alba.
3864 4949 4239 5018 Ludovicus
4286 4952 4627 5019 Corb‘elius.

3063 5036 3302 5103 Petrus
3346 5037 3725 5104 Scribanus.
3860 5037 4136 5105 Carolus
4178 5038 4523 5103 Fabritius.

3063 5123 3303 5189 Petrus
3342 5123 3680 5191 Naverius.
3846 5123 4227 5190 Bernardus
4271 5123 4609 5208 seguinus.
4628 5122 4675 5192 ³)

2760 5231 2845 5238 -,--
2860 5231 2947 5238 --u-
