4900 6167
681 461 812 523 499

857 646 1363 716 Contubernalis
1407 647 1547 715 sive
1581 647 1822 733 hospes
1866 668 2054 714 meus
2103 646 2459 715 Gulielmue
2490 647 2632 714 An-

683 733 838 819 glus
861 736 948 812 ¹⁴)
987 736 1098 820 qui
1143 755 1182 802 a
1230 732 1319 800 ud
1360 754 1482 801 vos
1526 734 1639 800 diu
1680 735 1944 813 mansit,
1992 733 2184 800 valde
2228 754 2335 799 me
2376 752 2633 799 recrea-

567 823 574 830 '
683 818 804 899 vit,
849 840 926 885 eo
969 818 1144 904 quod
1223 843 1260 887 e
1292 820 1742 887 incolumitate
1776 827 1898 886 tua
1929 817 2257 899 mediocri,
2303 819 2385 885 de
2428 819 2633 886 eccle·

679 906 821 972 siae
864 913 1122 972 vestrae
1164 907 1455 990 profectu
1470 956 1487 986 ,
1544 905 1833 990 adeoque
1877 904 1957 972 (16
2000 912 2243 973 666616
2297 915 2413 972 166
2470 906 2634 972 assi-

685 989 816 1057 duo
888 989 974 1057 ad
1039 1012 1317 1078 regnum
1389 991 1641 1059 Christi
1714 990 2227 1076 promovendum
2244 1043 2261 1070 ,
2331 989 2633 1075 pluribus

681 1075 960 1143 edocuit.
1047 1077 1253 1143 Faxit
1295 1079 1353 1143 is
1395 1078 1502 1145 661
1546 1087 1612 1145 16
1657 1084 1864 1144 161616
1910 1077 2324 1155 consecrasti,
2367 1086 2442 1143 ut
2485 1097 2631 1144 suc·

680 1182 940 1230 cessum
1017 1164 1578 1249 exoptatissimum
1652 1165 1717 1230 in
1798 1163 2102 1230 omnibus
2180 1163 2528 1230 affluenter
2591 1184 2632 1229 a

682 1249 827 1315 Deo
868 1248 1181 1316 obtineas,
1272 1249 1399 1315 'l'ui
1443 1251 1550 1317 hic
1594 1248 1867 1316 studiosi
1922 1259 1988 1315 et
2045 1248 2168 1316 sibi
2213 1258 2280 1315 et
2321 1248 2632 1316 ecclesiae

680 1335 801 1399 toti
846 1333 927 1400 de
970 1334 1283 1419 piissimis
1337 1342 1406 1402 et
1449 1334 1841 1402 doctissimis
1891 1334 2456 1403 lucubrationibus
2501 1337 2632 1402 tuis

679 1419 960 1487 subinde
1003 1420 1074 1485 16
1119 1421 1332 1490 166661
1376 1420 1848 1506 prodeuntibus
1877 1421 2233 1505 plurimum
2277 1429 2629 1521 congratu-

675 1506 922 1572 lantur.
1016 1506 1340 1574 Audimus
1381 1509 1557 1574 enim
1600 1508 1732 1574 iam
1777 1506 1859 1574 (16
1903 1507 2369 1574 6616616616116
2411 1529 2482 1572 16
2520 1507 2628 1572 Io-

598 1641 610 1652 .
683 1592 971 1658 hannem
1019 1593 1511 1679 evangelistam,
1557 1602 1625 1660 et
1647 1594 1969 1678 quaedam
2000 1593 2128 1660 alia
2155 1591 2627 1677 exspectanda:

675 1677 933 1745 utinam
1010 1678 1185 1746 inter
1248 1700 1327 1745 ea
1400 1700 1658 1763 quoque
1720 1679 2071 1764 prodeant,
2150 1699 2317 1762 6666
2381 1676 2630 1746 (1661(16-

676 1772 914 1830 166161
967 1764 1035 1829 16
1095 1765 1283 1845 Acta,
1309 1770 1386 1843 ¹⁵)
1444 1776 1788 1851 postquam
1848 1787 1980 1832 non
2035 1766 2226 1850 pauci
2284 1785 2360 1830 66
2404 1764 2626 1831 1611616

675 1849 812 1915 frui
866 1851 1270 1934 percupiunt.
1377 1852 1594 1937 Atque
1659 1860 1737 1918 ut
1799 1852 1962 1918 haec
2025 1861 2355 1937 praestare
2414 1850 2626 1935 possis

677 1936 855 2002 inter
926 1936 1219 2003 infinitos
1290 1946 1441 2004 tuos
1515 1936 1797 2017 labores,
1881 1937 2076 2002 enixe
2148 1959 2300 2004 6616
2363 1936 2625 2021 rogabi-

673 2041 828 2088 mus
853 2026 938 2097 ¹,⁸)
1060 2024 1128 2088 ui
1191 2031 1259 2090 et
1333 2031 1620 2090 mentem
1684 2024 1982 2090 veritatis
2060 2023 2322 2092 doctore
2386 2023 2623 2107 spiritu

674 2115 903 2174 sancto
946 2108 1035 2173 im
1082 2110 1182 2175 uit
1224 2116 1291 2176 et
1326 2110 1494 2176 vires
1529 2108 1853 2176 imbecillo
1889 2118 1958 2175 et
1990 2108 2320 2176 laboribus
2363 2117 2624 2175 tantum

673 2213 806 2259 non
854 2193 1174 2261 exhausto
1216 2194 1515 2263 sufficere
1553 2202 1786 2279 potest.
1858 2194 2030 2277 Quis
2065 2202 2275 2262 status
2317 2196 2389 2260 in
2434 2216 2624 2278 prae-

672 2279 886 2345 sentia
938 2287 1199 2347 nostrae
1254 2283 1341 2347 sit
1397 2280 1742 2361 ecelesiae,
1775 2281 1856 2364 ¹⁷)
1916 2289 1984 2347 et
2040 2290 2289 2365 quanta
2344 2281 2623 2347 vulnera

667 2365 1123 2432 ministrorum
1158 2366 1630 2434 obdormitione
1666 2389 1816 2435 acce
1899 2368 2004 2446 rit,
2050 2376 2210 2452 puto
2257 2377 2320 2433 te
2363 2365 2620 2451 pridem

668 2471 799 2517 666
844 2450 990 2518 6166
1012 2451 1234 2519 (161616
1277 2453 1679 2537 percepisse:
1722 2475 1792 2520 se
1863 2453 2025 2520 11666
2069 2474 2280 2537 poena
2305 2454 2484 2519 iusta
2519 2461 2623 2518 est

665 2536 832 2603 ultio
887 2546 1149 2604 nostrae
1205 2537 1702 2623 ingratitudinis
1755 2539 1835 2603 de
1880 2540 2172 2605 veritatis
2216 2546 2618 2622 contemptu,

664 2642 752 2687 ne
808 2621 1018 2690 dicam
1061 2625 1545 2708 profanatione:
1602 2634 1821 2691 tamen
1878 2624 2192 2692 videntur
2248 2624 2448 2710 aliqui
2505 2624 2618 2692 icti

665 2709 800 2773 iam
856 2728 1114 2794 sapere,
1175 2717 1243 2777 et
1299 2710 1382 2777 ad
1439 2709 1712 2778 meliora
1770 2711 2180 2778 contendere.
2271 2709 2406 2778 Sed
2460 2709 2617 2795 quid

664 2814 788 2945 350
830 2794 1147 2879 prolixior
1202 2816 1347 2862 sum
1367 2848 1382 2876 ,
1442 2818 1646 2881 quum
1703 2796 1866 2864 haee
1919 2798 2243 2882 copiosius
2301 2796 2413 2863 alii
2460 2797 2616 2863 hinc

794 2889 858 2946 te
903 2881 1340 2964 perscribant:
1396 2881 1582 2951 dabis
1625 2881 1748 2950 hoc
1791 2884 2027 2963 amori,
2070 2905 2197 2968 quo
2253 2883 2324 2948 in
2369 2890 2435 2948 te
2481 2903 2612 2950 non

662 2963 899 3032 leviter
941 2968 1212 3035 affectus
1257 2989 1424 3048 sum,
1471 2979 1537 3035 et
1572 2970 1628 3037 si
1666 2970 1822 3053 quid
1864 2971 2132 3055 insuper
2166 2967 2611 3036 inconsidera-

660 3052 793 3120 tius
837 3050 921 3119 ad
963 3062 1031 3121 te
1084 3075 1286 3122 ausus
1328 3055 1422 3121 fui
1466 3055 1768 3123 scribere.
1857 3053 2125 3141 Optime
2170 3054 2347 3133 vale,
2407 3054 2610 3121 caris-

660 3140 825 3206 sime
867 3149 1281 3226 praeceptor‚
1328 3150 1396 3208 et
1440 3163 1560 3209 nos
1605 3141 1735 3208 tuis
1779 3142 2077 3226 precibus
2121 3141 2612 3209 commendatos

658 3245 802 3292 esse
860 3226 1044 3292 velis.
1133 3226 1384 3294 Iterum
1432 3226 1592 3293 vale.
1683 3227 1997 3294 Salutant
2055 3235 2120 3292 te
2164 3228 2327 3295 Luc.
2375 3225 2612 3294 Batho-

655 3311 825 3391 (1166,
877 3311 1230 3379 Gulielmus
1274 3313 1534 3398 Anglus
1578 3320 1645 3379 et
1687 3335 1834 3381 mea
1876 3334 2048 3381 uxor
2089 3332 2285 3397 quam
2328 3312 2610 3398 diligen-

655 3397 932 3465 tissime.
1024 3398 1448 3485 Argentorati
1499 3405 1592 3465 14.
1640 3399 1868 3465 Martii
1913 3404 2111 3466 Anno
2164 3402 2345 3464 1553.

1621 3518 1965 3586 Conradus
2007 3519 2352 3586 Hubertus

1548 3604 1643 3669 tui
1688 3626 1774 3669 ex
1819 3604 2038 3671 animo
2084 3604 2434 3672 studiosus.

1534 3982 1720 4053 1718.

1092 4118 1641 4203 PELLOQUIN
1687 4124 1741 4184 A
1785 4120 2160 4188 CALVIN.

826 4271 1282 4342 Denonoiation
1332 4275 1424 4343 du
1478 4279 1705 4344 maim
1758 4275 1979 4343 d’bcole
2026 4274 2292 4352 Goliuet,
2351 4276 2466 4357 qui
2519 4295 2611 4342 au

652 4359 1351 4428 lieudeleconsoler
1420 4361 2609 4447 dameampfiviteoeoomplaita

654 4443 892 4511 medire
933 4445 1042 4510 des
1084 4448 1404 4513 ministres
1445 4448 1523 4515 dc
1572 4447 1827 4515 Geneve.

652 4598 866 4669 (Cupie.
907 4598 1051 4653 Bibl.
1102 4601 1380 4656 nationale
1428 4602 1497 4656 de
1546 4601 1720 4656 Paris.
1756 4600 1889 4656 Coll.
1925 4600 2086 4671 Dupu
2161 4602 2287 4658 Vol.
2335 4600 2464 4666 102,
2512 4602 2603 4657 fol.

951 4666 1070 4721 118.
1140 4669 1312 4724 Texte
1347 4677 1567 4741 suspect
1600 4686 1668 4726 en
1704 4670 1973 4739 plusieurs
2009 4619 2294 4738 6111116116.)

823 4837 915 4905 14)
962 4837 1099 4908 Quia
1131 4840 1222 4895 hic
1254 4842 1324 4894 sit
1358 4843 1672 4895 coniectura
1688 4843 1908 4912 assequi
1922 4857 2035 4896 non
2065 4857 2372 4913 pommus.
2428 4842 2602 4900 W·

645 4909 969 4991 iinqhamuq
1001 4923 1065 4962 eo
1098 4915 1334 4992 tenpore
1376 4912 1440 4963 in
1475 4909 1530 4962 A
1604 4909 1682 4963 lia
1727 4916 1863 4992 erat.
1943 4909 2270 4967 Notandum
2314 4919 2496 4967 men
2540 4915 2603 4967 in

641 4977 964 5100 ιὸῃιιαοοοήοάιΝ
918 4985 1174 5115 Δῖἓῗῖιῖες
1215 4979 1349 5047 lem.-
1393 4977 1570 5033 Oontu
1645 4980 1811 5033 rnahs
1856 4996 2006 5033 meus
2051 4996 2342 5050 paucorum
2386 4981 2601 5036 dierum

830 5116 922 5250 163
954 5199 1222 5252 rogamus,
1259 5199 1376 5254 ego,
1412 5184 1728 5252 Bathodius,
1764 5187 2058 5242 Garnerius
2092 5195 2149 5242 et
2185 5188 2294 5245 alii.

712 5319 744 5331 ..
825 5248 923 5331 17)
957 5267 1066 5306 non
1101 5259 1188 5306 est
1221 5252 1368 5321 quod
1402 5254 1661 5323 scribam,
1711 5271 1877 5339 quum
1920 5257 2177 5340 idpfficii
2213 5256 2510 5312 emerim
2546 5264 2605 5339 61

639 5319 872 5457 21:261ae
904 5320 1135 5402 abunde·
1151 5323 1819 5459 ρηοεῗέἑὶωδιᾳυωαα
1853 5341 1889 5381 a
1923 5334 2137 5383 minuta
2182 5328 2383 5383 abunt
2417 5341 2604 5381 omnm

966 5111 1209 5183 Quorum
1237 5116 1401 5184 prior
1434 5121 1611 5171 tomus
1643 5117 1791 5172 ⁸01·oe
1821 5116 2121 5187 prodierat.

2197 459 2726 527 EPISTOLAE
2780 462 3197 525 1712—1713

4552 463 4669 526 500

2737 648 2842 714 La
2894 669 3091 733 grace
3163 649 3243 714 de
3303 655 3526 716 nostre
3584 647 3915 735 Seigneur
3968 648 4159 714 Iesus
4218 645 4444 715 Christ
4494 654 4558 712 et
4606 646 4669 713 16

2737 733 2988 801 charite
3046 734 3128 800 de
3171 735 3349 802 Dieu
3406 741 3475 801 et
3527 734 3592 801 16
3648 734 4197 803 661616661661166
4261 732 4351 799 (16
4399 733 4498 798 St,
4547 734 4666 800 1116-

3086 820 3222 904 prit
3263 823 3392 888 soit
3433 842 3594 888 avec
3634 844 3798 888 vous
3839 833 4004 888 tous.
4092 821 4328 886 Amen.

2909 956 3225 1024 Combien
3282 979 3408 1042 666
3466 979 3631 1026 vous
3688 979 3879 1044 soyez
3938 978 4118 1025 assez
4175 957 4665 1041 experimentez,

2736 1043 3097 1109 Messieurs
3141 1051 3210 1109 et
3252 1044 3455 1111 i’reres
3500 1065 3582 1110 en
3627 1056 3849 1111 nostre
3892 1042 4221 1128 Seigneur
4236 1094 4252 1122 ,
4307 1041 4518 1128 quelle
4573 1053 4667 1107 est

2736 1129 2982 1196 lastuce
3026 1140 3092 1195 et
3145 1130 3421 1197 cautelle
3477 1127 3557 1196 de
3612 1141 3833 1197 nostre
3887 1129 4263 1196 adversaire
4308 1137 4375 1193 et
4417 1127 4666 1193 ennemi

2736 1215 2971 1281 1661161
3030 1214 3269 1296 Satan,
3330 1215 3604 1282 dautant
3714 1238 3795 1282 ue
3867 1227 4012 1282 tous
4071 1216 4246 1281 vrais
4304 1214 4536 1280 enfans
4592 1213 4669 1278 (16

2735 1299 2910 1367 Dieu
2956 1312 3077 1366 ont
3117 1302 3619 1369 iournellement
3704 1323 3744 1367 a
3803 1323 4040 1387 guerre
4100 1310 4142 1367 6
4197 1300 4535 1367 166666116
4591 1299 4667 1364 (16

2734 1387 2846 1473 luy
2891 1395 2959 1452 et
3002 1387 3083 1455 de
3129 1409 3232 1455 666
3275 1398 3578 1474 suppots,
3637 1398 3705 1454 et
3746 1387 4287 1473 singulierement
4343 1407 4509 1451 vous
4563 1386 4666 1468 qui

2733 1484 2907 1538 estes
2950 1495 3055 1540 ses
3109 1474 3498 1559 principaux
3557 1474 3966 1540 adversaires
4020 1484 4087 1539 et
4143 1472 4440 1539 ennemis
4457 1523 4471 1546 ,
4528 1481 4665 1537 166-

2734 1560 2955 1625 tesfois
2998 1560 3060 1626 16
3105 1581 3189 1625 66
3234 1560 3551 1645 laisseray
3594 1557 3675 1626 de
3730 1581 3895 1628 vous
3950 1558 4240 1625 declarer
4291 1559 4388 1624 les
4449 1555 4665 1623 616116-

2733 1645 2925 1712 661166
2969 1653 3036 1711 61
3078 1644 3348 1713 subtiles
3391 1645 3870 1712 machinations
3904 1644 4269 1729 desquelles
4310 1643 4360 1709 11
4396 1666 4436 1710 6
4470 1645 4664 1710 voulu

2729 1751 2882 1796 user
2924 1751 3033 1797 ces
3077 1732 3256 1799 iours
3299 1752 3521 1816 passez
3565 1754 3605 1799 a
3647 1732 3987 1799 lencontre
4032 1731 4112 1797 de
4152 1752 4334 1816 moy,
4381 1732 4492 1815 qui
4537 1733 4664 1796 suis

2731 1817 2791 1881 le
2850 1817 3144 1883 moindre
3204 1816 3285 1883 de
3341 1830 3513 1896 tous,
3570 1838 3652 1883 en
3709 1819 3774 1884 la
3830 1838 4155 1902 personne
4213 1816 4294 1882 de
4337 1817 4465 1882 Mr.
4512 1815 4661 1882 1666

2734 1902 2911 1968 Colin
2954 1914 3185 1988 regent
3226 1902 3314 1970 du
3359 1903 3657 1989 college,
3689 1910 3735 1982 ¹)
3791 1902 4031 1988 auquel
4071 1924 4179 1970 ees
4221 1903 4402 1969 16616
4448 1925 4662 1987 passer,

2726 1989 2952 2056 i’avois
2995 1991 3178 2072 prins
3223 1992 3286 2055 la
3323 1990 3657 2057 hardiesse
3702 1990 3782 2055 de
3826 1990 4101 2056 resorire
4135 1990 4317 2056 selon
4360 2010 4514 2055 mon
4558 1990 4661 2054 de·

2729 2077 2892 2153 voir,
2937 2096 3101 2160 pour
3144 2075 3327 2143 selon
3372 2077 3437 2142 la
3479 2097 3737 2143 6166616
3782 2076 3962 2142 dela
4086 2098 4199 2142 666
4245 2096 4374 2160 666
4420 2076 4483 2140 16
4528 2076 4661 2141 Sei-

2726 2181 2939 2245 36661
2980 2165 3112 2228 m’a
3152 2163 3361 2239 faicte,
3406 2163 3767 2229 l’exhorter
3810 2162 3890 2229 de
3934 2097 4263 2229 sasstenir
4305 2159 4388 2228 de
4431 2162 4498 2227 la
4539 2162 4658 2225 fre-

2725 2248 3112 2330 quentation
3158 2248 3239 2315 (16
3283 2250 3600 2333 quelques
3654 2271 3816 2335 gens
3871 2247 3951 2314 de
4010 2248 4344 2314 mauvaise
4405 2249 4511 2315 vie
4553 2248 4657 2330 qui

2726 2353 2845 2399 nec
2868 2345 3086 2400 essent
3108 2356 3191 2400 en
3237 2334 3413 2401 leurs
3462 2335 3923 2419 gourmandise
3968 2345 4035 2400 et
4064 2336 4540 2420 yvrongneries
4583 2333 4657 2398 de

2723 2418 3076 2486 calomnier
3118 2431 3187 2487 et
3229 2420 3552 2488 (161166161
3596 2421 3676 2488 (16
3718 2421 3786 2487 16
3828 2420 4072 2505 parolle
4106 2420 4187 2486 de
4222 2420 4400 2487 Dieu
4446 2432 4511 2484 61
4551 2419 4657 2486 (166

2723 2504 3060 2572 ministres
3106 2504 3371 2573 d'icelle.
3458 2506 3554 2573 Ce
3598 2529 3724 2593 que
3781 2529 3936 2593 moy
3979 2528 4226 2575 6166166
4283 2519 4503 2576 estant
4546 2530 4657 2592 par

2724 2588 2871 2656 dela
2939 2613 3024 2675 ay
3094 2613 3242 2658 1166.
3366 2592 3466 2660 Or
3536 2592 3701 2659 Dieu
3773 2598 3964 2660 m'est
4038 2597 4314 2662 tesmoin
4396 2617 4523 2680 que
4588 2615 4655 2661 66

2723 2697 2849 2759 666
2883 2678 2991 2742 166
3029 2679 3244 2745 faisois
3279 2679 3532 2745 c’estoit
3565 2701 3734 2764 pour
3768 2680 4030 2746 tascher
4072 2687 4115 2746 6
4158 2682 4219 2747 16
4260 2681 4541 2748 divertir
4581 2681 4657 2745 de

2723 2762 2908 2830 telles
2936 2763 3166 2831 choses
3195 2775 3399 2850 ayant
3419 2785 3572 2832 sceu
3601 2764 3756 2849 qu’il
3775 2790 3819 2852 y
3844 2767 4261 2850 perseveroit.
4307 2769 4488 2836 Mais
4513 2767 4653 2833 bien

2720 2869 2805 2914 au
2842 2851 3165 2917 contraire
3207 2851 3347 2917 cela
3390 2852 3455 2916 la
3503 2873 3726 2918 esmeu
3761 2860 3804 2919 6
3837 2853 4221 2919 manifestet
4258 2854 4327 2919 lu
4421 2873 4659 2920 mesme

2718 2954 2840 3000 son
2884 2935 3155 3019 impiete
3199 2948 3265 3001 et
3309 2936 3478 3002 furie
3521 2957 3640 3020 par
3684 2960 3812 3005 une
3854 2939 4080 3018 lettre,
4140 2940 4332 3023 laque
4387 2962 4426 3006 e
4468 2939 4516 3005 il
4560 2958 4659 3004 ma

2716 3030 3038 3108 envoyee,
3100 3022 3380 3107 laquelle
3423 3024 3650 3091 i'avois
3694 3023 3979 3091 delibere
4022 3024 4102 3091 de
4146 3047 4310 3092 vous
4355 3047 4652 3111 envoyer.

2716 3105 2890 3175 Mais
2934 3108 3180 3195 l'ayant
3222 3108 3453 3175 11611166
3510 3116 3553 3175 6
3609 3131 3748 3176 1666
3802 3112 4007 3177 freres
4061 3112 4470 3194 prisonniers
4510 3132 4656 3178 avec

2715 3214 2872 3279 moy
2926 3214 3093 3278 pour
3156 3194 3220 3259 la
3280 3198 3427 3261 voir
3495 3206 3517 3266 (
3568 3198 3635 3262 61
3694 3197 4065 3263 facilement
4118 3210 4235 3263 ont
4289 3219 4541 3283 cogneu
4582 3197 4658 3262 de

2715 3280 2865 3364 quel
2909 3282 3116 3365 esprit
3158 3280 3204 3345 il
3249 3291 3350 3347 est
3392 3302 3513 3347 666
3562 3282 3688 3358 611)
3734 3283 3794 3348 16
3838 3303 3924 3349 66
3968 3283 4096 3369 l’ay
4142 3303 4272 3367 peu
4318 3304 4656 3351 recouvrer

2717 3386 2837 3449 par
2880 3387 2954 3431 66
3053 3387 3136 3432 66
3192 3364 3256 3431 16
3309 3365 3686 3433 lendemain
3740 3369 3821 3434 ils
3860 3370 4083 3435 furem
4123 3389 4354 3436 menez
4402 3377 4445 3436 6
4487 3370 4654 3436 Β66-

2716 3471 2858 3516 666.
2882 3453 2940 3531 ²)
3073 3472 3202 3536 uoy
3242 3461 3487 3537 voyant
3521 3455 3655 3537 i’ay
3699 3464 3901 3539 pense
3945 3452 4026 3521 de
4070 3475 4238 3520 vous
4280 3457 4557 3523 resorire
4597 3456 4655 3519 la

2717 3539 3065 3604 substance
3124 3536 3374 3604 d’icelle
3443 3560 3529 3605 au
3585 3540 3734 3624 plus
3789 3562 3939 3624 pres
3995 3540 4075 3607 de
4143 3539 4208 3606 la
4262 3542 4482 3608 verite
4538 3562 4654 3626 que

2718 3643 2875 3688 mon
2922 3624 3086 3707 petit
3130 3644 3202 3689 66
3249 3625 3337 3689 111
3380 3625 3445 3690 16
3487 3647 3616 3712 peu
3661 3627 4106 3710 comprendi-e,
4150 3628 4286 3693 afin
4329 3649 4459 3712 666
4500 3647 4654 3693 vous

2717 3728 2912 3793 soyez
2958 3717 3103 3775 1661
3163 3730 3207 3793 p
3234 3732 3313 3777 66
3372 3711 3663 3780 advertis
3722 3711 3802 3779 (16
3860 3712 4088 3780 veiller
4132 3734 4249 3780 sur
4308 3713 4439 3780 tels
4477 3733 4653 3781 66611·

2718 3792 2898 3861 (16166
2955 3806 3023 3862 61
3073 3795 3326 3862 (166661
3377 3798 3572 3864 ordre
3615 3819 3742 3882 que
3797 3798 4050 3883 lEglise
4104 3819 4189 3865 en
4231 3800 4362 3864 soit
4402 3807 4653 3884 purges.

2716 3881 2810 3946 Et
2830 3891 3062 4032 dcertes
3109 3883 3283 3949 Dieu
3327 3886 3492 3951 seait
3530 3906 3661 3969 que
3702 3889 3864 3952 c'est
3908 3885 3974 3951 la
4015 3884 4078 3950 16
4122 3884 4241 3952 but
4283 3906 4368 3951 ou
4415 3888 4475 3953 16
4516 3905 4652 3969 pre-

2715 3975 2827 4034 ten
2873 3989 2929 4034 e.

2884 4053 2991 4119 En
3035 4055 3365 4137 premieur
3406 4055 3541 4122 lieu
3584 4056 3749 4124 donc
3792 4057 3843 4122 il
3879 4079 3984 4123 me
4019 4068 4171 4124 taxe
4308 4058 4653 4124 andement

2712 4138 2795 4206 de
2838 4139 3150 4225 legierete
3192 4160 3273 4207 en
3327 4163 3403 4208 66
3457 4164 3585 4228 666
3637 4143 3839 4228 (61661
3895 4164 4147 4210 6616166
4205 4145 4219 4160 “
4311 4143 4475 4219 (1161)
4529 4145 4650 4225 i'ay

2712 4245 2868 4292 cren
2914 4235 3058 4291 tant
3104 4226 3183 4291 de
3228 4226 3291 4293 le
3342 4230 3435 4294 'er
3479 4237 3521 4295 6
3556 4250 3685 4296 666
3727 4230 3964 4314 simple
4007 4230 4220 4297 lettre.
4308 4231 4405 4296 Et
4438 4252 4561 4315 que
4598 4228 4649 4293 si

2713 4311 2974 4396 i’avoye
3008 4333 3134 4378 1166
3179 4333 3308 4397 666
3334 4335 3459 4398 666
3503 4314 3698 4382 chose
3740 4315 3820 4381 de
3863 4316 3998 4382 mal
4042 4339 4124 4383 66
4167 4316 4285 4402 luy
4324 4337 4451 4400 que
4492 4317 4553 4381 ie
4591 4314 4650 4378 le
4776 4313 4801 4368 .]

2712 4395 2975 4465 devrois
2996 4395 3290 4464 advertit
3306 4412 3372 4465 et
3387 4398 3803 4468 admonester
3820 4423 3973 4486 moy
3993 4424 4240 4469 11166616
4255 4400 4646 4469 fraternelle·

2712 4493 2914 4549 ment.
2935 4485 2994 4568 ⁸)
3039 4484 3149 4549 En
3185 4483 3326 4552 6616
3361 4497 3572 4552 661166
3600 4486 3647 4552 11
3683 4489 3976 4555 confesse
4002 4490 4187 4555 avoir
4221 4488 4647 4574 grandement

2709 4568 2870 4635 failli
2894 4580 2961 4636 et
2985 4591 3069 4635 66
3099 4569 3419 4637 demands
3462 4571 3714 4655 pardon
3750 4580 3793 4639 6
3814 4576 3990 4640 1)166
4025 4573 4105 4640 (16
4142 4573 4269 4641 1166
4311 4595 4521 4642 66661.
4589 4570 4641 4634 ΙΙ

2708 4675 2814 4721 166
2839 4665 2991 4722 taxe
3035 4654 3402 4742 davantage
3431 4680 3556 4743 quo
3583 4659 3644 4725 ie
3671 4661 4010 4727 m'arreste
4032 4671 4179 4745 trop
4200 4680 4334 4727 aux
4360 4661 4643 4727 hommes

2712 4813 3113 4822 --ow-*aew

2704 4911 2875 4996 rna.
2912 4912 3093 4998 l)=Lc
3123 4909 3318 4996 τόρευε.
3348 4913 3540 4971 Enoch
3575 4918 3730 4999 (16αᾷ
3773 4932 3842 4971 σοι
3874 4917 3970 4972 des
4017 4915 4244 4999 (1ρηιὲΙώ
4278 4932 4408 5003 6666
4442 4933 4524 4973 ses
4555 4917 4639 4971 ba·

2704 4981 3006 5121 wat-05².
3039 4982 4299 5123 umwmoewffiwmte
4328 4988 4641 5136 66511

2704 5119 2802 5204 ³⁰2
2830 5119 2971 5189 Sept.
3012 5119 3160 5174 1⁶52.
3234 5121 3288 5175 11
3333 5123 3462 5177 loun
3505 5139 3616 5178 m
3656 5126 3870 5178 maison
3913 5130 3967 5179 et
4006 5141 4044 5194 y
4076 5131 4232 5195 repat
4275 5128 4370 5181 des
4397 5139 4637 5196 pennon-

2699 5204 2972 5325 meam
2990 5187 3290 5314 Ἧῗιὶοέ
3305 5188 3653 5340 dlewsskmreq.
3802 5329 3813 5341 ,
3983 5334 3993 5343 ,
4147 5334 4157 5345 .

2703 5325 2972 5452 mne)
3011 5326 3420 5384 Probabzmmt
3480 5328 3675 5384 Calvum
3730 5328 3810 5418 1111
3859 5337 4015 5387 avaut
4067 5333 4177 5399 fau
4228 5333 4326 5389 des
4373 5330 4633 5402 πρυ-ἔκαι-
