4900 6167
238 429 341 492 253

236 616 381 679 inter
420 633 543 679 nos
587 635 996 681 consensum.
1087 614 1418 700 Obstupui
1461 636 1620 682 sane
1663 637 1866 699 quum
1909 618 1977 682 in
2022 618 2157 684 tuis

234 699 410 765 literis
449 698 758 784 legerem,
802 699 1079 767 docendi
1111 722 1321 785 genus
1363 722 1490 785 quo
1524 711 1677 767 utor
1711 702 1936 769 multis
1970 703 2155 770 bonis

234 787 369 850 viris
438 783 785 871 displicere
802 838 817 864 ,
887 787 1080 853 sicuti
1143 796 1211 852 et
1271 788 1681 872 Zwingliano
1726 788 2157 873 Hieronymus

231 870 570 937 offenditur.
675 870 964 938 obmo
1021 872 1176 954 quid
1246 873 1505 939 simile?
1607 873 1907 957 Zminylii
1975 875 2152 941 enim

228 956 486 1035 libellus,
515 961 575 1034 ⁵)
633 971 708 1023 ut
746 958 1157 1024 familiariter
1198 960 1371 1025 inter
1414 981 1532 1026 nos
1573 960 1947 1042 loquamur,
2014 972 2152 1027 tam

232 1043 385 1108 duris
438 1043 793 1128 paradoxis
835 1043 1117 1111 refertus
1171 1053 1300 1122 est,
1367 1052 1442 1111 ιιι
1498 1045 1875 1128 longissime
1935 1046 2017 1112 ab
2075 1069 2153 1113 ea

230 1150 396 1212 quam
449 1128 723 1230 adhibui
778 1130 1223 1230 moderatione
1277 1131 1489 1197 distet.
1592 1132 1854 1197 Novum
1910 1153 2075 1216 opus
2095 1137 2150 1210 9)

228 1218 2151 1387 afffflfflatuffimfflnssfflfflssffieteoe⁰52.ssssss

229 1395 377 1452 tatus
433 1408 522 1452 es.
611 1387 783 1452 Nam
843 1410 1044 1470 quum
1100 1389 1230 1454 ista
1284 1388 1613 1455 calumnia
1666 1410 1771 1454 me
1832 1391 2150 1473 impostor

226 1483 524 1556 gravaret,
571 1474 713 1540 eius
756 1473 1148 1540 refellendae
1191 1494 1387 1539 causa
1429 1474 1656 1551 obieci,
1702 1474 1878 1559 quod
1917 1497 2148 1541 verum

225 1569 357 1637 erat,
404 1580 508 1623 me
544 1557 717 1624 edito
759 1559 927 1627 libro
962 1561 1122 1626 satis
1160 1568 1470 1625 testatum
1515 1581 1656 1625 esse
1701 1569 2020 1644 quantum
2066 1559 2146 1625 ab

222 1643 315 1709 illa
361 1644 764 1728 blasphemia
828 1644 1234 1711 abhorream.
1331 1646 1609 1712 Librum
1664 1665 1859 1727 porro
1919 1654 2147 1713 contra

223 1731 572 1796 Libertinos
607 1730 863 1814 pridem
898 1731 1147 1797 editum
1182 1731 1499 1816 intelligo.
1562 1732 1656 1796 Et
1688 1741 1913 1797 tamen
1948 1731 2145 1797 huius

221 1816 537 1882 nebulonis
580 1818 976 1901 improbitas
1030 1838 1136 1882 me
1193 1818 1511 1901 compulit
1565 1828 1643 1882 ut
1685 1837 1868 1882 meae
1910 1816 2144 1883 adver·

221 1922 310 1967 sus
352 1901 656 1986 Piylu'um
697 1904 1107 1985 responsioni
1152 1903 1324 1987 quod
1380 1902 1672 1969 restabat
1713 1902 1795 1967 de
1838 1903 2142 1986 praedes·-

222 1988 511 2053 tinatione
554 1997 933 2054 attexerem.
955 1992 1016 2072 ⁷)
1102 1987 1177 2055 Si
1222 2010 1442 2054 errare
1486 1988 1603 2054 tibi
1650 1988 1889 2068 videor,
1934 1988 2143 2055 liben-

221 2085 302 2139 ter
350 2074 467 2139 abs
520 2082 588 2139 te
644 2077 896 2140 moneri
953 2075 1188 2159 patiar.
1274 2074 1628 2140 Caeterum
1686 2093 1806 2140 eur
1855 2076 2142 2158 ingenue

220 2178 317 2224 nec
354 2159 852 2226 dissimulanter
905 2160 1081 2244 quod
1134 2160 1300 2225 mihi
1364 2158 1592 2225 datum
1651 2169 1752 2227 est
1809 2161 2139 2244 proferam

221 2244 326 2309 illic
364 2246 626 2311 abunde
669 2266 1123 2312 commemoro.
1213 2246 1643 2330 Hieronymus
1696 2246 1838 2330 ipse
1880 2246 2140 2329 publico

219 2330 427 2398 iudicio
469 2332 541 2396 in
583 2341 976 2416 perpetuum
1019 2331 1325 2398 exsilium
1382 2332 1629 2398 eiectus
1673 2340 1804 2397 est:
1866 2332 2140 2398 atrocio-

219 2437 333 2482 rem
382 2438 660 2500 poenam
729 2439 849 2484 nos
908 2426 1219 2502 expetere
1282 2418 1449 2483 falso
1514 2417 1778 2500 quidem
1836 2417 2141 2485 maledici

218 2515 565 2585 sparserant
618 2512 687 2569 et
729 2503 929 2570 stulte
987 2503 1311 2571 creditum
1354 2513 1472 2569 est.
1499 2503 1552 2589 ⁸)
1645 2503 1946 2570 Falesius
1985 2524 2139 2570 nos-

219 2601 313 2668 ter,
348 2591 735 2672 praesertim
777 2592 859 2656 ob
903 2599 1203 2656 curatum
1228 2589 1506 2655 ancillae
1527 2610 1855 2667 canorum,
1881 2593 1934 2668 ⁹)
1980 2588 2140 2656 adeo

219 2695 271 2738 se
305 2674 552 2742 homini
596 2676 853 2742 addixit
890 2686 965 2741 ut
1012 2674 1483 2760 propemodum
1524 2676 1883 2742 fascinatus
1924 2675 2139 2741 videri

218 2762 404 2841 possit.
491 2761 873 2828 Molestiam
924 2782 963 2827 a
1017 2762 1208 2828 nobis
1258 2763 1470 2846 primo
1528 2761 1633 2827 die
1692 2769 1998 2827 excutere
2041 2762 2138 2826 fa-

219 2845 315 2911 cile
352 2856 510 2925 erat,
556 2846 673 2914 sed
704 2847 965 2932 piorum
1000 2849 1280 2913 fratrum
1312 2856 1548 2931 rogatu
1580 2868 1658 2913 ea
1688 2857 1873 2930 peste
1900 2869 2135 2932 agrum

219 2930 592 3000 Beruensem
633 2954 917 3018 purgare
959 2932 1253 2999 studium
1297 2933 1442 2998 fuit.
1514 2934 1706 2999 Nunc
1749 2955 1950 3016 quum
1995 2955 2135 2999 am-

218 3014 451 3118 biguum
494 3021 696 3086 fuerit
737 3040 1121 3119 responsum
1138 3071 1155 3100 ,
1211 3020 1535 3104 gloriatur
1589 3019 1828 3086 nebulo
1871 3040 1987 3086 vos
2031 3040 2133 3084 er-

219 3122 323 3168 ron
362 3127 475 3172 suo
519 3127 599 3172 su
876 3153 890 3169 .

356 3191 546 3273 Quod
592 3192 674 3257 de
717 3191 1092 3276 tragoediae
1136 3192 1319 3257 exitu
1354 3190 1659 3276 cupiebas
1692 3192 1837 3256 fieri
1870 3191 2130 3267 certior,

220 3276 439 3342 utinam
504 3278 572 3343 id
652 3279 721 3343 in
787 3279 1164 3363 praesentia
1224 3278 1454 3343 liceret
1529 3287 1881 3361 praestare.
1995 3275 2130 3343 Sed

217 3381 579 3447 magnopere
621 3364 809 3429 fallor
849 3365 979 3430 nisi
1014 3363 1388 3447 propediem
1432 3365 1732 3442 audiatis,
1777 3362 2131 3445 praeludiis

218 3455 437 3514 tantum
506 3447 896 3534 quibusdam
966 3449 1050 3513 ad
1118 3450 1399 3515 maiores
1478 3451 1705 3515 turbas
1772 3448 2132 3514 movendas

219 3533 356 3598 viam
394 3536 520 3603 sibi
576 3556 728 3602 eum
772 3537 1102 3602 stravisse.
1201 3536 1553 3601 Caeterum
1619 3535 1700 3600 de
1759 3545 1979 3600 vestro
2022 3555 2128 3599 re-

218 3637 417 3700 sponso
435 3622 705 3706 ignosce
727 3623 782 3686 si
827 3643 913 3687 ex
945 3622 1255 3687 interiore
1301 3623 1504 3687 animi
1542 3622 1675 3685 mei
1717 3642 1911 3687 sensu
1956 3619 2129 3704 apud

218 3711 268 3767 te
312 3705 501 3773 libere
557 3731 701 3773 sum
763 3716 1177 3791 conquestus.
1278 3708 1451 3792 Ego,
1505 3705 1674 3791 quod
1737 3726 1957 3772 meam
2015 3725 2129 3771 ex-

220 3795 649 3871 spectationem
694 3795 991 3859 frustrati
1035 3796 1212 3873 estis,
1256 3794 1581 3861 amicitiae
1618 3800 1878 3858 nostrae
1920 3791 2129 3858 liben-

220 3885 299 3939 ter
341 3880 641 3945 condon0.
742 3879 943 3962 Apud
996 3879 1157 3946 alios
1220 3879 1489 3961 perinde
1544 3878 1885 3946 dissimulo
1938 3899 2014 3945 ac
2072 3878 2129 3943 si

219 3962 355 4027 mihi
393 3968 564 4031 omni
610 3987 694 4031 ex
740 3973 925 4048 parte
968 3966 1376 4030 satisfactum
1420 3973 1611 4031 esset.

359 4050 701 4116 Caeterum
747 4053 901 4134 quia
938 4053 1158 4116 fratris
1201 4053 1328 4115 mei
1372 4071 1554 4116 socer
1580 4053 1661 4130 ¹⁰)
1708 4049 2005 4116 nonnihil
2048 4049 2128 4115 de

222 4132 327 4199 filio
378 4157 521 4214 suo,
580 4138 697 4221 qui
750 4137 916 4202 istic·
956 4137 1188 4215 alitur,
1248 4146 1350 4202 est
1402 4136 1748 4214 sollicitus,
1805 4156 2002 4219 cogor
2057 4137 2127 4201 in

220 4218 332 4314 pius
372 4225 642 4306 gratiam
680 4221 799 4288 tibi
857 4223 1173 4290 molestus
1216 4244 1374 4288 esse.
1463 4223 1687 4289 Unum
1748 4222 1869 4287 hoc
1912 4222 2028 4287 abs
2065 4231 2128 4287 te

221 4317 603 4387 mpetratum
648 4311 788 4374 eius
831 4310 1092 4374 nomine
1136 4310 1342 4392 cupio.
1392 4319 1467 4374 ut
1509 4310 1695 4392 pueri
1738 4308 2128 4391 magistrum

486 4485 565 4492 ...-

326 4595 387 4717 δῖ
416 4598 503 4652 De
530 4599 883 4668 providentia
905 4599 1074 4667 (Opp.
1111 4599 1194 4653 ed.
1221 4599 1443 4654 Sehuler
1464 4607 1525 4654 ‘et
1546 4599 1853 4685 &finimas
1886 4599 1976 4652 IV.
2006 4598 2132 4680 79.)

222 4677 348 4786 ἔξω.
366 4667 489 4790 3330
510 4671 685 4791 gener
709 4711 723 4736 ’
746 4685 850 4792 deute
875 4669 1496 4807 αἰῗὲΐὶῗβδζχζεεοεειωῖιξῇ
1531 4669 1662 4791 ,Μ36
1697 4753 1725 4790 s
1756 4670 1864 4792 1⁹⁶2
1895 4670 2131 4791 manual:

226 4750 492 4868 &hl-'oseem
534 4779 806 4862 Gendald.
844 4805 884 4859 1.
922 4806 991 4860 94
1018 4822 1090 4861 ss.
1172 4804 1307 4859 Vide
1341 4755 1525 4860 etiamp
1536 4755 2128 4875 ipsuquuuinymm

222 4871 348 4935 opud
375 4890 478 4942 nos,
519 4875 657 4944 Opp.
695 4875 842 4929 vm.
877 4874 981 4928 233
1016 4881 1068 4929 et
1104 4875 1178 4931 N.
1215 4872 1368 4929 1565.

395 4947 446 5074 7))
488 4944 729 5136 gsssvNT.
768 5012 908 5066 vm.
937 5014 1176 5082 prolem.
1212 5028 1265 5080 p.
1302 5012 1441 5077 xxii.
1916 5033 1930 5048 ·

394 5081 447 5145 8)
550 5083 561 5095 ’
597 5099 627 5136 e
672 5082 958 5137 Hauerum
1004 5082 1081 5137 N.
1120 5081 1272 5136 1586.
1365 5080 1677 5136 Meenses
1726 5087 1774 5135 et
1824 5081 2127 5135 Beruenses

226 5145 434 5211 explicite
464 5153 735 5206 severiora
769 5151 1048 5219 deprecati
1080 5157 1254 5206 erant.

342 5285 371 5295 ..
394 5217 446 5284 9)
484 5220 552 5273 In
587 5222 705 5275 suns
736 5219 981 5290 epistolis
1012 5219 1174 5274 nodo
1208 5219 1451 5274 laudatis
1482 5218 1754 5272 Fannius
1788 5219 2024 5289 loqeaitur
2059 5218 2125 5272 de

228 5281 391 5344 ‘'mm-⁹
418 5289 630 5344 medicis
665 5291 775 5345 sibi
803 5289 918 5358 ipsi
1018 5291 1229 5344 nescitis
1262 5298 1311 5343 et
1345 5304 1514 5358 nsque
1545 5289 1882 5342 necessariis.

370 5354 449 5421 10)
484 5358 749 5414 Nicolans
786 5358 859 5412 Le
897 5305 1050 5417 fecici.

1916 431 2075 493 1552
2118 428 2500 497 IANUAR.

4088 443 4213 505 254

2259 615 2343 682 ad
2384 625 2451 683 te
2494 638 2706 719 voees³
2750 618 2833 684 de
2875 618 3052 686 illius
3094 620 3389 704 profectu
3427 621 3752 720 inquiras,
3808 645 3884 690 ac
3925 628 3981 693 si
4034 649 4213 695 com-

2258 722 2477 785 penas
2533 712 2740 787 patris
2791 726 2976 789 spem
3033 713 3100 771 et
3143 714 3369 772 votum
3428 730 3498 773 m
3541 730 3617 774 eo
3670 710 3962 777 fraudari
3976 765 3992 792 ,
4047 715 4214 781 mihi

2257 788 2472 873 prima
2512 811 2769 874 quaque
2812 793 3145 859 occasione
3189 794 3534 878 significes.
3563 800 3648 874 ²¹)

3135 1388 3323 1457 1591.

2872 1543 3114 1608 BEZA
3156 1542 3592 1610 GALVINO.

2423 1712 2674 1780 Multus
2697 1719 2804 1793 est,
2848 1715 2974 1781 imo
3016 1718 3183 1780 totus
3224 1714 3296 1779 in
3338 1717 3697 1784 exaudiendo
3738 1718 3863 1784 loco
3904 1720 3982 1785 de
4015 1742 4205 1804 prae-

2248 1796 2668 1879 awannam,
2713 1801 2783 1865 in
2825 1820 2946 1883 quo
2993 1799 3297 1884 Piyhium
3337 1807 3504 1867 notat
3522 1853 3537 1882 ,
3589 1801 3924 1870 Cdvinum
3962 1807 4204 1889 laudat,

2246 1903 2432 1949 suam
2475 1887 2724 1967 exponit
2762 1887 3130 1952 sententiam
3158 1888 3388 1969 scripto
3420 1890 3860 1973 cons-iynatam,
3907 1891 4202 1960 Laus-an-

2245 1972 2538 2036 nensium
2579 1972 3064 2055 disputationem
3096 1978 3383 2039 recenset.

2246 2156 2359 2222 (Ex
2383 2159 2723 2229 autographo
2758 2159 2889 2214 Ood.
2916 2158 3154 2214 Gothani
3189 2157 3307 2225 404,
3344 2160 3434 2213 sol.
3475 2159 3590 2213 148.
3644 2161 3778 2215 Pars
3813 2163 3928 2216 folii
3964 2166 4203 2222 abscissa

2245 2233 2332 2279 est
2366 2232 2424 2280 et
2459 2243 2580 2281 eum
2617 2244 2683 2281 ea
2717 2245 2933 2298 quoque
2969 2229 3280 2310 inscriptio,
3306 2244 3374 2283 ex
3394 2246 3503 2298 qua
3537 2230 3713 2284 solum
3731 2247 3928 2312 nomen
3953 2231 4202 2292 Genevae

2243 2301 2510 2446 zm}
2528 2296 3476 2448 „fflsffltsa‘mffi
3504 2302 4200 2441 assatam&

2311 2449 2405 2501 qm
2438 2450 2547 2487 iam
2584 2436 2793 2504 ahquas
2827 2437 3046 2489 lacunas
3081 2436 3337 2504 explevit.
3411 2435 3577 2490 Plura
3609 2437 3715 2506 ipsi
3751 2441 4127 2508 tentavimus.)

2413 2603 2484 2670 S.
2532 2613 2599 2669 et
2640 2609 2917 2690 gratiam
2961 2628 3000 2671 a
3033 2604 3337 2673 Domino.
3409 2606 3489 2673 Si
3531 2608 3690 2692 quid
3734 2617 3835 2675 est
3865 2611 4042 2693 quod
4076 2612 4197 2679 tibi

2240 2709 2282 2753 a
2324 2710 2429 2755 me
2474 2691 2739 2757 concedi
2779 2714 2914 2758 non
2957 2694 3278 2776 oportuit,
3348 2693 3470 2760 hoc
3525 2694 3741 2778 ipsum
3797 2706 3896 2762 est
3938 2694 4111 2780 quod
4155 2720 4196 2763 a

2239 2795 2346 2841 me
2388 2796 2599 2859 nuper
2639 2778 3013 2862 postulasti,
3075 2787 3147 2844 ιιι
3191 2777 3272 2843 de
3330 2798 3525 2846 aureo
3580 2779 3694 2845 illo
3737 2789 3850 2847 tuo
3903 2782 4122 2849 libello
4147 2783 4197 2867 ¹)

2238 2860 2611 2928 iudicarem.
2701 2863 2839 2930 Nec
2895 2864 3070 2940 enim
3131 2884 3167 2928 e
3215 2886 3254 2929 o
3313 2864 3371 2930 is
3425 2886 3573 2931 sum
3630 2867 3742 2949 qui
3783 2869 4031 2950 possim
4074 2869 4196 2935 ali-

2237 2946 2393 3031 quid
2446 2947 2971 3016 animadvertere
3039 2886 3214 3033 quo}
3278 2951 3485 3018 aciem
3551 2958 3734 3016 tuam
3791 2954 4062 3036 fugerit:
4121 2955 4195 3020 in

2237 3033 2363 3099 hae
2406 3035 2793 3117 praesertim
2832 3037 3209 3119 quaestione
3228 3086 3243 3112 ‚
3300 3057 3469 3119 quae
3528 3043 3603 3101 ut
3658 3046 3758 3102 est
3799 3040 4196 3120 perobscura

2235 3119 2463 3184 multis
2529 3129 2598 3185 et
2660 3121 3075 3205 opinionibus
3138 3121 3432 3187 omnium
3496 3141 3704 3206 paene
3781 3124 4194 3190 saeculorum

2235 3205 2575 3290 implicita,
2621 3208 2715 3272 ita
2755 3208 2887 3272 iam
2930 3206 3086 3272 olim
3141 3228 3182 3272 a
3236 3214 3302 3273 te
3353 3216 3423 3273 et
3484 3209 3742 3292 copiose
3801 3218 3870 3274 et
3912 3208 4194 3277 dilucide

2236 3301 2339 3356 est
2381 3290 2710 3358 declarata
2753 3301 2947 3377 atque
3001 3292 3354 3376 explicata,
3412 3301 3514 3372 ut,
3575 3295 3631 3358 si
3683 3294 3840 3377 quid
3883 3295 3956 3360 in
3999 3317 4077 3362 ea
4119 3317 4193 3363 re

2236 3377 2566 3462 intelligo,
2620 3378 2687 3442 id
2730 3400 2922 3444 omne
2966 3400 3071 3444 me
3115 3401 3198 3444 ex
3239 3378 3378 3444 tuis
3420 3377 3606 3445 libris
3651 3379 3950 3447 hausisse
3991 3384 4191 3466 profi-

2236 3472 2396 3528 tear.
2487 3464 2749 3547 Itaque,
2810 3464 2978 3549 quod
3039 3464 3123 3530 ad
3178 3485 3316 3529 rem
3372 3466 3584 3549 ipsam
3627 3468 3883 3545 attinet,
3929 3488 4050 3533 nec
4094 3477 4188 3546 tu,

2234 3559 2311 3614 ut
2351 3551 2599 3633 opinor,
2649 3550 2830 3615 aliud
2874 3570 2915 3616 a
2955 3572 3061 3617 me
3097 3559 3438 3635 exspectas
3472 3572 3666 3635 quam
3712 3561 3787 3617 ut
3821 3556 4190 3618 sententiae

2235 3649 2388 3700 tuae
2414 3634 2851 3701 subscribam:
2899 3658 3021 3702 nec
3064 3636 3278 3702 facere
3321 3646 3496 3703 certe
3541 3637 3731 3702 aliter
3767 3658 4035 3721 possum
4058 3639 4188 3703 nisi

2232 3721 2647 3803 impudenter
2693 3723 2887 3788 velim
2930 3724 3213 3788 mentiri.
3302 3723 3512 3789 Porro
3555 3724 3682 3788 Dei
3726 3733 3854 3803 opt.
3900 3743 4072 3788 max.
4117 3725 4188 3788 in

2237 3806 2359 3872 hoc
2399 3808 2664 3892 neg-otio
2708 3806 3189 3892 providentiam
3248 3808 3649 3894 singularem
3701 3829 3982 3892 agnosco
4002 3861 4018 3888 ,
4076 3812 4189 3892 qui

2234 3894 2559 3976 perficiet,
2619 3914 2810 3979 spero
2831 3946 2846 3973 ,
2904 3904 2980 3958 ut
3035 3915 3119 3960 ex
3178 3895 3303 3960 hoc
3363 3904 3477 3958 tuo
3523 3893 3745 3958 labore
3803 3903 4059 3960 tantum
4105 3895 4188 3960 ad

2408 4184 2500 4249 11)
2536 4184 2628 4238 De
2662 4185 2751 4239 die
2783 4185 2913 4239 haec
2958 4184 3156 4252 accipe.
3230 4182 3325 4235 Ea:
3359 4182 3588 4251 epistola
3634 4182 3711 4238 ad
3747 4183 4027 4238 Farellum
4056 4201 4184 4254 pro·

2233 4254 2378 4306 ‘²⁶⁶⁶
2390 4261 2678 4377 Qowme,
2695 4254 2969 4376 ⁰⁰²3&
3017 4250 3315 4374 Μ”ἕωῗᾶῗ
3343 4259 3498 4373 «1Ἲῖ
3524 4250 3663 4374 ’ῗᾶἶῗ
3700 4254 4190 4392 ῗέἑῖἒῖἔωαῑὲιῖῖ·

2654 4339 2728 4376 m
2817 4361 2828 4372 .
3042 4359 3055 4373 .
3383 4360 3397 4375 .
3502 4361 3516 4375 .
3661 4360 3673 4371 .
3901 4362 3915 4386 ‚
3991 4339 4008 4374 ι

2235 4405 2292 4444 se
2380 4339 2722 4446 moene-3⁸03
2755 4337 3041 4458 scripsisesg
3074 4388 3261 4443 maso
3294 4396 3423 4443 ante
3456 4397 3723 4458 receptam
3751 4389 3964 4444 Far-elli
3994 4393 4185 4460 episto·

2234 4460 2360 4512 lam.
2440 4459 2635 4514 Verum
2669 4476 2782 4515 non
2814 4459 2989 4514 solum
3024 4458 3218 4528 Henry
3252 4457 3348 4511 111.
3386 4455 3454 4511 67
3488 4466 3600 4512 not.
3639 4457 3695 4524 1,
3740 4458 3838 4512 sed
3870 4465 3922 4513 et
3953 4459 4189 4515 Hessius

2236 4527 2412 4593 (Ball.
2450 4527 2523 4581 11.
2560 4527 2657 4589 44)
2691 4528 2836 4582 diem
2867 4525 2953 4580 21.
2993 4526 3119 4580 Ian.
3153 4526 3490 4582 adscribunt.
3569 4524 3728 4594 Quod
3760 4527 3905 4582 unde
3951 4528 4188 4584 habeant

2232 4599 2516 4650 meinans.
2603 4597 2827 4651 Videtur
2862 4603 3041 4650 tamen
3074 4596 3163 4650 hie
3209 4595 3588 4664 autographon
3631 4597 3936 4662 inspexisse
3981 4595 4185 4663 Turiei,

2232 4665 2380 4735 quod
2410 4671 2630 4721 nosve-9
2661 4666 2844 4721 oeulos
2863 4666 2902 4731 f
2978 4665 2989 4676 ‘
3040 4670 3093 4717 et
3124 4679 3236 4719 non
3270 4667 3332 4718 in
3351 4664 3611 4718 Archivis
3639 4664 3876 4732 publicis
3908 4669 4189 4720 asservari

2233 4733 2466 4789 videtur.
2537 4733 2696 4789 Dicit
2728 4736 2870 4789 enim
2962 4734 3286 4802 aninam*
3320 4734 3382 4802 in
3414 4740 3564 4799 temo
3598 4734 3913 4801 seripsisse=
3967 4735 4181 4803 Episto-

2235 4805 2343 4857 lan
2391 4804 2493 4858 soli
2543 4804 2676 4858 mihi
2721 4804 2933 4856 servavi
2980 4819 3080 4856 nee
3124 4801 3518 4857 communicavi
3562 4801 3839 4856 fratribus,
3908 4802 3970 4868 (Ι.
4010 4820 4065 4871 p.
4113 4802 4182 4855 45

2233 4875 2370 4940 not.)
2454 4872 2614 4927 Vides
2649 4873 2828 4926 virum
2861 4872 3138 4926 honestum
3183 4877 3234 4925 et
3266 4872 3446 4925 mitem
3493 4871 3664 4925 oleum
3699 4873 3822 4942 ἐφη·
3852 4871 4053 4925 addere
4085 4887 4179 4923 no-

2233 4942 2401 4995 luisse
2450 4940 2671 4995 Calvisii
2797 4942 2809 4954 '
2993 4957 3112 4995 cum
3171 4939 3385 5008 collegis
3430 4941 3841 4995 communicata.
3929 4938 4012 5007 Cf.
4063 4940 4182 4993 eius

2230 5024 2553 5078 responsum
2587 5010 2669 5063 20.
2760 5012 2869 5065 ὠν.
2903 5010 3108 5064 dam.
3186 5007 3339 5077 Quae
3372 5009 3427 5062 si
3458 5023 3649 5063 revera
3684 5011 3765 5063 ita
3800 5013 3927 5061 sunt
3961 5009 4055 5060 vix
4088 5023 4178 5060 ne·

2228 5080 2359 5148 ραν-ἰ
2386 5080 2583 5147 poterit
2622 5079 2906 5134 Calvinum
2939 5078 3162 5133 Fas-ello
3193 5079 3470 5133 mentitum
3504 5092 3630 5144 esse,
3737 5092 3830 5130 aa·
3863 5089 4181 5143 responsum

2224 5150 2389 5218 prius
2419 5149 2645 5202 nissum
2679 5148 2880 5202 diceret
2924 5163 3089 5216 quam
3131 5148 3313 5216 ipsum
3358 5148 3572 5201 amicus
3617 5162 3653 5200 a
3738 5145 4178 5212 compescendum

2230 5219 2474 5271 animun
2508 5217 2760 5272 honam
2793 5219 2882 5271 sit.
2952 5218 3051 5270 Al·
3171 5217 3181 5228 ‘
3263 5216 3332 5269 de
3363 5216 3592 5284 epistola
3630 5213 3841 5268 Fau-elli
3872 5213 4060 5284 aliqua
4094 5231 4176 5270 re-

2227 5288 2461 5341 centiore
2496 5286 2535 5340 d
2657 5286 2778 5341 dita
2808 5286 3046 5354 cogitare
3238 5300 3311 5342 es.

2174 5313 2180 5413 Ι
2229 5354 2402 5416 1591,
2442 5356 2496 5419 l)
2598 5370 2625 5408 e
2657 5361 2880 5410 aeterna
2916 5353 3029 5409 Dei
3057 5353 3566 5423 praedestinatione.
