4900 6167
741 432 863 497 431

740 620 834 687 Et
864 616 1091 703 magni
1122 616 1415 694 interest,
1459 613 1759 683 celeriter
1792 623 1859 681 te
1893 613 1977 680 ad
2010 636 2172 699 opus
2204 613 2371 680 illud
2405 614 2678 699 accingi,

740 702 918 789 quod
981 700 1290 802 eeclesiae
1344 699 1474 766 Dei
1541 700 1690 784 plus
1755 721 1953 786 quam
2026 701 2464 767 necessarium
2536 721 2679 799 esse

736 811 906 955 235?
905 784 1411 957 3331>ssss
1448 808 1676 938 ‘w
1683 807 2102 970 ..ἓῗέἒῗωω
2114 785 2678 956 ῗέἕηὲθζῑέἔ

738 959 937 1027 Hane
1001 956 1339 1042 epistolam
1355 1009 1372 1036 ,
1489 978 1651 1023 uum
1714 958 1878 1022 mihi
1947 967 2202 1041 tempus
2257 957 2678 1042 sesquihorae

743 1044 1026 1113 nuncius
1071 1043 1284 1121 daret,
1341 1065 1424 1109 ex
1493 1051 1635 1109 ecto
1691 1043 1934 1109 dictare
1975 1048 2238 1110 coactus
2279 1064 2445 1108 sum.
2535 1043 2678 1108 Ex-

742 1153 903 1199 cusa
942 1131 1164 1216 igitur,
1207 1128 1382 1214 quod
1424 1150 1558 1195 non
1600 1150 1748 1194 mea
1788 1129 2006 1213 potius
2047 1150 2267 1195 manu.
2332 1128 2504 1194 Vale
2547 1128 2680 1194 exi-

741 1218 875 1284 mie
921 1217 1026 1282 vir
1077 1223 1143 1281 et
1198 1215 1404 1281 frater
1458 1236 1539 1280 ex
1595 1214 1815 1280 animo
1859 1213 2142 1280 colende.
2230 1214 2559 1281 Dominus
2612 1226 2678 1278 te

821 1302 983 1368 iritu
1043 1301 1291 1367 consilii
1362 1308 1430 1367 et
1495 1299 1895 1366 fortitudinis
1960 1299 2310 1385 gubernet,
2380 1320 2466 1365 ne
2522 1298 2679 1383 quid

739 1388 863 1454 tibi
907 1386 1086 1454 aliud
1145 1387 1547 1472 propositum
1604 1387 1691 1452 sit
1745 1406 1942 1470 quam
1996 1384 2329 1451 illustrare
2374 1394 2678 1451 sanctum

740 1476 881 1541 eius
924 1493 1181 1539 nomen.
1268 1473 1332 1539 N
1334 1473 1474 1539 onis
1517 1471 1900 1539 Decembris
1948 1474 2129 1538 1552.

1503 1769 1702 1775 -·———-.-
1755 1768 1900 1775 Ἥ

1617 1982 1812 2054 1683.

1256 2119 1657 2189 VIRETUS
1702 2122 2165 2189 FARELLO.

915 2294 1019 2359 De
1068 2296 1250 2361 novis
1301 2294 1619 2359 ministris
1669 2312 1746 2359 a
1803 2291 2087 2359 Helvetia
2147 2292 2684 2379 Monbelqardiam

742 2383 989 2460 voeatis,
1016 2380 1489 2464 praetermissis
1523 2379 1610 2443 iis
1643 2378 1755 2460 qui
1787 2378 1937 2445 olim
1969 2379 2040 2443 ob
2085 2380 2354 2447 Interim
2385 2381 2683 2463 repudia-

740 2474 874 2534 tum
913 2467 1168 2536 dimissi
1207 2467 1476 2547 fuerant.

747 2640 861 2704 (Ex
912 2638 1248 2708 autographo
1283 2633 1657 2689 Bibliothecae
1689 2640 1970 2704 pastorum
2006 2634 2468 2691 Neocomensium.
2538 2637 2680 2707 Epp.

1400 2704 1576 2758 Vireti
1609 2704 1736 2757 fiac.
1774 2702 1872 2757 VI.
1911 2702 2020 2770 13.)

908 2861 1174 2927 Eximio
1228 2860 1381 2927 Iesu
1435 2857 1688 2925 christi
1757 2879 1950 2924 servo
2008 2858 2365 2926 Guih'elmo
2419 2859 2684 2925 Farello

745 2946 1208 3014 Neooomensis
1263 2945 1568 3012 ecclesiae
1621 2943 1865 3027 pastori
1920 2945 2112 3011 fratri
2168 2955 2236 3012 et
2278 2953 2686 3030 symmystae

745 3033 1102 3119 plurimum
1145 3030 1546 3099 observando
2184 3116 2513 3181 Nmmi·

910 3258 982 3327 S.
1051 3256 1233 3340 Quid
1276 3265 1494 3322 tecum
1536 3261 1603 3319 et
1645 3274 1796 3321 cum
1834 3250 2096 3320 Calvino
2138 3252 2348 3337 egerit
2384 3252 2689 3320 minister

741 3347 852 3414 ille
895 3346 1006 3430 qui
1065 3364 1219 3411 cum
1273 3340 1483 3407 literis
1540 3338 1624 3406 ad
1682 3360 1805 3407 nos
1846 3338 2088 3404 missus
2146 3346 2248 3403 est
2298 3360 2338 3403 a
2387 3338 2682 3419 TessanO,

739 3442 808 3501 et
850 3452 1011 3516 quos
1051 3448 1274 3495 secum
1316 3425 1662 3493 abduxerit
1704 3424 2061 3502 ministros,
2103 3422 2282 3490 haud
2315 3423 2479 3490 satis
2513 3445 2687 3490 com-

735 3526 1001 3605 pertum
1055 3512 1293 3592 habe0,
1350 3511 1476 3579 nisi
1532 3509 1614 3576 de
1673 3508 1926 3576 duobus
1992 3530 2153 3593 quos
2204 3510 2328 3576 sibi
2383 3507 2689 3576 adiunxit

736 3603 1006 3674 consilio
1059 3598 1186 3668 coll
1269 3597 1365 3664 uii
1416 3595 1672 3663 Orbani
1721 3595 2000 3662 fratrum
2015 3646 2032 3674 ,
2107 3595 2188 3662 de
2257 3595 2493 3680 quibus
2551 3617 2686 3662 non

729 3691 912 3759 male
953 3707 1160 3771 spero.
1304 3681 1387 3751 ed
1431 3681 1633 3748 miror
1675 3680 1865 3748 valde
1922 3680 2095 3765 quod
2136 3680 2265 3749 huo
2307 3702 2442 3747 non
2484 3703 2686 3749 vene-

747 3778 873 3856 rit,
941 3796 1011 3841 se
1067 3779 1286 3839 autem
1302 3823 1321 3852 ‚
1393 3776 1471 3835 ut
1526 3766 1722 3834 audio
1741 3817 1758 3844 ,
1831 3765 1915 3834 ad
1971 3766 2292 3834 Gaienses
2347 3769 2683 3852 receperit.

745 3860 962 3928 Valde
1004 3867 1225 3924 metuo
1267 3877 1352 3922 ne
1396 3852 1651 3922 accidat
1701 3853 1979 3920 Tossane
2022 3851 2193 3937 quod
2235 3854 2476 3919 metuit
2489 3906 2506 3934 ,
2570 3875 2686 3920 ne-

733 3968 866 4034 que
908 3945 1069 4013 satis
1103 3943 1421 4010 coniicere
1456 3959 1721 4025 possum
1754 3939 1912 4023 quid
1944 3938 2199 4006 consilii
2232 3960 2307 4006 ce
2391 3940 2482 4003 rit
2513 3961 2686 4005 nun-

739 4033 888 4103 cius
905 4083 920 4109 ,
976 4027 1143 4116 quod
1202 4028 1282 4094 iis
1323 4025 1804 4111 praetermissis
1818 4076 1835 4104 ,
1896 4024 1979 4089 ad
2034 4046 2197 4107 quos
2238 4045 2480 4091 missus
2523 4032 2683 4103 erat,

735 4119 826 4187 ad
869 4117 1034 4184 alios
1074 4113 1433 4182 accesserit.
1520 4111 1746 4178 Huius
1802 4117 1869 4175 te
1912 4110 2092 4177 volui
2136 4110 2549 4177 admonitum
2590 4119 2683 4191 ut,

739 4199 1303 4358 {Efffl‘lffiss'lffl
1336 4195 2684 4368 ssmgggossgffimrffiggg

1049 4310 1152 4354 nsi
1290 4335 1305 4362 ,
2665 4332 2682 4349 .

743 4310 1080 4444 Nagartibi
1120 4371 1366 4439 isthinc
1422 4368 1678 4436 facilius
1735 4376 1838 4434 est
1892 4366 2118 4434 literas
2175 4374 2436 4434 mittere
2488 4389 2685 4453 quam

745 4461 935 4529 nobis
977 4459 1149 4526 hinc.
1237 4459 1590 4523 Praeterea
1634 4452 1970 4522 Masculus
2012 4453 2311 4534 miratur,
2356 4474 2480 4521 nec
2523 4455 2686 4521 satis

742 4547 980 4635 probat
1021 4543 1273 4610 nullam
1316 4541 1396 4607 de
1438 4541 1521 4607 iis
1563 4537 1939 4625 repetendis
1972 4546 2040 4606 et
2074 4539 2460 4607 revocandis
2503 4561 2686 4606 men-

742 4634 993 4702 tionem
1035 4630 1197 4709 fieri,
1242 4629 1352 4714 qui
1401 4624 1554 4693 inde
1588 4646 1722 4691 non
1757 4624 1970 4692 solum
2005 4623 2255 4693 dimissi
2291 4632 2467 4704 sunt,
2513 4624 2687 4709 quod

744 4719 975 4791 cedere
1016 4715 1376 4782 maluerint
1406 4734 1607 4798 quam
1638 4711 1879 4796 impiae
1913 4711 2244 4778 doctrinae
2278 4712 2688 4779 subscribere

743 4806 863 4877 sed
904 4804 1099 4870 etiam
1136 4799 1355 4867 ornati
1396 4798 1731 4884 praeclaro
1774 4797 2087 4882 principis
2121 4805 2191 4864 et
2231 4797 2689 4866 ministrorum

739 4888 1133 4960 testimonio.
1241 4884 1412 4950 Nam
1474 4886 1532 4951 si
1590 4881 1758 4949 illud
1818 4904 1952 4949 non
2017 4882 2436 4951 merebantur
2506 4885 2690 4949 testi·

741 4976 1036 5046 monium
1054 5025 1073 5054 ‚
1129 4971 1272 5037 dari
1322 4990 1453 5035 non
1503 4968 1761 5036 debuit:
1818 4969 1875 5035 si
1917 4970 2352 5052 merebantur,
2393 4978 2688 5055 praeter-

747 5054 1698 5213 ffli‘ffifismwssssflffii
1729 5055 2290 5228 *mim-“gnffl'ffi
2346 5055 2688 5208 ”lfflffi

751 5171 828 5215 ιιι
1698 5163 1796 5208 na
2242 5164 2369 5209 sun

748 5243 818 5300 te
858 5234 1036 5299 nolui
1079 5231 1413 5315 ignorare,
1470 5237 1547 5292 ut
1604 5225 1958 5310 dispiceres
1999 5250 2085 5294 an
2129 5250 2209 5295 ea
2250 5226 2331 5294 de
2373 5249 2445 5294 re
2488 5248 2687 5311 expe-

755 5318 893 5386 diat
965 5317 1314 5383 Tossanum
1382 5310 1733 5380 admonere
1750 5365 1769 5394 ‚
1837 5314 2011 5398 quod
2078 5315 2347 5381 omnino
2419 5313 2687 5380 videtur

2146 421 2665 492 EPISTOLAE
2717 423 3140 489 1682—1684

4557 430 4666 491 432

2784 608 3075 677 Musculo
3117 630 3258 677 esse
3300 608 3693 676 faciendum.
3750 645 4668 661 ————————

2781 696 3177 763 Lausannae
3219 700 3276 760 5.
3325 696 3633 762 Decemb.
3685 699 3867 761 1552.

3660 814 3666 818 ἢ
3752 832 3935 910 'I'uus
3976 831 4217 897 Petrus
4259 831 4527 897 Viretus.

3663 1340 3852 1411 1684.

3216 1476 3689 1547 GALVINUS
3734 1477 4283 1546 DRYANDRO.

2958 1649 3118 1732 Ayit
3146 1648 3428 1729 monum
3459 1650 3538 1715 de
3567 1649 3917 1732 sumptibus
3948 1651 4020 1715 in
4054 1650 4315 1716 editione
4341 1649 4484 1715 libri
4514 1651 4689 1715 cetius-

2786 1736 2936 1801 dam
2969 1733 3305 1817 Dryandri
3342 1735 3666 1817 faciendis,
3711 1755 3863 1817 quos
3901 1735 4180 1802 Genevae
4211 1755 4384 1801 nemo
4414 1736 4687 1818 suscipere

2786 1820 2937 1885 vult.
3028 1819 3186 1885 Inde
3226 1820 3299 1884 in
3339 1820 3624 1902 querelas
3665 1820 3978 1887 delabitur
4035 1821 4112 1886 de
4152 1825 4492 1901 temporum
4527 1822 4687 1885 mise·

2787 1907 2910 1986 ria,
2953 1910 3012 1972 et
3050 1925 3235 1971 suam
3276 1906 3756 1973 moderationem
3789 1911 3844 1972 et
3872 1906 4251 1988 patientiam
4283 1907 4355 1971 in
4385 1906 4690 1971 tradendis

2786 1991 3179 2057 adversariis
3208 1992 3554 2073 praedicat,
3596 1992 3791 2057 simul
3845 1993 4085 2058 eosdem
4124 1991 4388 2075 valqiter
4420 1991 4691 2073 perstrin-

2784 2098 2955 2161 9ens,
2993 2080 3277 2144 narratis
3317 2078 3754 2145 recentissimis
3785 2097 3928 2143 eum
3966 2077 4260 2144 Trouieto
4302 2077 4560 2159 aliisque
4588 2076 4694 2140 dis·

2787 2161 3251 2245 eeptationibus.

2789 2332 4696 2482 &remissioresassisteretis&

2789 2473 3019 2542 praebet
3052 2469 3182 2527 Cod-
3234 2469 3363 2537 111,
3409 2471 3503 2526 fol.
3555 2469 3675 2523 264.
3745 2469 4005 2524 Simlerus
4050 2470 4171 2526 Vol.
4218 2469 4288 2524 78
4333 2470 4602 2537 descnpmt
4640 2483 4696 2519 ex

3401 2555 3524 2609 epp.
3558 2541 3722 2593 Bern.
3759 2538 3849 2593 vl.
3885 2556 3937 2607 p.
3974 2537 4118 2604 250.)

2960 2706 3031 2775 S.
3107 2709 3184 2777 Si
3227 2709 3347 2776 tibi
3403 2709 3722 2776 hactenus
3776 2709 4054 2776 molesta
4110 2710 4239 2775 fuit
4294 2730 4439 2774 mea
4502 2708 4569 2772 in
4614 2725 4698 2770 re-

2790 2793 3166 2879 spondendo
3211 2794 3505 2874 tarditas,
3551 2794 3718 2859 nihil
3761 2796 4021 2860 mirum.
4049 2797 4096 2874 ¹)
4186 2795 4360 2860 Nam
4418 2793 4536 2859 etsi
4584 2811 4697 2855 me·

2790 2902 2942 2947 cum
2984 2901 3117 2947 non
3159 2879 3556 2963 expostulas,
3599 2901 3733 2945 non
3777 2890 4000 2946 tamen
4042 2880 4382 2947 dissimulo
4424 2879 4572 2964 quin
4612 2896 4698 2940 me

2790 2966 3107 3051 long-ioris
3148 2986 3345 3049 quam
3387 2985 3509 3048 par
3551 2966 3639 3031 sit
3671 2986 3893 3032 morae
3925 2966 4183 3050 pudeat.
4256 2967 4538 3033 Tantum
4576 2969 4698 3046 peto

2791 3073 2876 3118 ne
2921 3050 3080 3118 adeo
3119 3072 3226 3116 me
3270 3051 3584 3136 ignavum
3630 3057 3699 3117 et
3754 3051 4188 3118 inhumanum
4250 3052 4448 3119 fuisse
4504 3048 4698 3115 existi·

2790 3159 2957 3215 mes,
3015 3143 3091 3203 ut
3132 3137 3425 3202 officium
3439 3187 3456 3215 ,
3515 3136 3687 3221 quod
3746 3144 3816 3202 et
3857 3137 3977 3202 tibi
4021 3147 4086 3202 et
4129 3146 4359 3203 sancto
4415 3147 4524 3202 tuo
4575 3141 4698 3199 voto

2792 3223 3066 3289 debetur
3079 3273 3095 3301 ,
3141 3222 3562 3307 neglecturus
3604 3223 3841 3287 fuerim
3855 3273 3870 3300 ,
3929 3224 3987 3288 si
4050 3224 4199 3288 data
4260 3230 4434 3289 esset
4483 3219 4698 3287 occasio

2792 3320 2859 3373 et
2893 3308 3194 3375 facultas:
3241 3307 3356 3374 sed
3398 3327 3564 3386 raro,
3609 3306 3782 3391 quod
3825 3309 4046 3387 sciam,
4094 3309 4221 3375 hoc
4262 3308 4528 3374 adverso
4567 3314 4699 3370 tem-

2792 3414 2949 3477 pore
2991 3392 3145 3459 hinc
3188 3394 3271 3459 ad
3316 3415 3431 3459 vos
3476 3401 3842 3459 commeant
3897 3392 4132 3476 quibus
4175 3394 4404 3460 literas
4447 3391 4699 3458 commit·

2791 3487 2928 3544 tere
2971 3477 3263 3545 audeam.
3352 3477 3542 3544 Adde
3583 3478 3756 3563 quod
3799 3478 4049 3545 obstitit
4090 3480 4237 3545 eius
4283 3499 4477 3563 quam
4513 3483 4698 3560 optas-

2791 3586 2931 3631 sem
2971 3565 3045 3629 in
3079 3563 3420 3632 scribendo
3477 3565 3792 3630 materiae
3847 3565 4127 3648 penuria
4183 3565 4531 3649 quominus
4578 3579 4699 3645 pro·

2789 3670 3108 3734 perarem.

2962 3737 3068 3802 De
3110 3735 3373 3821 negotio
3417 3735 3590 3819 quod
3629 3734 4064 3802 mandaveras
4119 3756 4273 3801 cum
4319 3743 4464 3802 octo
4505 3730 4700 3798 amicis

2791 3821 2899 3888 vel
2946 3820 3241 3905 pluribus
3305 3820 3716 3905 colloquutus
3774 3842 3939 3887 sum.
4030 3819 4416 3904 Stephanus
4475 3819 4700 3884 Trem-

2788 3908 2951 3974 leius
2968 3909 3027 4007 ²)
3070 3913 3292 3972 manet
3334 3908 3402 3971 in
3450 3906 3792 3972 sententia.
3882 3905 4066 3971 Alios
4108 3906 4334 3972 minus
4378 3919 4701 3990 propensos

2789 3995 3034 4073 invem,
3077 3992 3322 4077 partim
3358 3992 3517 4076 'quia
3558 4013 3732 4058 nunc
3819 3992 3963 4055 auci
4010 3999 4166 4056 sunt
4210 3991 4449 4077 quibus
4483 3987 4562 4054 ad
4590 4004 4702 4051 ma-

2791 4100 2953 4145 num
2994 4084 3304 4162 suppetat
3360 4078 3634 4144 facultas
3679 4012 3862 4156 (alitbi
3915 4077 4092 4141 enim
4146 4099 4335 4143 suam
4392 4073 4701 4168 1>oequ

2789 4165 3253 4243 collocarunt),
3298 4164 3540 4247 partim
3583 4162 3752 4246 quod
3796 4161 3972 4227 lenta
4015 4170 4082 4225 et
4124 4161 4409 4229 difficilis
4451 4162 4581 4226 fore
4618 4177 4700 4220 vi·

2790 4249 2983 4315 detur
3023 4248 3338 4316 librorum
3383 4247 3716 4315 distractio
3734 4300 3751 4327 ,
3803 4247 4044 4331 partim
4088 4247 4263 4332 qnod
4306 4253 4600 4314 metuunt
4633 4261 4701 4307 ne

2791 4343 3176 4419 sumptuum
3195 4384 3210 4413 ,
3264 4355 3424 4418 quos
3481 4334 3627 4399 fieri
3669 4354 3935 4399 necesse
3994 4335 4148 4410 erit,
4210 4331 4702 4424 magnitudinem

2789 4435 3068 4505 aequare
3110 4429 3391 4504 nequeat
3431 4419 3746 4486 librorum
3785 4419 4071 4485 venditio
4088 4469 4104 4499 ‚
4162 4421 4424 4485 etiamsi
4464 4439 4543 4484 ex
4678 4445 4701 4459 ·

2791 4508 2918 4573 tior
2980 4507 3151 4573 foret
3218 4525 3413 4590 quam
3477 4513 3756 4589 sperant.
3863 4505 4175 4590 Cogitant
4235 4506 4416 4571 enim
4478 4503 4540 4568 la
4615 4517 4701 4564 res

2791 4591 3063 4678 pridem,
3106 4598 3182 4658 ut
3223 4591 3472 4668 scribis,
3515 4592 3630 4658 abs
3671 4599 3740 4658 te
3782 4599 4144 4674 susceptos:
4204 4589 4367 4675 quid
4408 4592 4569 4656 ferat
4605 4593 4701 4680 tna

2792 4678 3096 4763 migratio
3137 4677 3561 4761 prospiciunt,
3606 4686 3673 4743 et
3715 4697 3915 4760 quam
3957 4682 4343 4760 sumptuosa
4381 4677 4594 4742 futura
4629 4677 4701 4733 elt

2792 4764 3006 4848 operis
3049 4765 3376 4840 correctio,
3420 4764 3803 4847 praesertim
3843 4783 4047 4846 quum
4089 4762 4549 4829 subsidiarium
4582 4758 4698 4823 Im·

2788 5055 2971 5112 1684.
2999 5054 3058 5120 1)
3097 5054 3350 5123 Epistola
3386 5053 3683 5125 Dryandri
3713 5052 4062 5119 datafuerat
4094 5067 4148 5110 a.
4182 5053 4237 5110 d,
4274 5053 4401 5109 111.
4432 5047 4699 5125 Kal-Not?-

2993 5123 3054 5188 2)
3089 5122 3207 5178 Sire
3252 5123 3511 5178 Estienne
3557 5122 3843 5192 Trembley
3894 5121 3963 5174 de
4020 5121 4263 5178 Chai-liet
4327 5140 4396 5178 en
4456 5121 4699 5193 Lyonnoqs

2788 5210 2927 5317 {aaz
2940 5191 3318 5329 ‚effe-,zea
3360 5189 3837 5317 essese
3873 5188 4051 5323 ss,
4071 5193 4215 5316 „bs
4281 5192 4404 5316 ..’.
4438 5189 4669 5323 ἢ...
4567 5182 4698 5312 *³³21

2791 5332 2922 5389 Not.
2954 5329 3074 5400 qe'n.
3109 5330 3180 5386 11.
3212 5329 3357 5397 288.)
