4900 6167
251 455 366 519 485

251 663 378 720 tum
417 644 798 713 inevitabile
842 642 1225 710 damnatum
1269 664 1412 711 eme
1454 645 1582 709 iam
1619 641 1776 710 inde
1808 642 1891 710 ab
1925 650 2183 729 aposto-

249 740 451 807 lorum
519 729 778 801 saeculo
838 729 1136 797 invenies
1197 730 1267 794 in
1348 730 1536 798 docta
1605 727 1723 797 illa
1789 730 2186 798 sanctissimi

249 820 550 905 martyris
604 818 773 885 Pam
822 815 967 900 hyli
1019 814 1317 901 apologia
1372 836 1490 900 pro
1554 814 1860 902 Origene.
1962 816 2181 884 Mani-

249 913 483 980 chacus
517 910 754 973 conten
800 902 953 969 ebat
973 901 1195 968 omnia
1227 900 1373 968 fieri
1407 902 1796 969 necessitate
1832 922 1953 970 nec
1987 903 2184 970 vitari

247 1015 425 1087 posse
447 990 718 1058 malum.
742 988 916 1054 Nam
933 987 1150 1054 Deum
1171 986 1507 1071 impellere
1529 986 1612 1054 ad
1633 987 2056 1071 peccandum,
2080 989 2182 1056 cui

247 1101 431 1153 nemo
473 1077 680 1163 possit
721 1076 1045 1141 resistere.
1134 1071 1469 1140 Admonet
1522 1093 1749 1139 omnes
1792 1073 2183 1158 disputatio-

248 1190 387 1238 nem
435 1164 519 1230 ad
564 1163 900 1228 Romanos
945 1163 983 1224 9
1028 1180 1161 1226 non
1221 1167 1523 1243 oportere
1576 1159 1777 1226 latius
1832 1159 2185 1228 extendere

248 1276 433 1344 quam
478 1252 620 1335 ipse
662 1247 972 1315 instituit.
1060 1245 1250 1312 Alios
1293 1251 1592 1329 oportere
1640 1244 1812 1313 locos
1869 1265 2020 1312 cum
2062 1247 2186 1315 hoc

248 1342 563 1416 conferre,
620 1334 731 1401 ubi
787 1333 870 1399 de
923 1332 1152 1398 eadem
1198 1352 1268 1398 re
1314 1331 1707 1415 disputavit,
1763 1337 1837 1398 ut
1880 1354 2031 1399 eum
2075 1331 2186 1417 qui

249 1437 341 1496 est
383 1430 443 1491 2.
493 1420 642 1490 cor.
690 1426 729 1485 4
787 1430 853 1485 et
918 1423 943 1483 l
1006 1418 1090 1484 ad
1147 1417 1429 1484 Timoth.
1481 1423 1533 1483 l.
1581 1422 1618 1481 2
1664 1427 1730 1485 et
1773 1426 1846 1498 4,
1901 1420 2187 1485 maxime

246 1535 394 1582 vero
440 1512 513 1575 in
557 1511 614 1572 2.
662 1505 830 1571 Tim.
880 1508 937 1569 2.

409 1596 720 1662 Liberum
756 1591 1101 1658 arbitrium
1147 1589 1433 1656 hominis
1469 1588 1919 1657 consideratur
1952 1610 2187 1656 secun-

249 1687 398 1753 dum
445 1679 770 1766 triplicem
831 1678 973 1743 eius
1033 1683 1311 1752 statum,
1373 1674 1679 1743 videlicet
1733 1676 1947 1760 qualis
1990 1677 2192 1742 fuerit

249 1783 393 1839 ante
439 1769 700 1854 lapsum
717 1817 734 1845 ,
794 1762 1008 1847 qualis
1062 1771 1210 1846 post
1268 1762 1523 1846 lapsum
1579 1760 1850 1828 homine
1894 1761 2188 1829 nondum

247 1867 501 1930 renate,
552 1858 620 1917 et
706 1850 873 1916 ualis
915 1848 1183 1914 homine
1226 1857 1472 1914 renato.
1560 1847 1742 1915 Hinc
1785 1848 1962 1915 enim
2004 1848 2193 1915 nulla

246 1967 388 2013 eum
451 1939 626 2006 diffie
698 1945 835 2002 tate
893 1934 1147 2001 dicetur
1213 1944 1539 2017 quatenus
1606 1934 1804 2000 homo
1859 1935 1946 2000 sit
1999 1934 2193 2001 liberi

247 2028 529 2103 arbitrii,
575 2033 898 2108 qnatenus
944 2041 1075 2087 non
1119 2022 1220 2085 sit.
1313 2021 1491 2085 Ante
1534 2020 1791 2104 lapsum
1837 2020 2190 2100 hominem,

244 2121 580 2203 parentem
625 2112 692 2175 in
740 2129 894 2174 uam
933 2114 1251 2185 nostrum,
1294 2105 1840 2190 perfectissimum
1883 2106 2083 2172 fuisse
2126 2117 2194 2173 et

246 2224 356 2290 per
399 2197 624 2265 omnia
667 2196 716 2260 li
798 2195 857 2258 ri
902 2192 1171 2271 arbitrii,
1217 2193 1544 2275 scriptura
1584 2190 1828 2259 diserte
1863 2191 2022 2260 dicit
2055 2192 2192 2258 Ge-

245 2311 372 2355 nes.
439 2291 465 2348 1
533 2291 601 2349 et
652 2285 712 2346 2.
811 2280 1190 2346 Ecclesiast.
1259 2284 1351 2343 15.
1452 2278 1910 2344 Necessarium
1970 2286 2194 2344 autem

249 2385 340 2442 est
381 2373 512 2437 hoo
572 2369 814 2435 diserte
858 2365 1070 2431 fateri.
1161 2365 1304 2429 Nisi
1349 2366 1526 2429 enim
1582 2363 1689 2431 hic
1746 2364 2194 2450 intellig-amus

245 2461 471 2548 probe,
547 2451 877 2522 Adamum
952 2471 992 2516 a
1043 2448 1189 2516 Deo
1251 2451 1491 2515 bonum
1564 2458 1632 2516 et
1701 2449 1984 2516 liberum
2052 2471 2195 2517 esse

245 2543 597 2621 eonditum,
644 2537 1096 2607 aberrabimus
1138 2544 1368 2620 postea
1403 2537 1474 2601 in
1511 2537 1726 2604 causis
1766 2536 2086 2603 bonorum
2129 2545 2196 2602 et

246 2632 566 2698 malorum
610 2635 678 2693 et
720 2626 864 2693 Deo
906 2624 1351 2708 impingemus
1394 2620 1567 2707 quod
1609 2630 1858 2708 pugnet
1899 2643 2048 2688 cum
2092 2623 2192 2708 ip-

249 2721 378 2785 sius
423 2725 680 2781 natura.
777 2711 874 2777 De
915 2731 1044 2794 qua
1098 2729 1171 2775 re
1226 2707 1411 2774 docte
1466 2707 1834 2792 disputavit
1875 2709 2195 2794 Augusti-

249 2825 372 2870 nus
432 2808 663 2869 eontra
717 2795 1143 2865 Manichaeos
1202 2794 1366 2860 duas
1422 2802 1698 2860 naturas
1743 2795 2194 2880 confingentes

245 2889 348 2955 lib.
396 2911 451 2955 c.
499 2885 835 2951 Iulianum
879 2883 933 2949 Ι.
981 2901 1079 2967 cp.
1127 2886 1183 2946 3.

414 2973 572 3039 Post
614 2970 870 3054 lapsum
917 2968 1169 3036 homini
1202 2968 1579 3035 intellectus
1614 2975 1680 3034 et
1715 2966 2022 3034 voluntas
2057 2986 2193 3032 non

248 3068 404 3128 sunt
446 3057 726 3130 sublata,
773 3061 849 3121 ut
892 3053 1093 3120 fuerit
1134 3060 1424 3121 mutatus
1469 3053 1539 3119 in
1582 3052 1867 3139 lapidem
1903 3053 2012 3119 vel
2047 3054 2194 3120 bes-

247 3150 404 3213 tiam
424 3147 642 3216 homo.
673 3140 787 3208 sed
809 3140 1186 3207 intellectus
1204 3140 1588 3207 obscuratus
1609 3149 1712 3205 est
1733 3140 1894 3205 adeo
1923 3148 2000 3205 ut
2023 3138 2193 3204 nibil

247 3233 449 3299 divini
468 3227 797 3315 intelligat
825 3248 1022 3312 porro
1043 3247 1125 3291 ex
1147 3226 1401 3293 viribus
1426 3227 1580 3306 suis,
1605 3226 1796 3292 sicuti
1824 3224 2195 3311 intelligere

245 3316 688 3386 conveniebat.
747 3312 831 3378 Id
867 3311 1042 3399 quod
1065 3322 1132 3377 et
1158 3312 1485 3397 apostolus
1514 3311 1683 3378 dixit
1729 3319 1745 3373 l
1783 3310 1931 3379 Oor.
1958 3315 2013 3376 2.
2085 3312 2194 3377 Ex

241 3405 448 3471 libera
491 3412 712 3468 autem
762 3398 1101 3466 voluntate
1145 3399 1317 3464 facta
1371 3404 1474 3464 est
1524 3417 1791 3480 prorsus
1841 3417 2032 3463 serva
2079 3418 2195 3463 vo-

247 3492 479 3569 luntas,
527 3495 604 3554 ut
646 3488 841 3552 homo
884 3485 1016 3550 iam
1062 3504 1195 3550 non
1242 3492 1503 3550 tantum
1544 3485 1632 3549 sit
1667 3482 1749 3548 ad
1793 3483 2194 3567 peccandum

246 3576 572 3663 proclivis,
618 3572 732 3640 sed
776 3571 1095 3638 obnoxius
1118 3577 1382 3655 peccato
1427 3577 1493 3634 et
1534 3568 1844 3635 venditus
1888 3570 2008 3636 sub
2043 3591 2194 3655 pec-

249 3677 484 3728 catum.
574 3660 768 3726 Rom.
817 3661 854 3719 7
900 3666 967 3723 et
1010 3660 1068 3722 8.
1159 3657 1250 3722 Et
1292 3655 1417 3721 hac
1459 3655 1722 3740 quidem
1767 3664 1956 3739 parte
1997 3655 2195 3722 homo

246 3770 372 3813 non
419 3755 518 3813 est
561 3744 750 3811 liberi
795 3742 1069 3810 arbitrii.
1144 3743 1233 3809 Et
1277 3741 1544 3807 omnino
1587 3761 1819 3807 rursus
1862 3750 1963 3806 est
2005 3741 2193 3809 liberi

249 3833 515 3900 arbitrii.
618 3831 812 3913 Quod
872 3830 1052 3895 enim
1113 3828 1363 3894 malum
1415 3835 1485 3893 et
1541 3836 1881 3911 peccatum
1935 3827 2192 3906 attinet,

245 3920 433 3985 homo
472 3940 604 3985 non
649 3925 911 3983 coactus
956 3915 1072 3983 sed
1115 3936 1237 3981 sua
1278 3922 1509 3999 sponte
1554 3921 1622 3980 et
1679 3920 1922 3979 natura
1968 3932 2192 3996 poeca-

249 4015 384 4070 tum
430 4010 760 4091 operatur.
848 4002 997 4067 Nou
1057 4002 1235 4067 enim
1289 4000 1549 4086 cogitur
1595 3998 1793 4065 homo
1839 3998 1922 4065 ad
1965 4019 2192 4082 pecca-

245 4099 398 4157 tum.
487 4089 661 4156 Nam
707 4088 1038 4173 corruptio
1093 4108 1175 4152 ex
1229 4094 1439 4154 semet
1490 4087 1633 4170 ipsa
1691 4084 1866 4150 ultro
1920 4105 2189 4170 corrup·

244 4178 483 4243 tionem
528 4184 853 4259 operatur.
947 4172 1272 4258 Corrupta
1317 4193 1500 4239 mens
1544 4169 1983 4256 corruptelam
2026 4171 2188 4238 obii-

246 4265 346 4343 cit,
379 4262 686 4330 voluntas
706 4258 1143 4344 corruptionis
1179 4259 1416 4343 cupida
1449 4257 1682 4342 cupide
1718 4257 1904 4342 eligit
1938 4263 2005 4324 et
2040 4278 2188 4341 per-

248 4351 531 4434 sequitur
600 4346 1105 4430 corruptionem.
1203 4345 1300 4412 Et
1354 4345 1450 4410 ita
1503 4364 1589 4409 ex
1646 4342 1915 4410 homine
1968 4365 2188 4427 proce·

247 4432 404 4500 dunt
444 4454 672 4500 omnes
715 4452 971 4499 errores
1015 4439 1084 4497 et
1126 4431 1348 4497 omnia
1402 4437 1686 4516 peccata,
1743 4435 1822 4494 ut
1868 4428 2035 4494 nihil
2079 4450 2188 4495 ne-

247 4541 414 4587 cesse
457 4521 545 4588 sit
586 4520 753 4586 haec
797 4517 880 4583 ad
901 4517 1126 4584 Deum
1168 4516 1595 4601 impulsorem
1630 4515 1893 4582 referre.
1963 4513 2185 4598 Quan-

246 4615 379 4671 tum
421 4626 580 4673 vero
624 4606 862 4670 attinet
907 4603 991 4670 ad
1031 4603 1314 4680 bonum,
1360 4602 1445 4668 ad
1487 4603 1715 4680 fidem,
1774 4599 1857 4666 ad
1901 4602 2186 4668 virtutes

247 4701 311 4756 et
350 4691 517 4758 bona
558 4712 785 4776 opera,
845 4711 975 4756 non
1020 4698 1197 4756 recte
1241 4687 1482 4755 iudicat
1524 4687 1605 4754 de
1648 4688 1753 4752 his
1793 4686 2185 4766 intellectus,

248 4798 358 4843 nec
399 4779 642 4844 bonum
687 4776 802 4844 sed
860 4774 1107 4842 malum
1152 4776 1398 4859 potius,
1455 4773 1629 4859 quod
1682 4781 1750 4839 et
1791 4772 1984 4839 modo
2028 4773 2185 4853 dixi,

249 4862 420 4949 eligit
461 4874 528 4930 et
570 4863 867 4948 sequitur
909 4861 1242 4928 voluntas:
1289 4858 1469 4926 unde
1505 4859 1764 4925 nullum
1798 4866 1904 4925 est
1935 4857 2188 4925 homini

247 4945 516 5016 liberum
558 4949 904 5016 arbitrium
950 4945 1033 5013 ad
1075 4947 1354 5024 bonum,
1413 4945 1666 5012 homini
1713 4946 1981 5029 inquam
2025 4965 2187 5011 non-

251 5034 392 5099 dum
451 5048 697 5102 renato.
795 5033 1094 5115 Reliquit
1156 5053 1316 5098 sane
1368 5032 1553 5098 Deus
1623 5053 1706 5096 ex
1770 5050 2013 5115 magna
2069 5053 2189 5096 sua

254 5123 446 5202 gratia
489 5122 860 5208 ingenium,
921 5119 1281 5203 plurimum
1326 5117 1577 5184 distans
1634 5136 1674 5180 a
1716 5115 2037 5200 pecudum
2082 5116 2186 5181 in-

252 5205 518 5286 tellectu,
564 5207 736 5291 quod
776 5214 842 5272 et
876 5205 1176 5273 excolere
1217 5205 1418 5284 iubet,
1463 5210 1530 5270 et
1566 5201 1738 5268 dona
1780 5223 1900 5268 sua
1934 5208 2002 5266 et
2035 5223 2183 5285 pro-

253 5289 441 5358 fectus
486 5294 685 5360 addit.
776 5292 1004 5375 Neque
1055 5291 1232 5357 enim
1277 5290 1381 5357 vel
1427 5295 1600 5356 artes
1643 5288 1715 5353 in
1759 5294 1984 5354 nostra
2027 5296 2186 5355 sunt

255 5376 562 5445 facultate.
655 5377 983 5443 Viderunt
1027 5377 1151 5446 hoc
1194 5376 1437 5444 ethnici
1491 5375 1602 5460 qui
1655 5374 2031 5441 inventores
2078 5395 2183 5442 ar-

1990 457 2151 520 1653
2193 455 2476 523 MART.

4107 470 4235 533 486

2287 644 2457 711 tium
2500 643 2728 712 dixere
2771 644 2943 713 deos.
3031 646 3114 712 In
3159 647 3353 716 rebus
3394 658 3614 717 autem
3659 653 4108 737 spiritualibus
4151 677 4241 723 ne

2287 731 2576 816 cogitare
2630 730 2894 816 quidem
2953 731 3201 800 bonum
3258 755 3342 799 ex
3395 736 3579 804 nobis
3634 738 3792 822 ipsis
3862 761 4234 823 possumus.

2286 817 2369 883 Id
2412 816 2590 902 quod
2631 818 2965 904 praeclare
3008 817 3177 886 dixit
3236 823 3567 904 apostolus
3612 827 3668 890 2.
3717 824 3866 892 Cor.
3915 830 3971 892 3.
4061 825 4240 910 Quia

2329 903 2466 969 rior
2484 903 2654 969 dixit
2673 904 3031 971 Dominus:
3056 903 3220 972 Sine
3240 927 3349 972 me
3368 908 3538 974 nihil
3557 912 3828 993 potestis
3848 912 4076 979 facere.
4116 913 4234 980 Et:

2354 1010 2500 1057 emo
2535 991 2724 1056 venit
2755 988 2840 1055 ad
2873 1011 2978 1057 me
3013 992 3145 1057 m'si
3178 1001 3364 1076 pater
3397 1016 3583 1061 meus
3617 996 3892 1062 traxerit
3927 1018 4077 1063 eum
4115 1007 4234 1065 etc.

2459 1075 2673 1142 Porro
2715 1085 3141 1161 regeneratus
3183 1078 3379 1144 homo
3420 1089 3519 1146 est
3553 1081 3739 1147 liberi
3784 1081 4053 1160 arbitrii,
4099 1107 4239 1151 non

2289 1168 2565 1227 naturae
2606 1162 2679 1227 vi
2737 1161 2851 1228 sed
2908 1163 3159 1248 gratiae
3217 1162 3477 1231 divinae
3530 1168 3793 1233 virtute.
3898 1168 4068 1235 Nam
4118 1192 4239 1256 per

2290 1249 2596 1333 spiritum
2640 1246 2768 1314 Dei
2815 1257 3029 1330 potest
3069 1249 3455 1350 intelligere,
3501 1250 3667 1319 adde
3709 1261 3778 1318 et
3819 1254 4078 1339 eligere,
4124 1255 4237 1322 de-

2289 1335 2491 1417 nique
2542 1332 2759 1401 facere
2815 1335 3076 1400 bonum.
3165 1335 3312 1401 Nis1
3371 1338 3550 1403 enim
3605 1339 3729 1405 hoc
3788 1341 4235 1421 confiteamur,

2290 1419 2682 1504 negabimus
2722 1418 3098 1486 libertatem
3139 1421 3425 1488 filiorum
3469 1423 3596 1489 Dei
3650 1432 3717 1489 et
3768 1446 4001 1491 rursus
4042 1426 4239 1494 indu-

2290 1525 2513 1572 cemus
2570 1506 2953 1572 servitutem
3005 1506 3154 1590 plus
3213 1528 3413 1591 quam
3453 1509 3514 1574 le
3623 1530 3747 1576 em.
3837 1511 3991 1577 Huc
4034 1516 4238 1596 perti-

2289 1600 2457 1657 nent
2513 1592 2886 1657 testimonia
2924 1591 3152 1660 Ioann.
3199 1597 3272 1660 8:
3337 1592 3414 1660 Si
3453 1595 3628 1661 filius
3686 1616 3804 1662 vos
3856 1597 4241 1664 liberaverit

2292 1696 2447 1742 vere
2481 1675 2675 1743 liberi
2717 1678 2915 1744 eritis.
3001 1677 3234 1745 Ioann.
3290 1684 3399 1743 15:
3462 1677 3597 1762 Qui
3643 1689 3865 1747 manet
3905 1683 3976 1748 in
4021 1703 4128 1751 me
4172 1691 4241 1750 et

2292 1783 2417 1913 ἕο
2459 1763 2528 1829 in
2572 1784 2681 1843 eo,
2743 1763 2852 1830 hic
2905 1761 3035 1829 fert
3091 1764 3376 1831 fructum
3422 1766 3724 1833 multum.
3815 1766 4101 1854 Philipp.
4173 1775 4237 1836 l:

2360 1849 2501 1916 obis
2560 1848 2877 1915 donatum
2935 1858 3036 1916 est
3090 1871 3207 1933 pro
3257 1851 3523 1918 Christo
3576 1874 3708 1919 non
3769 1853 3976 1920 solum
4035 1862 4111 1920 ut
4164 1856 4238 1920 in

2293 1956 2444 2002 eum
2491 1934 2769 2001 credatis
2826 1935 2942 2001 sed
2997 1937 3193 2002 etiam
3253 1945 3333 2002 ut
3388 1959 3505 2022 pro
3547 1939 3661 2004 illo
3704 1940 4058 2021 patiamini.
4145 1940 4241 2007 Et

2295 2022 2804 2173 &pagi-algens
2847 2031 2951 2088 est
2966 2023 3115 2173 bqui
3171 2023 3312 2124 agit
3349 2025 3422 2122 in
3461 2026 3644 2091 vobis
3671 2035 3754 2174 {t
3793 2025 4128 2178 ut2vegtis
4171 2041 4242 2177 gt

2293 2130 2340 2173 u
2524 2128 2581 2172 ci
2680 2129 2741 2186 s,
2804 2128 2922 2191 pro
3009 2128 3135 2173 ono
3180 2130 3382 2174 ammi
3430 2130 3687 2193 proposi
3722 2131 3778 2175 ο.
3915 2161 3928 2176 .
4034 2132 4125 2176 οι·.
4233 2135 4247 2176 :

2295 2191 2535 2260 Omnis
2590 2192 2913 2260 idoneitas
2978 2203 3206 2260 nostra
3269 2216 3355 2260 ex
3411 2196 3556 2261 Deo
3626 2205 3742 2262 est.
3842 2196 4046 2263 Item:
4115 2196 4249 2265 Ubi

2295 2279 2567 2363 spiritus
2602 2279 2873 2345 Domini
2916 2278 3009 2344 ibi
3052 2278 3341 2346 libertas.
3420 2282 3514 2346 Et
3555 2290 3911 2366 operantur
3954 2283 4060 2350 hic
4103 2284 4249 2367 qui-

2297 2365 2447 2430 dem
2490 2364 2717 2431 fideles
2763 2387 2892 2430 non
2939 2366 3233 2448 passive,
3278 2382 3355 2431 ut
3398 2370 3604 2444 aiunt,
3649 2366 3763 2433 sed
3810 2369 4037 2434 active.
4127 2369 4248 2434 Li-

2294 2461 2401 2517 cet
2458 2451 2636 2516 enim
2692 2452 2927 2533 spiritu
2971 2452 3100 2518 Dei
3144 2461 3415 2537 agentes
3471 2462 3673 2538 agant
3726 2463 3795 2519 et
3838 2455 3981 2520 Deo
4035 2455 4249 2522 omnis

2295 2537 2534 2603 merito
2580 2535 2896 2603 debeatur
2937 2536 3164 2621 gloria,
3214 2558 3560 2623 operamur
3603 2545 3824 2605 tamen
3842 2588 3857 2616 ,
3902 2561 4033 2607 non
4077 2540 4247 2626 pati—

2296 2619 3337 2792 :txssdgfffgffifflxffit
3383 2623 3938 2777 22003515332530
3941 2645 4249 2778 ‘mffiir

2299 2794 2486 2861 chaei
2528 2794 2909 2861 laborarunt
2950 2794 3077 2860 hoc
3120 2816 3342 2862 errore
3392 2804 3468 2862 ut
3507 2795 3841 2862 hominem
3886 2798 4250 2882 spoliarent

2298 2881 2478 2948 omni
2523 2880 2776 2948 actione
2819 2880 3031 2964 quoad
3078 2880 3487 2947 voluntatem
3549 2884 3774 2965 utique
3790 2934 3806 2962 ,
3866 2883 4139 2969 ideoque
4182 2896 4251 2948 et

2297 2968 2371 3032 in
2414 2973 2726 3034 truncum
2781 2965 2988 3033 veluti
3038 2965 3452 3051 lapidemque
3493 2977 3843 3033 mutarent.
3933 2971 4027 3034 At
4065 2969 4248 3036 Pau-

2299 3052 2438 3119 lus:
2497 3053 3023 3119 Oommonefaoio
3079 3061 3145 3119 te
3164 3105 3178 3132 ,
3236 3054 3487 3137 inquit,
3546 3061 3624 3120 ut
3668 3055 3944 3121 suscites
4001 3054 4246 3121 donum

2299 3139 2429 3205 Dei
2470 3137 2647 3223 quod
2686 3139 2758 3203 in
2800 3147 2866 3205 te
2911 3147 3011 3205 est
3053 3146 3175 3205 otc.
3263 3139 3467 3205 Item:
3515 3137 3687 3206 Oum
3731 3140 3968 3205 timore
4011 3148 4081 3205 et
4120 3148 4251 3206 tre-

2299 3246 2481 3292 more
2554 3233 2845 3291 vestram
2904 3226 3196 3309 ipsorum
3266 3225 3545 3293 salutem
3613 3225 3988 3309 operemini.
4091 3225 4248 3293 Huc

2297 3310 2588 3396 pertinet
2646 3309 2818 3377 bona
2873 3331 3028 3395 pars
3085 3310 3318 3395 capitis
3373 3315 3413 3377 8
3470 3310 3553 3378 ad
3610 3311 3962 3378 Romanos.
4064 3309 4246 3378 Gon-

2296 3396 2480 3548 {mit
2532 3417 2683 3464 cum
2743 3396 3084 3481 scripturis
3137 3397 3216 3463 B.
3272 3398 3688 3483 Augustinus
3747 3397 3857 3483 (de
3911 3398 4127 3483 gratia
4180 3405 4251 3465 et

2328 3482 2505 3549 ‘bero
2549 3481 2822 3549 arbitrio
2873 3481 2958 3548 ad
2991 3481 3254 3549 Valent.
3310 3505 3362 3550 c.
3416 3489 3511 3549 17.
3573 3494 3642 3550 et
3698 3482 3779 3550 de
3831 3491 4248 3569 peccatorum

2296 3568 2553 3636 meritis
2597 3576 2695 3720 et8
2706 3569 3087 3636 remissione
3128 3568 3238 3636 lib.
3282 3569 3373 3636 11.
3419 3591 3472 3637 c.
3522 3573 3580 3634 5.
3626 3568 3706 3636 de
3742 3569 4143 3655 correptione
4179 3577 4250 3637 et

2417 3654 2514 3720 tia
2556 3676 2608 3721 c.
2699 3661 2748 3732 .)

2296 3676 2417 3740 gra
2465 3740 2745 3807 Interim
2787 3761 2920 3806 non
2977 3738 3388 3808 dissimulare
3442 3748 3698 3826 oportet
3747 3739 4029 3808 liberum
4073 3741 4249 3807 arbi-

2296 3825 2501 3892 trium
2540 3826 2609 3892 in
2646 3826 2897 3892 renatis
2932 3825 3386 3893 infirmitatem
3423 3848 3676 3911 quoque
3711 3848 3898 3894 suam
3940 3827 4249 3892 retinere.

2295 3913 2468 3978 Nam
2512 3933 2643 3979 non
2687 3932 2947 3997 semper
2988 3912 3153 3979 illud
3195 3913 3412 3997 ipsum
3449 3912 3673 3980 evenit
3715 3912 3889 3997 quod
3925 3918 4245 3978 statuera-

2293 4019 2442 4065 mus
2461 4049 2478 4080 ,
2537 3996 2651 4064 sed
2697 3998 2834 4065 fere
2888 4001 3308 4065 contrarium.
3394 3998 3469 4066 Id
3529 3997 3703 4083 quod
3746 3998 4051 4083 colligere
4094 3997 4249 4063 licet

2293 4105 2376 4149 ex
2436 4084 2655 4151 verbis
2717 4085 2989 4169 apostoli
3034 4086 3223 4150 Rom.
3280 4092 3330 4150 l.
3384 4092 3456 4148 15
3513 4098 3580 4151 et
3625 4091 3681 4148 7.
3732 4084 3938 4151 Iacob.
3993 4089 4052 4148 4.
4099 4084 4245 4148 Ma-

2293 4171 2471 4236 xime
2510 4191 2671 4237 vero
2715 4191 2919 4254 quum
2960 4172 3035 4235 in
3077 4170 3266 4237 nobis
3310 4177 3648 4253 peccatum
3689 4169 3941 4237 habitet
3983 4178 4052 4236 et
4088 4188 4241 4250 con-

2293 4263 2397 4322 tra
2440 4257 2746 4341 spiritum
2802 4264 3080 4341 pugnet,
3136 4256 3325 4323 liberi
3383 4278 3517 4324 non
3573 4257 3777 4323 libere
3832 4265 3898 4322 et
3940 4254 4241 4338 expedite

2291 4344 2639 4425 perficiunt
2694 4341 2869 4425 quod
2925 4341 3395 4426 perficiendum
3450 4342 3861 4427 intelligunt,
3918 4350 3986 4406 et
4039 4359 4239 4424 quum

2290 4429 2677 4512 perficiunt,
2757 4449 2888 4493 non
2954 4428 3048 4492 ita
3114 4429 3309 4512 plene
3373 4435 3453 4493 ut
3529 4427 3800 4495 decebat
3870 4426 4234 4511 perficiunt.

2290 4513 2699 4666 Olaranlm
2740 4514 2911 4579 fiunt
2963 4515 3020 4579 si
3065 4512 3359 4599 legamus
3403 4513 3598 4581 Pauli
3641 4512 4000 4580 doctrinam
4043 4510 4236 4574 Rom.

2291 4603 2328 4662 7
2374 4607 2442 4666 et
2624 4649 2638 4663 .
2684 4605 2742 4666 5.

2463 4686 2741 4751 Interim
2787 4706 2989 4770 quum
3033 4687 3208 4754 vires
3252 4688 3465 4754 carnis
3518 4687 3586 4752 in
3643 4684 3887 4751 renatis
3931 4701 4062 4746 non
4104 4679 4238 4743 sint
4272 4699 4281 4708 ·

2289 4781 2427 4838 tam
2470 4779 2769 4856 potentes
2814 4781 2892 4837 ut
2934 4771 3240 4855 spiritum
3285 4774 3742 4856 exstinguant.
3789 4776 3890 4834 est
3931 4768 4003 4831 in
4046 4783 4233 4830 rena·

2288 4859 2375 4926 tis
2408 4856 2695 4924 libertas.
2766 4857 2997 4940 Neque
3031 4865 3359 4943 coguntur
3389 4859 3557 4925 bene
3592 4859 3818 4934 facere,
3856 4851 3967 4918 sed
4004 4854 4235 4934 sponte

2287 4965 2408 5029 per
2475 4944 2756 5029 gratiam
2823 4942 3095 5028 spiritus
3161 4944 3290 5010 Dei
3351 4944 3591 5011 bonum
3663 4939 3932 5007 faciunt.
4047 4935 4234 5001 Haec

2290 5028 2676 5113 simpliciter
2696 5030 3018 5096 sentimus
3055 5030 3135 5096 de
3177 5027 3379 5096 libero
3422 5026 3708 5104 arbitrio,
3755 5044 3874 5090 nec
3915 5018 4233 5106 approba-

2287 5137 2437 5182 mus
2481 5137 2591 5180 eos
2636 5118 2747 5200 qui
2790 5114 2895 5180 vel
2913 5115 3337 5182 Manichaeos
3382 5113 3484 5180 vel
3506 5111 3897 5196 Pelagianos
3940 5126 4233 5193 sequun—

2288 5210 2427 5282 tur,
2503 5200 2584 5266 de
2644 5199 2882 5286 quibus
2933 5199 3151 5287 legere
3208 5201 3451 5284 poteris
3509 5198 3944 5283 Augustinum
4004 5200 4245 5259 contra.

2290 5288 2454 5354 duas
2499 5286 2999 5372 Pelagianorum
3058 5285 3360 5370 epistolas
3401 5286 3481 5350 L.
3532 5287 3588 5348 3.
3636 5302 3688 5348 c.
3735 5286 3793 5345 8.
3879 5281 4054 5346 Iren.
4099 5279 4141 5345 l.
4190 5284 4229 5341 2

2287 5396 2340 5440 c.
2390 5380 2446 5440 5.
2492 5373 2649 5441 item
2697 5373 3139 5458 Augustinum
3183 5371 3306 5454 Ep.
3373 5373 3490 5435 106
3548 5368 3633 5433 ad
3672 5367 4103 5447 Bonifacium,
4149 5365 4245 5431 dc

3715 5467 3818 5523 31·
