4900 6167
696 437 825 500 247
2193 427 2720 497 EPIS'POLAE
2767 433 3190 496 1586-1589
4538 436 4641 500 248

696 618 1253 773 mim
1302 708 1496 803 ...2
1438 670 1454 683 ·
1508 617 2648 804 ‚wmfflzarsgz

696 794 769 858 in
824 793 1244 870 universum,
1308 811 1367 855 s1
1422 790 1619 856 homo
1674 790 1823 869 ille,
1889 791 2314 873 quantumvis
2376 790 2646 873 pacifice

698 885 884 962 agat,
940 877 1201 942 feratur.
1286 876 1393 941 Ita
1432 875 1816 941 revolvetur
1856 876 1939 941 ad
1983 897 2106 942 nos
2146 876 2414 941 tandem
2455 875 2645 959 quid-

694 962 854 1046 quid
896 961 967 1028 id
1006 973 1107 1027 est
1137 961 1314 1027 mali.
1385 960 1515 1027 Cui
1556 962 1685 1027 nisi
1710 960 2047 1026 moderata
2078 961 2449 1028 constantia
2489 980 2647 1026 con-

694 1059 805 1114 tra
845 1057 1053 1124 eatur,
1098 1048 1329 1114 turbas
1368 1048 1730 1113 sentiemus
1784 1047 2225 1131 gravissimas.
2312 1046 2645 1112 Dominus

694 1133 844 1200 inas
884 1145 1143 1199 avertat
1182 1134 1420 1216 spiritu
1462 1141 1531 1197 et
1565 1133 1777 1215 gratia
1816 1153 1954 1198 sua.
2020 1136 2259 1198 Amen.
2304 1169 2387 1179 —
2432 1167 2519 1177 —
2559 1167 2646 1180 -

870 1251 1127 1317 Datum
1170 1254 1241 1318 in
1280 1252 1350 1337 yl
1385 1252 1503 1318 den
1552 1256 1650 1319 13.
1696 1251 1960 1318 Ianuar.
2010 1256 2195 1316 1552.

1436 1391 1617 1455 Ioan.
1660 1390 1977 1457 Hallerus
2018 1401 2174 1456 tuus
2216 1397 2552 1472 perpetuo.

1558 1919 1757 1989 1587.

1147 2072 1692 2142 GARNERIUS
1737 2069 2173 2139 CALVINO.

863 2245 1115 2313 Turbae
1167 2245 1698 2311 sacramentaria-⁹
1748 2243 2150 2328 Aryentorati
2209 2244 2635 2310 recrudescere

686 2333 885 2414 docet,-
949 2333 1073 2398 eibi
1141 2330 1581 2414 messionm
1644 2330 1844 2396 dumo
1897 2331 2288 2413 impositam,
2356 2333 2413 2395 d
2461 2328 2636 2395 haud

688 2419 927 2502 oblique
954 2422 1215 2500 propter
1253 2435 1441 2482 suum
1481 2436 1623 2481 eum
1664 2414 1971 2481 Helvetiis
2012 2434 2370 2480 consensum
2410 2416 2634 2499 apul-

686 2506 923 2571 sionem
962 2502 1417 2568 denunciatum.
1488 2501 1654 2566 Petit
1684 2506 1753 2566 ut
1784 2502 2045 2569 consuit>
2078 2503 2308 2584 ipsura,
2339 2500 2636 2585 praeibam

686 2590 1003 2658 eeclesiam
1041 2589 1293 2654 adiuva
1338 2584 1657 2653 Calvinus

998 2757 1107 2824 (Ex
1143 2757 1480 2828 autographo
1513 2758 1647 2814 cod.
1684 2758 1887 2812 Gener.
1923 2755 2045 2828 110,
2077 2758 2167 2812 sol.
2204 2756 2347 2826 188.)

859 2925 1296 2995 ornatissimo
1330 2951 1407 2995 ac
1440 2931 1731 3013 piissimo
1766 2931 1906 2996 viro
1942 2928 2231 2996 Domino
2265 2929 2353 2995 D.
2396 2928 2635 2995 Ioanni

686 3014 966 3084 Calvino
1010 3035 1129 3082 suo
1171 3015 1244 3080 in
1288 3015 1571 3082 Domino
1608 3016 2013 3100 praeceptori
2056 3034 2133 3083 ac
2174 3014 2426 3081 maiori.

2128 3133 2463 3200 Genevae.

857 3270 928 3338 S.
974 3271 1051 3338 P.
1115 3269 1267 3370 Non
1310 3290 1576 3371 possum
1618 3290 1742 3337 nec
1783 3269 1986 3339 debeo
2028 3281 2096 3337 te
2138 3270 2382 3371 celare,
2444 3278 2637 3373 pater

683 3377 886 3542 ἓξὲξ)
942 3442 1065 3509 hoc
1082 3363 1550 3542 tPitfi’elllilcissiino
1594 3356 2301 3525 &0135ngss
2310 3357 2636 3510 :Iugum

682 3528 988 3596 feliciter!
1066 3527 1493 3594 Recrudescit
1532 3527 1783 3596 vulnus
1826 3527 1989 3594 illud
2032 3528 2277 3596 lethale
2319 3528 2636 3597 adversus

682 3615 1022 3682 ecclesiam
1057 3621 1353 3681 nostram
1386 3612 1559 3697 quod
1600 3614 1757 3679 olim
1792 3614 2037 3680 inflixit
2076 3622 2298 3682 noster
2341 3616 2636 3682 desertor

700 3700 1072 3767 Walm’nus.
1093 3702 1153 3782 ²)
1255 3699 1562 3783 Sopitum
1630 3700 1847 3765 fuerat
1914 3700 1999 3765 ad
2052 3711 2313 3786 tempus
2367 3711 2635 3786 propter

682 3806 898 3852 meam
942 3785 1322 3852 absentiam.
1340 3789 1399 3869 ⁸)
1468 3785 1664 3852 Nunc
1705 3806 1867 3852 vero
1908 3787 2394 3853 concionatores
2437 3787 2636 3854 huius

684 3871 993 3938 eccledae
1037 3872 1547 3956 Argentinensis
1588 3874 1661 3936 in
1704 3870 1918 3938 lucem
1959 3883 2315 3939 venerant:
2362 3895 2494 3957 qua
2535 3894 2638 3940 cc-

684 3956 943 4023 casione
985 3958 1164 4036 moti,
1207 3957 1503 4024 viderint
1543 3957 1686 4041 ipsi.
1772 3957 2120 4024 Vocarunt
2160 3958 2486 4043 siquidem
2528 3980 2636 4024 me

683 4063 896 4127 nuper
938 4044 1009 4108 in
1063 4042 1489 4109 conventum
1507 4045 1564 4125 ⁴)
1612 4053 1690 4108 ut
1746 4063 1979 4110 rursus
2034 4052 2348 4129 rogarent
2387 4066 2472 4110 ex
2529 4065 2637 4109 me

686 4128 999 4213 quidnam
1056 4129 1364 4194 sentirem
1430 4128 1513 4195 de
1573 4129 1949 4195 hescaristia
2005 4139 2071 4196 et
2121 4151 2308 4198 sacra
2364 4129 2639 4195 Domini

684 4235 918 4281 coena:
975 4236 1135 4279 num
1189 4235 1399 4280 essem
1457 4235 1611 4280 cum
1660 4215 1959 4298 Philippo
2012 4216 2083 4281 in
2143 4237 2265 4282 sua
2306 4223 2638 4298 postrema

687 4301 1106 4379 confessione,
1126 4303 1182 4378 ὅ)
1226 4320 1424 4384 quam
1467 4299 1596 4366 huc
1638 4311 1707 4366 et
1739 4301 2126 4367 Tridentum
2169 4303 2368 4367 misit.
2440 4301 2637 4368 Hanc

688 4406 811 4470 ego
868 4386 1155 4471 legeram
1200 4385 1518 4452 Oasselis:
1579 4386 1822 4454 idcirco
1864 4386 2058 4453 facile
2112 4387 2420 4470 respondi
2476 4408 2637 4471 quo-

688 4470 913 4548 modo,
979 4472 1052 4536 in
1106 4471 1377 4555 quibus,
1442 4480 1509 4537 et
1565 4473 1637 4536 in
1691 4473 1928 4557 quibus
1986 4494 2118 4538 non
2174 4475 2633 4539 consentirem.

688 4557 1038 4642 Rogarunt
1080 4556 1314 4625 deinde
1358 4579 1517 4624 num
1562 4567 1781 4623 tecum
1825 4559 2172 4638 sentirem,
2216 4559 2639 4643 singulariter

686 4643 758 4709 in
802 4642 1246 4710 Oonsensione
1290 4643 1407 4709 illa
1465 4653 1579 4708 tua
1634 4653 1703 4710 et
1759 4645 2260 4729 Tigurinorum,
2316 4665 2433 4710 seu
2485 4665 2638 4710 cum

691 4865 868 4922 158⁷.
904 4865 962 4931 1)
1001 4866 1063 4918 in
1095 4870 1248 4920 coetu
1279 4866 1496 4936 milico.

897 4933 957 5003 2)
996 4932 1328 4999 Monachus,
1371 4936 1595 4992 natione
1630 4933 1937 5000 Flandrus,
1972 4940 2033 4989 ut
2078 4933 2321 5002 videbun,
2370 4942 2640 4992 eadm

843 5017 926 5059 uu.

895 5071 957 5205 {i
990 5071 1094 5211 ἵζ’,-
1109 5068 1377 5210 {affini
1411 5139 1600 5197 asma
1635 5140 1789 5197 1002&
1831 5141 2096 5198 celebrari
2126 5140 2331 5198 uolebat
2362 5142 2638 5198 niueum-

691 5221 816 5262 Μ’
848 5209 1635 5344 “swffi’confm
1682 5279 2042 5402 Aug-„eam
2107 5279 2176 5335 aa
2207 5293 2319 5349 φια
2366 5277 2492 5334 veae
2527 5277 2636 5335 Pa·

695 5359 845 5399 ceum
881 5344 957 5400 N.
996 5345 1063 5398 15
1167 5355 1215 5401 a
1253 5348 1466 5416 corpus
1504 5347 1633 5414 Res.
1669 5349 1771 5403 xx
1823 5349 1921 5404 111.
1954 5319 2074 5403 226.

2747 618 3106 702 Tigurinis.
3169 617 3508 701 Respondi
3541 639 3650 683 me
3681 639 3818 683 non
3837 616 4093 702 legisse,
4115 619 4170 702 ⁸)
4203 639 4426 702 cupere
4442 619 4644 705 legere,

2747 715 2892 768 tum
2926 704 3194 769 demum
3242 713 3469 788 aperte
3517 717 3588 770 et
3628 704 3805 771 clare
3845 702 4240 788 respondere
4281 706 4452 770 velle.
4531 706 4647 773 Ob-

2745 789 3353 856 tuleruntillibac
3409 788 3587 874 lege.
3647 791 4250 871 utipseofferrem
4303 791 4645 858 illismesm

2745 875 3218 941 confessionem
3292 894 3492 959 quam
3555 876 3893 959 superiore
3947 897 4122 941 anno
4183 875 4408 960 gallice
4456 876 4646 943 edide-

2743 981 2906 1025 ram.
2933 960 2990 1045 ⁷)
3075 959 3270 1041 Quod
3327 970 3396 1026 et
3448 962 3774 1028 facturum
3831 981 3941 1027 me
3980 961 4296 1045 spopondi
4336 975 4516 1045 atque
4551 964 4646 1029 ob-

2743 1046 2886 1110 tuli.
2975 1047 3372 1130 Assignatus
3413 1057 3516 1111 est
3557 1047 3722 1111 mihi
3777 1044 3917 1112 dies
3957 1057 4245 1114 octavus.
4332 1046 4648 1130 Oomparui

2743 1133 3199 1214 paratissimus
3218 1131 3303 1197 ad
3323 1131 3876 1215 comprobandum
3897 1132 4140 1199 dictam
4155 1132 4647 1200 Oonsensionem.

2743 1217 2918 1282 Nam
2959 1219 3213 1282 interea
3254 1219 3568 1301 temporis
3628 1216 3950 1284 dominico
3991 1218 4098 1284 die
4139 1220 4312 1284 inter
4350 1218 4650 1284 celebran-

2744 1302 2897 1367 dam
2938 1323 3210 1369 coenam
3255 1303 3524 1368 Domini
3563 1304 3784 1388 palam
3828 1305 4074 1370 asserui
4120 1302 4648 1370 dictamOousen·

2743 1389 2993 1454 sionem
3037 1409 3180 1454 esse
3221 1409 3387 1472 opus
3429 1388 3732 1455 divinum
3751 1438 3766 1462 ,
3812 1389 4172 1456 doctrinam
4217 1390 4346 1455 Dei
4384 1389 4649 1455 veritatis

2743 1483 2940 1557 atque
2974 1473 3223 1550 salutis,
3266 1473 3809 1558 quemadmodum
3847 1495 3922 1541 re
3954 1476 4100 1559 ipm
4141 1485 4258 1544 est.
4302 1495 4488 1559 quam
4519 1475 4649 1540 bac·

2739 1569 2934 1625 tenus
2978 1559 3194 1638 docui,
3252 1559 3450 1626 doceo
3492 1572 3560 1626 et
3600 1560 3840 1626 docebo
3880 1561 4093 1645 quoad
4139 1562 4378 1640 vixero,
4417 1561 4649 1625 favente

2741 1643 2905 1711 Deo.
2993 1645 3362 1711 Hoceram
3409 1646 4650 1713 etiametsumdicturuscoramnos-

2740 1732 2863 1795 tris
2905 1732 3484 1798 concionatoribus.
3572 1734 3666 1797 At
3707 1731 3837 1810 illi,
3881 1753 4086 1815 quum
4131 1741 4348 1799 essent
4388 1732 4523 1796 aliis
4559 1752 4650 1797 oe·

2737 1817 2960 1899 cupati
3000 1816 3217 1894 rebus,
3262 1817 3659 1883 distulerunt
3692 1838 3834 1883 rem
3879 1819 3952 1882 in
3985 1821 4357 1902 proximum
4377 1815 4648 1883 Conven-

2737 1914 2912 1980 tum‚
2965 1903 3080 1986 qui
3119 1904 3196 1967 fit
3238 1903 3520 1987 singulis
3562 1902 3789 1969 diebus
3830 1904 4026 1969 Iovis.
4111 1905 4434 1987 Exspecto
4471 1903 4650 1986 igitur

2738 1987 2932 2066 diem,
2977 1997 3044 2053 et
3084 1987 3258 2069 quod
3299 1987 3606 2054 futurum
3648 2001 3750 2055 est
3781 2009 3978 2071 quam
4021 1991 4335 2056 citissime
4365 1987 4649 2053 indicabo.

2737 2072 2924 2138 Haec
2988 2083 3148 2140 sunt
3217 2074 3556 2139 molimina
3621 2073 3912 2141 Satanae
3976 2076 4217 2158 quibus
4283 2074 4420 2140 vult
4481 2074 4649 2138 istam

2735 2169 3029 2224 nostram
3071 2159 3478 2226 ecclesiolam
3533 2160 3934 2226 destructam
3986 2181 4189 2244 opera
4245 2160 4434 2225 buius
4472 2159 4652 2223 nostri

2737 2245 2890 2309 boni
2933 2245 3254 2310 monachi.
3287 2247 3340 2330 ⁸)
3410 2246 3592 2311 Deus
3633 2245 3730 2310 illi
3782 2245 4176 2311 misereatur
4217 2266 4486 2328 eumque
4525 2243 4651 2307 illu·

2735 2331 2964 2396 minet.
3052 2330 3145 2395 Et
3185 2352 3345 2397 sane
3399 2351 3632 2396 vereor
3681 2353 3767 2396 ne
3823 2331 4074 2415 aliquid
4130 2330 4470 2397 infortunii
4523 2329 4653 2393 huic

2736 2423 3002 2481 nostrae
3044 2415 3418 2483 ecclesiolae
3461 2416 3731 2483 accidat.
3803 2418 3975 2482 Nam
4017 2419 4164 2500 ipse
4205 2439 4322 2500 per
4361 2415 4654 2483 conscien-

2735 2502 2898 2566 tiam
2943 2523 3078 2567 non
3119 2523 3385 2585 possum
3441 2513 3700 2569 mutare
3757 2505 4186 2582 sententiam,
4239 2523 4358 2568 nec
4401 2500 4654 2576 mutabo,

2737 2585 2884 2652 Deo
2926 2587 3142 2653 dante.
3229 2587 3339 2652 Illi
3382 2609 3516 2654 non
3558 2589 3910 2655 admittent
3950 2610 4166 2673 neque
4207 2591 4530 2673 patientur
4566 2605 4654 2650 me

2740 2672 3075 2739 diversum
3139 2673 3370 2739 docere
3433 2675 3507 2738 in
3573 2674 3694 2739 bac
3754 2696 3826 2741 re
3889 2675 4402 2741 sacramentaria
4474 2693 4511 2736 a
4579 2692 4653 2735 se.

2736 2758 2971 2841 ltaque
3013 2780 3118 2824 res
3162 2780 3293 2825 non
3338 2771 3439 2824 est
3479 2760 3623 2826 sine
3664 2761 3971 2842 periculo.
4061 2764 4157 2826 At
4203 2760 4492 2834 Domini,
4544 2777 4656 2822 non

2737 2864 2959 2910 meum
2995 2855 3099 2910 est
3127 2846 3481 2929 negotium.
3558 2847 3933 2924 Praeterea,
4019 2845 4519 2912 uemadmodum
4557 2844 4657 2908 ali·

2736 2928 2970 3012 quibus
3013 2928 3173 3006 dixi,
3217 2950 3476 2996 mecum
3532 2952 3665 2995 non
3709 2952 3949 3015 paucos
4038 2930 4222 3012 abeo,
4281 2929 4564 3016 inprimis
4602 2939 4658 2992 te

2735 3025 3051 3099 tuamque
3095 3014 3434 3082 ecclesiam
3485 3028 3693 3081 totam
3746 3018 4087 3084 ecclesiam
4129 3020 4656 3086 Lausauuensem.

2737 3101 3240 3185 Tigurinensem
3257 3153 3272 3178 ‚
3331 3102 3768 3186 Anglicanam
3827 3117 3947 3170 etc.
4051 3104 4368 3170 Vestrum
4438 3101 4660 3167 interea

2736 3186 4392 3359 stasmmbazmpffimgmd332¹?
4430 3199 4660 3340 {3³33

2736 3359 3022 3423 nominis
3064 3358 3342 3443 gloriam
3385 3373 3453 3424 et
3495 3360 3805 3426 ecclesiae
3847 3382 4004 3427 suae
4046 3360 4569 3428 aedificationem.

2912 3444 3097 3512 Haec
3140 3446 3391 3523 omnia,
3451 3446 3510 3510 si
3551 3445 3849 3523 videtur,
3906 3448 4153 3530 poteris
4209 3446 4659 3513 communicare

2736 3530 2823 3597 D.
2862 3529 3116 3596 Fardlo
3149 3542 3218 3596 et
3250 3531 3334 3596 D.
3391 3531 3599 3596 Vireto
3632 3543 3826 3614 atque
3862 3532 4050 3597 bonis
4075 3533 4419 3598 fratribus:
4454 3526 4660 3594 deinde

2737 3617 2821 3683 ad
2883 3636 2990 3680 me
3059 3614 3414 3683 rescribere
3484 3625 3677 3699 atque
3742 3618 4068 3682 instruere
4126 3618 4287 3701 quid
4461 3613 4657 3680 ndum.

2736 3703 2910 3767 Nam
2954 3704 3024 3766 in
3067 3723 3140 3767 re
3183 3713 3368 3767 tanta
3411 3703 3503 3767 nil
3560 3713 3806 3768 temere
3862 3703 4011 3768 volo
4054 3724 4273 3788 agere,
4423 3709 4661 3784 xspecto

2737 3789 2942 3873 igitur
2986 3786 3463 3853 ardentissimis
3504 3789 3678 3854 vot-is
3721 3808 4106 3870 responsum
4156 3788 4272 3854 abs
4311 3800 4394 3853 te.
4461 3785 4660 3866 Scrip-

2739 3876 2974 3940 sissem
3031 3872 3309 3939 libenter
3375 3872 3660 3940 dominis
3716 3876 3880 3940 meis
3947 3895 4023 3939 ac
4073 3875 4377 3958 patribus
4433 3870 4663 3938 Farello

2737 3971 2807 4026 et
2874 3958 3081 4024 Virdo
3098 4010 3113 4036 ,
3181 3958 3296 4024 sed
3351 3969 3608 4041 tempus
3661 3979 3796 4024 non
3855 3960 4123 4044 patitur.
4232 3962 4519 4026 Nuncius
4573 3956 4664 4020 hic

2739 4054 2872 4110 stat
2945 4057 3332 4128 exspectans
3401 4047 3600 4110 finem
3668 4045 3924 4110 harum.
4029 4044 4374 4113 Salutabis
4391 4098 4406 4124 ‚
4471 4042 4662 4127 cupi0‚

2737 4130 2886 4197 illos
2943 4139 3136 4213 atque
3189 4132 3330 4214 pios
3381 4132 3617 4196 fratres
3687 4152 3914 4196 omnes
3931 4183 3946 4208 ,
4020 4133 4444 4222 singulariter
4503 4126 4662 4194 verbi

2740 4216 2868 4283 Dei
2911 4216 3266 4281 ministros.
3357 4217 3456 4280 Tu
3501 4237 3694 4297 parce
3742 4216 3915 4283 stillo
3937 4218 3993 4301 ⁹)
4037 4229 4105 4283 et
4147 4219 4418 4286 calamo.
4505 4215 4663 4296 Rap-

2739 4304 2860 4367 tim
2903 4303 3079 4367 enim
3130 4302 3344 4368 scribo
3379 4302 3540 4367 haec
3593 4307 3685 4366 15.
3735 4301 4019 4368 Ianuarii
4073 4310 4257 4369 1552.

2908 4387 3135 4453 Nostri
3200 4388 3718 4472 Argentinenses
3797 4390 4070 4454 mittunt
4135 4390 4519 4455 Tridentum
4592 4382 4665 4449 ad

2739 4473 3081 4539 consilium
3109 4473 3196 4559 ¹⁰)
3254 4493 3462 4539 unum
3512 4494 3594 4538 ex
3654 4477 3898 4541 nostris
3953 4476 4519 4542 concionatoribus
4572 4468 4664 4535 cui

2946 4731 3007 4792 6)
3052 4728 3211 4797 Quod
3242 4729 3338 4783 via:
3371 4731 3529 4785 nobis
3560 4729 3967 4796 persuademus.
4053 4731 4186 4786 Vide
4218 4732 4509 4801 sequacia.

2949 4796 3009 4864 7)
3049 4798 3240 4851 Brieve
3299 4805 3358 4879 ct
3412 4799 3578 4852 claire
3630 4799 3932 4889 confession
3977 4798 4046 4852 de
4099 4800 4153 4852 la
4210 4801 4305 4872 foy
4351 4798 4666 4855 chrestianus

2743 4868 3887 5005 22⁰3aft.203÷.:z‘¹3{222.⁸s¹220222⁶53
3922 4867 4286 5006 dammi
4313 4869 4667 5016 mm

2745 5005 3089 5073 Strasbonrg.
3128 5019 3171 5058 s.
3206 5004 3243 5058 l.
3283 5003 3431 5059 1549.
3469 5003 3620 5060 1555.
3656 5004 3847 5071 (Haaq
3924 5044 3937 5057 .
3976 5004 4094 5057 220.
4171 5005 4418 5061 Strieder
4450 5005 4567 5058 hist.
4598 5003 4670 5053 m.

2740 5073 3011 5263 HUm'QI)
3047 5140 3140 5195 De
3170 5142 3329 5197 reem
3362 5150 3543 5223 coeam
3572 5142 3764 5210 qanta·
3794 5141 3971 5223 tnqieq
3990 5141 4404 5223 difficulter-ibus
4437 5134 4665 5195 213oeae

2741 5211 2883 5273 noh,
2916 5210 3017 5346 Ῑὲ).
3038 5208 3154 5335 81²22
3187 5226 3346 5281 seqq„
3379 5227 3477 5281 qut
3510 5216 3690 5266 tamen
3724 5210 3791 5265 dc
3824 5211 3912 5265 lm
3946 5217 4124 5266 mum
4157 5212 4304 5267 κῶιἸ
4336 5211 4502 5268 habet-

2915 5348 3006 5414 10)
3045 5350 3139 5404 sic.
