<?xml version="1.0" encoding="UTF-8"?>
<!DOCTYPE html PUBLIC "-//W3C//DTD XHTML 1.0 Transitional//EN"
    "http://www.w3.org/TR/xhtml1/DTD/xhtml1-transitional.dtd">
<html xmlns="http://www.w3.org/1999/xhtml" xml:lang="en" lang="en">
 <head>
  <title>
</title>
<meta http-equiv="Content-Type" content="text/html;charset=utf-8" />
  <meta name='ocr-system' content='tesseract 3.04.00' />
  <meta name='ocr-capabilities' content='ocr_page ocr_carea ocr_par ocr_line ocrx_word'/>
</head>
<body>
  <div class='ocr_page' id='page_1' title='image "./ioanniscalvinio03unkngoog_0039.png"; bbox 0 0 4900 6167; ppageno 0'>
   <div class='ocr_carea' id='block_1_1' title="bbox 278 409 4307 486">
    <p class='ocr_par' dir='ltr' id='par_1_1' title="bbox 278 409 4307 486">
     <span class='ocr_line' id='line_1_1' title="bbox 278 409 4307 486; baseline 0.003 -14"><span class='ocrx_word' id='word_1_1' title='bbox 278 410 367 473; x_wconf 80' lang='lat'><strong>53</strong></span> <span class='ocrx_word' id='word_1_2' title='bbox 1080 448 1093 456; x_wconf 88' lang='lat'><em>-</em></span> <span class='ocrx_word' id='word_1_3' title='bbox 1988 412 2146 475; x_wconf 79' lang='lat'><strong>1551</strong></span> <span class='ocrx_word' id='word_1_4' title='bbox 2194 409 2662 478; x_wconf 79' lang='lat' dir='ltr'><strong>FEBBUAR.</strong></span> <span class='ocrx_word' id='word_1_5' title='bbox 4222 422 4307 486; x_wconf 74' lang='lat'><strong>54</strong></span> 
     </span>
    </p>
   </div>
   <div class='ocr_carea' id='block_1_2' title="bbox 268 593 2250 2883">
    <p class='ocr_par' dir='ltr' id='par_1_2' title="bbox 268 593 2250 2883">
     <span class='ocr_line' id='line_1_2' title="bbox 272 593 2245 663; baseline 0.001 -3"><span class='ocrx_word' id='word_1_6' title='bbox 272 593 467 660; x_wconf 81' lang='lat' dir='ltr'><strong>dolet</strong></span> <span class='ocrx_word' id='word_1_7' title='bbox 508 594 681 661; x_wconf 89' lang='lat' dir='ltr'><strong>hanc</strong></span> <span class='ocrx_word' id='word_1_8' title='bbox 744 615 885 660; x_wconf 90' lang='lat' dir='ltr'><strong>rem</strong></span> <span class='ocrx_word' id='word_1_9' title='bbox 930 614 1062 659; x_wconf 90' lang='lat' dir='ltr'><strong>non</strong></span> <span class='ocrx_word' id='word_1_10' title='bbox 1120 594 1432 662; x_wconf 87' lang='lat' dir='ltr'><strong>cecidisse</strong></span> <span class='ocrx_word' id='word_1_11' title='bbox 1475 595 1680 663; x_wconf 72' lang='lat' dir='ltr'><strong>aliter.</strong></span> <span class='ocrx_word' id='word_1_12' title='bbox 1774 594 1948 662; x_wconf 88' lang='lat' dir='ltr'><strong>Nam</strong></span> <span class='ocrx_word' id='word_1_13' title='bbox 2005 597 2076 661; x_wconf 90' lang='lat' dir='ltr'><strong>in</strong></span> <span class='ocrx_word' id='word_1_14' title='bbox 2120 596 2245 661; x_wconf 84' lang='lat' dir='ltr'><strong>hac</strong></span> 
     </span>
     <span class='ocr_line' id='line_1_3' title="bbox 282 679 2240 765; baseline 0.002 -20"><span class='ocrx_word' id='word_1_15' title='bbox 282 681 752 763; x_wconf 77' lang='lat' dir='ltr'><strong>propinatione</strong></span> <span class='ocrx_word' id='word_1_16' title='bbox 766 680 824 764; x_wconf 84' lang='lat'><strong>²)</strong></span> <span class='ocrx_word' id='word_1_17' title='bbox 862 680 979 744; x_wconf 83' lang='lat' dir='ltr'><strong>vix</strong></span> <span class='ocrx_word' id='word_1_18' title='bbox 1023 679 1187 747; x_wconf 88' lang='lat' dir='ltr'><strong>satis</strong></span> <span class='ocrx_word' id='word_1_19' title='bbox 1227 688 1536 764; x_wconf 88' lang='lat' dir='ltr'><strong>suppetet</strong></span> <span class='ocrx_word' id='word_1_20' title='bbox 1591 681 1906 765; x_wconf 89' lang='lat' dir='ltr'><strong>temporis</strong></span> <span class='ocrx_word' id='word_1_21' title='bbox 1952 680 2036 747; x_wconf 91' lang='lat' dir='ltr'><strong>ad</strong></span> <span class='ocrx_word' id='word_1_22' title='bbox 2078 681 2240 748; x_wconf 87' lang='lat' dir='ltr'><strong>libe-</strong></span> 
     </span>
     <span class='ocr_line' id='line_1_4' title="bbox 274 764 2240 849; baseline 0.002 -19"><span class='ocrx_word' id='word_1_23' title='bbox 274 764 523 830; x_wconf 85' lang='lat' dir='ltr'><strong>riorem</strong></span> <span class='ocrx_word' id='word_1_24' title='bbox 591 765 1143 849; x_wconf 83' lang='lat' dir='ltr'><strong>copiosioremque</strong></span> <span class='ocrx_word' id='word_1_25' title='bbox 1206 767 1843 833; x_wconf 73' lang='lat' dir='ltr'><strong>commentationem.</strong></span> <span class='ocrx_word' id='word_1_26' title='bbox 1961 766 2067 834; x_wconf 93' lang='lat' dir='ltr'><strong>De</strong></span> <span class='ocrx_word' id='word_1_27' title='bbox 2134 788 2240 833; x_wconf 93' lang='lat' dir='ltr'><strong>me</strong></span> 
     </span>
     <span class='ocr_line' id='line_1_5' title="bbox 278 851 2239 936; baseline 0.002 -21"><span class='ocrx_word' id='word_1_28' title='bbox 278 871 443 916; x_wconf 85' lang='lat' dir='ltr'><strong>vero</strong></span> <span class='ocrx_word' id='word_1_29' title='bbox 482 852 776 917; x_wconf 87' lang='lat' dir='ltr'><strong>incertus</strong></span> <span class='ocrx_word' id='word_1_30' title='bbox 819 851 1019 936; x_wconf 85' lang='lat' dir='ltr'><strong>plane</strong></span> <span class='ocrx_word' id='word_1_31' title='bbox 1062 872 1209 917; x_wconf 88' lang='lat' dir='ltr'><strong>sum</strong></span> <span class='ocrx_word' id='word_1_32' title='bbox 1254 851 1413 935; x_wconf 86' lang='lat' dir='ltr'><strong>quid</strong></span> <span class='ocrx_word' id='word_1_33' title='bbox 1456 852 1621 918; x_wconf 85' lang='lat' dir='ltr'><strong>certi</strong></span> <span class='ocrx_word' id='word_1_34' title='bbox 1664 852 2048 935; x_wconf 80' lang='lat' dir='ltr'><strong>promittere</strong></span> <span class='ocrx_word' id='word_1_35' title='bbox 2092 872 2239 936; x_wconf 89' lang='lat' dir='ltr'><strong>pos-</strong></span> 
     </span>
     <span class='ocr_line' id='line_1_6' title="bbox 272 934 2236 1022; baseline 0.001 -20"><span class='ocrx_word' id='word_1_36' title='bbox 272 937 426 1002; x_wconf 65' lang='lat' dir='ltr'><strong>sim·</strong></span> <span class='ocrx_word' id='word_1_37' title='bbox 525 934 916 1003; x_wconf 76' lang='lat' dir='ltr'><strong>statuebam</strong></span> <span class='ocrx_word' id='word_1_38' title='bbox 984 957 1091 1002; x_wconf 92' lang='lat' dir='ltr'><strong>me</strong></span> <span class='ocrx_word' id='word_1_39' title='bbox 1163 938 1467 1003; x_wconf 89' lang='lat' dir='ltr'><strong>comitem</strong></span> <span class='ocrx_word' id='word_1_40' title='bbox 1532 937 1893 1022; x_wconf 87' lang='lat' dir='ltr'><strong>adiungere</strong></span> <span class='ocrx_word' id='word_1_41' title='bbox 1961 936 2236 1017; x_wconf 78' lang='lat' dir='ltr'><strong>Calvino,</strong></span> 
     </span>
     <span class='ocr_line' id='line_1_7' title="bbox 278 1020 2238 1107; baseline 0.002 -21"><span class='ocrx_word' id='word_1_42' title='bbox 278 1020 398 1086; x_wconf 82' lang='lat' dir='ltr'><strong>sed</strong></span> <span class='ocrx_word' id='word_1_43' title='bbox 443 1041 679 1087; x_wconf 87' lang='lat' dir='ltr'><strong>vereor</strong></span> <span class='ocrx_word' id='word_1_44' title='bbox 714 1043 798 1088; x_wconf 92' lang='lat' dir='ltr'><strong>ne</strong></span> <span class='ocrx_word' id='word_1_45' title='bbox 840 1020 911 1087; x_wconf 91' lang='lat' dir='ltr'><strong>id</strong></span> <span class='ocrx_word' id='word_1_46' title='bbox 954 1021 1117 1087; x_wconf 91' lang='lat' dir='ltr'><strong>mihi</strong></span> <span class='ocrx_word' id='word_1_47' title='bbox 1172 1043 1407 1105; x_wconf 84' lang='lat' dir='ltr'><strong>parum</strong></span> <span class='ocrx_word' id='word_1_48' title='bbox 1455 1024 1542 1089; x_wconf 88' lang='lat' dir='ltr'><strong>sit</strong></span> <span class='ocrx_word' id='word_1_49' title='bbox 1584 1023 1921 1107; x_wconf 87' lang='lat' dir='ltr'><strong>integrum</strong></span> <span class='ocrx_word' id='word_1_50' title='bbox 1964 1043 2238 1107; x_wconf 83' lang='lat' dir='ltr'><strong>praepe-</strong></span> 
     </span>
     <span class='ocr_line' id='line_1_8' title="bbox 274 1104 2241 1186; baseline 0.002 -15"><span class='ocrx_word' id='word_1_51' title='bbox 274 1104 421 1172; x_wconf 81' lang='lat' dir='ltr'><strong>dito</strong></span> <span class='ocrx_word' id='word_1_52' title='bbox 465 1107 827 1173; x_wconf 84' lang='lat' dir='ltr'><strong>infirmiore</strong></span> <span class='ocrx_word' id='word_1_53' title='bbox 869 1107 1267 1174; x_wconf 84' lang='lat' dir='ltr'><strong>valetudine.</strong></span> <span class='ocrx_word' id='word_1_54' title='bbox 1332 1108 1504 1173; x_wconf 89' lang='lat' dir='ltr'><strong>Nam</strong></span> <span class='ocrx_word' id='word_1_55' title='bbox 1541 1107 1768 1173; x_wconf 90' lang='lat' dir='ltr'><strong>multis</strong></span> <span class='ocrx_word' id='word_1_56' title='bbox 1811 1110 1941 1173; x_wconf 87' lang='lat' dir='ltr'><strong>iam</strong></span> <span class='ocrx_word' id='word_1_57' title='bbox 1986 1108 2241 1186; x_wconf 85' lang='lat' dir='ltr'><strong>diebus,</strong></span> 
     </span>
     <span class='ocr_line' id='line_1_9' title="bbox 276 1193 2239 1279; baseline 0.002 -21"><span class='ocrx_word' id='word_1_58' title='bbox 276 1213 367 1258; x_wconf 85' lang='lat' dir='ltr'><strong>ex</strong></span> <span class='ocrx_word' id='word_1_59' title='bbox 412 1214 541 1276; x_wconf 87' lang='lat' dir='ltr'><strong>quo</strong></span> <span class='ocrx_word' id='word_1_60' title='bbox 585 1203 942 1277; x_wconf 89' lang='lat' dir='ltr'><strong>coeperunt</strong></span> <span class='ocrx_word' id='word_1_61' title='bbox 983 1201 1121 1258; x_wconf 87' lang='lat' dir='ltr'><strong>tam</strong></span> <span class='ocrx_word' id='word_1_62' title='bbox 1166 1193 1581 1278; x_wconf 77' lang='lat' dir='ltr'><strong>vehementia</strong></span> <span class='ocrx_word' id='word_1_63' title='bbox 1619 1214 1762 1260; x_wconf 89' lang='lat' dir='ltr'><strong>esse</strong></span> <span class='ocrx_word' id='word_1_64' title='bbox 1805 1194 2075 1279; x_wconf 83' lang='lat' dir='ltr'><strong>frigora,</strong></span> <span class='ocrx_word' id='word_1_65' title='bbox 2135 1215 2239 1261; x_wconf 88' lang='lat' dir='ltr'><strong>as-</strong></span> 
     </span>
     <span class='ocr_line' id='line_1_10' title="bbox 274 1277 2243 1357; baseline 0.001 -14"><span class='ocrx_word' id='word_1_66' title='bbox 274 1277 491 1345; x_wconf 88' lang='lat' dir='ltr'><strong>siduis</strong></span> <span class='ocrx_word' id='word_1_67' title='bbox 548 1279 683 1344; x_wconf 89' lang='lat' dir='ltr'><strong>fere</strong></span> <span class='ocrx_word' id='word_1_68' title='bbox 746 1280 841 1345; x_wconf 84' lang='lat' dir='ltr'><strong>fui</strong></span> <span class='ocrx_word' id='word_1_69' title='bbox 901 1278 1433 1345; x_wconf 76' lang='lat' dir='ltr'><strong>distillationibus</strong></span> <span class='ocrx_word' id='word_1_70' title='bbox 1498 1278 1846 1345; x_wconf 85' lang='lat' dir='ltr'><strong>infestatus</strong></span> <span class='ocrx_word' id='word_1_71' title='bbox 1862 1329 1879 1357; x_wconf 88' lang='lat'><strong>,</strong></span> <span class='ocrx_word' id='word_1_72' title='bbox 1950 1280 2117 1346; x_wconf 86' lang='lat' dir='ltr'><strong>tussi</strong></span> <span class='ocrx_word' id='word_1_73' title='bbox 2175 1286 2243 1345; x_wconf 93' lang='lat' dir='ltr'><strong>et</strong></span> 
     </span>
     <span class='ocr_line' id='line_1_11' title="bbox 278 1363 2242 1450; baseline -0.001 -20"><span class='ocrx_word' id='word_1_74' title='bbox 278 1364 653 1430; x_wconf 75' lang='lat' dir='ltr'><strong>raucedine.</strong></span> <span class='ocrx_word' id='word_1_75' title='bbox 681 1363 906 1447; x_wconf 79' lang='lat' dir='ltr'><strong>Quum</strong></span> <span class='ocrx_word' id='word_1_76' title='bbox 920 1373 1140 1430; x_wconf 87' lang='lat' dir='ltr'><strong>autem</strong></span> <span class='ocrx_word' id='word_1_77' title='bbox 1156 1365 1403 1449; x_wconf 78' lang='lat' dir='ltr'><strong>frigora</strong></span> <span class='ocrx_word' id='word_1_78' title='bbox 1424 1384 1495 1429; x_wconf 90' lang='lat' dir='ltr'><strong>se</strong></span> <span class='ocrx_word' id='word_1_79' title='bbox 1512 1364 1847 1430; x_wconf 83' lang='lat' dir='ltr'><strong>remittere</strong></span> <span class='ocrx_word' id='word_1_80' title='bbox 1868 1374 2242 1450; x_wconf 89' lang='lat' dir='ltr'><strong>coeperunt,</strong></span> 
     </span>
     <span class='ocr_line' id='line_1_12' title="bbox 275 1448 2245 1533; baseline -0.001 -17"><span class='ocrx_word' id='word_1_81' title='bbox 275 1449 484 1516; x_wconf 87' lang='lat' dir='ltr'><strong>cessit</strong></span> <span class='ocrx_word' id='word_1_82' title='bbox 516 1460 583 1515; x_wconf 88' lang='lat' dir='ltr'><strong>et</strong></span> <span class='ocrx_word' id='word_1_83' title='bbox 622 1451 886 1516; x_wconf 82' lang='lat' dir='ltr'><strong>morbus</strong></span> <span class='ocrx_word' id='word_1_84' title='bbox 904 1450 1225 1516; x_wconf 86' lang='lat' dir='ltr'><strong>nonnihil.</strong></span> <span class='ocrx_word' id='word_1_85' title='bbox 1291 1448 1443 1530; x_wconf 79' lang='lat' dir='ltr'><strong>Quo</strong></span> <span class='ocrx_word' id='word_1_86' title='bbox 1466 1471 1668 1533; x_wconf 92' lang='lat' dir='ltr'><strong>quum</strong></span> <span class='ocrx_word' id='word_1_87' title='bbox 1704 1471 1811 1516; x_wconf 89' lang='lat' dir='ltr'><strong>me</strong></span> <span class='ocrx_word' id='word_1_88' title='bbox 1853 1450 1986 1516; x_wconf 90' lang='lat' dir='ltr'><strong>iam</strong></span> <span class='ocrx_word' id='word_1_89' title='bbox 2032 1460 2245 1516; x_wconf 90' lang='lat' dir='ltr'><strong>totum</strong></span> 
     </span>
     <span class='ocr_line' id='line_1_13' title="bbox 272 1534 2243 1614; baseline 0 -12"><span class='ocrx_word' id='word_1_90' title='bbox 272 1556 431 1602; x_wconf 76' lang='lat' dir='ltr'><strong>esse</strong></span> <span class='ocrx_word' id='word_1_91' title='bbox 472 1535 819 1602; x_wconf 89' lang='lat' dir='ltr'><strong>liberatum</strong></span> <span class='ocrx_word' id='word_1_92' title='bbox 863 1537 1329 1614; x_wconf 79' lang='lat' dir='ltr'><strong>existimarem,</strong></span> <span class='ocrx_word' id='word_1_93' title='bbox 1375 1537 1446 1600; x_wconf 91' lang='lat' dir='ltr'><strong>in</strong></span> <span class='ocrx_word' id='word_1_94' title='bbox 1490 1556 1642 1602; x_wconf 91' lang='lat' dir='ltr'><strong>eum</strong></span> <span class='ocrx_word' id='word_1_95' title='bbox 1687 1534 1899 1601; x_wconf 91' lang='lat' dir='ltr'><strong>denuo</strong></span> <span class='ocrx_word' id='word_1_96' title='bbox 1940 1536 2243 1603; x_wconf 88' lang='lat' dir='ltr'><strong>incautus</strong></span> 
     </span>
     <span class='ocr_line' id='line_1_14' title="bbox 278 1621 2247 1688; baseline -0.001 -1"><span class='ocrx_word' id='word_1_97' title='bbox 278 1621 509 1688; x_wconf 88' lang='lat' dir='ltr'><strong>recidi.</strong></span> <span class='ocrx_word' id='word_1_98' title='bbox 598 1621 745 1686; x_wconf 86' lang='lat' dir='ltr'><strong>Non</strong></span> <span class='ocrx_word' id='word_1_99' title='bbox 792 1630 894 1687; x_wconf 92' lang='lat' dir='ltr'><strong>est</strong></span> <span class='ocrx_word' id='word_1_100' title='bbox 937 1632 1158 1686; x_wconf 85' lang='lat' dir='ltr'><strong>autem</strong></span> <span class='ocrx_word' id='word_1_101' title='bbox 1222 1630 1409 1686; x_wconf 84' lang='lat' dir='ltr'><strong>tanta</strong></span> <span class='ocrx_word' id='word_1_102' title='bbox 1465 1621 1623 1686; x_wconf 89' lang='lat' dir='ltr'><strong>mali</strong></span> <span class='ocrx_word' id='word_1_103' title='bbox 1686 1621 2109 1688; x_wconf 81' lang='lat' dir='ltr'><strong>vehementia</strong></span> <span class='ocrx_word' id='word_1_104' title='bbox 2169 1628 2247 1687; x_wconf 87' lang='lat' dir='ltr'><strong>ut</strong></span> 
     </span>
     <span class='ocr_line' id='line_1_15' title="bbox 275 1704 2242 1792; baseline -0.001 -20"><span class='ocrx_word' id='word_1_105' title='bbox 275 1728 393 1772; x_wconf 89' lang='lat' dir='ltr'><strong>me</strong></span> <span class='ocrx_word' id='word_1_106' title='bbox 437 1715 553 1772; x_wconf 90' lang='lat' dir='ltr'><strong>aut</strong></span> <span class='ocrx_word' id='word_1_107' title='bbox 592 1706 761 1773; x_wconf 87' lang='lat' dir='ltr'><strong>lecto</strong></span> <span class='ocrx_word' id='word_1_108' title='bbox 804 1707 1054 1792; x_wconf 84' lang='lat' dir='ltr'><strong>affligat</strong></span> <span class='ocrx_word' id='word_1_109' title='bbox 1089 1716 1206 1774; x_wconf 90' lang='lat' dir='ltr'><strong>aut</strong></span> <span class='ocrx_word' id='word_1_110' title='bbox 1240 1728 1349 1773; x_wconf 90' lang='lat' dir='ltr'><strong>me</strong></span> <span class='ocrx_word' id='word_1_111' title='bbox 1396 1707 1659 1790; x_wconf 88' lang='lat' dir='ltr'><strong>penitus</strong></span> <span class='ocrx_word' id='word_1_112' title='bbox 1695 1704 1874 1772; x_wconf 90' lang='lat' dir='ltr'><strong>domi</strong></span> <span class='ocrx_word' id='word_1_113' title='bbox 1916 1707 2242 1774; x_wconf 87' lang='lat' dir='ltr'><strong>cohibeat:</strong></span> 
     </span>
     <span class='ocr_line' id='line_1_16' title="bbox 275 1791 2249 1876; baseline -0.001 -18"><span class='ocrx_word' id='word_1_114' title='bbox 275 1792 405 1858; x_wconf 82' lang='lat' dir='ltr'><strong>sed</strong></span> <span class='ocrx_word' id='word_1_115' title='bbox 449 1813 657 1875; x_wconf 92' lang='lat' dir='ltr'><strong>neque</strong></span> <span class='ocrx_word' id='word_1_116' title='bbox 701 1801 834 1858; x_wconf 87' lang='lat' dir='ltr'><strong>tam</strong></span> <span class='ocrx_word' id='word_1_117' title='bbox 879 1814 926 1857; x_wconf 90' lang='lat' dir='ltr'><strong>n</strong></span> <span class='ocrx_word' id='word_1_118' title='bbox 1012 1791 1316 1876; x_wconf 87' lang='lat' dir='ltr'><strong>ligendus</strong></span> <span class='ocrx_word' id='word_1_119' title='bbox 1357 1804 1459 1858; x_wconf 89' lang='lat' dir='ltr'><strong>est</strong></span> <span class='ocrx_word' id='word_1_120' title='bbox 1490 1792 1776 1871; x_wconf 87' lang='lat' dir='ltr'><strong>morbus,</strong></span> <span class='ocrx_word' id='word_1_121' title='bbox 1818 1801 1897 1858; x_wconf 94' lang='lat' dir='ltr'><strong>ut</strong></span> <span class='ocrx_word' id='word_1_122' title='bbox 1930 1814 2037 1859; x_wconf 91' lang='lat' dir='ltr'><strong>me</strong></span> <span class='ocrx_word' id='word_1_123' title='bbox 2078 1794 2249 1860; x_wconf 87' lang='lat' dir='ltr'><strong>citra</strong></span> 
     </span>
     <span class='ocr_line' id='line_1_17' title="bbox 280 1813 2243 1962; baseline 0.002 -22"><span class='ocrx_word' id='word_1_124' title='bbox 280 1876 687 1943; x_wconf 83' lang='lat' dir='ltr'><strong>valetudinis</strong></span> <span class='ocrx_word' id='word_1_125' title='bbox 733 1813 1148 1962; x_wconf 53' lang='lat' dir='ltr'><strong>dispozffiium</strong></span> <span class='ocrx_word' id='word_1_126' title='bbox 1207 1885 1354 1943; x_wconf 89' lang='lat' dir='ltr'><strong>tuto</strong></span> <span class='ocrx_word' id='word_1_127' title='bbox 1395 1879 1554 1943; x_wconf 88' lang='lat' dir='ltr'><strong>satis</strong></span> <span class='ocrx_word' id='word_1_128' title='bbox 1608 1877 1756 1943; x_wconf 90' lang='lat' dir='ltr'><strong>viae</strong></span> <span class='ocrx_word' id='word_1_129' title='bbox 1798 1888 1867 1943; x_wconf 87' lang='lat' dir='ltr'><strong>et</strong></span> <span class='ocrx_word' id='word_1_130' title='bbox 1909 1877 2086 1944; x_wconf 91' lang='lat' dir='ltr'><strong>coelo</strong></span> <span class='ocrx_word' id='word_1_131' title='bbox 2127 1878 2243 1943; x_wconf 87' lang='lat' dir='ltr'><strong>fri·</strong></span> 
     </span>
     <span class='ocr_line' id='line_1_18' title="bbox 274 1961 2250 2048; baseline -0.001 -20"><span class='ocrx_word' id='word_1_132' title='bbox 274 1961 523 2048; x_wconf 83' lang='lat' dir='ltr'><strong>gidiori</strong></span> <span class='ocrx_word' id='word_1_133' title='bbox 565 1961 832 2030; x_wconf 88' lang='lat' dir='ltr'><strong>credere</strong></span> <span class='ocrx_word' id='word_1_134' title='bbox 875 1964 1154 2030; x_wconf 89' lang='lat' dir='ltr'><strong>valeam.</strong></span> <span class='ocrx_word' id='word_1_135' title='bbox 1241 1961 1432 2043; x_wconf 79' lang='lat' dir='ltr'><strong>Quae</strong></span> <span class='ocrx_word' id='word_1_136' title='bbox 1480 1962 1645 2028; x_wconf 90' lang='lat' dir='ltr'><strong>mihi</strong></span> <span class='ocrx_word' id='word_1_137' title='bbox 1710 1984 1816 2029; x_wconf 86' lang='lat' dir='ltr'><strong>res</strong></span> <span class='ocrx_word' id='word_1_138' title='bbox 1869 1983 2067 2030; x_wconf 87' lang='lat' dir='ltr'><strong>causa</strong></span> <span class='ocrx_word' id='word_1_139' title='bbox 2125 1963 2250 2029; x_wconf 87' lang='lat' dir='ltr'><strong>fuit</strong></span> 
     </span>
     <span class='ocr_line' id='line_1_19' title="bbox 277 2046 2243 2132; baseline 0 -19"><span class='ocrx_word' id='word_1_140' title='bbox 277 2057 365 2114; x_wconf 87' lang='lat' dir='ltr'><strong>ut</strong></span> <span class='ocrx_word' id='word_1_141' title='bbox 429 2047 677 2132; x_wconf 84' lang='lat' dir='ltr'><strong>aliquot</strong></span> <span class='ocrx_word' id='word_1_142' title='bbox 739 2046 1254 2116; x_wconf 83' lang='lat' dir='ltr'><strong>hebdomadibus</strong></span> <span class='ocrx_word' id='word_1_143' title='bbox 1336 2058 1645 2132; x_wconf 85' lang='lat' dir='ltr'><strong>tanquam</strong></span> <span class='ocrx_word' id='word_1_144' title='bbox 1728 2047 1959 2115; x_wconf 90' lang='lat' dir='ltr'><strong>claudo</strong></span> <span class='ocrx_word' id='word_1_145' title='bbox 2037 2048 2243 2115; x_wconf 86' lang='lat' dir='ltr'><strong>sutori</strong></span> 
     </span>
     <span class='ocr_line' id='line_1_20' title="bbox 275 2132 2243 2219; baseline 0 -19"><span class='ocrx_word' id='word_1_146' title='bbox 275 2132 464 2200; x_wconf 87' lang='lat' dir='ltr'><strong>domi</strong></span> <span class='ocrx_word' id='word_1_147' title='bbox 506 2134 708 2201; x_wconf 80' lang='lat' dir='ltr'><strong>fuerit</strong></span> <span class='ocrx_word' id='word_1_148' title='bbox 749 2134 834 2201; x_wconf 93' lang='lat' dir='ltr'><strong>ad</strong></span> <span class='ocrx_word' id='word_1_149' title='bbox 878 2136 1092 2201; x_wconf 83' lang='lat' dir='ltr'><strong>focum</strong></span> <span class='ocrx_word' id='word_1_150' title='bbox 1130 2133 1573 2200; x_wconf 86' lang='lat' dir='ltr'><strong>desidendum.</strong></span> <span class='ocrx_word' id='word_1_151' title='bbox 1640 2133 1811 2200; x_wconf 79' lang='lat' dir='ltr'><strong>Mihi</strong></span> <span class='ocrx_word' id='word_1_152' title='bbox 1847 2155 2243 2219; x_wconf 85' lang='lat' dir='ltr'><strong>magnopere</strong></span> 
     </span>
     <span class='ocr_line' id='line_1_21' title="bbox 274 2220 2243 2305; baseline 0 -19"><span class='ocrx_word' id='word_1_153' title='bbox 274 2220 418 2286; x_wconf 81' lang='lat' dir='ltr'><strong>erit</strong></span> <span class='ocrx_word' id='word_1_154' title='bbox 471 2220 819 2286; x_wconf 82' lang='lat' dir='ltr'><strong>molestum</strong></span> <span class='ocrx_word' id='word_1_155' title='bbox 871 2220 928 2286; x_wconf 92' lang='lat' dir='ltr'><strong>si</strong></span> <span class='ocrx_word' id='word_1_156' title='bbox 974 2240 1171 2305; x_wconf 86' lang='lat' dir='ltr'><strong>cogar</strong></span> <span class='ocrx_word' id='word_1_157' title='bbox 1215 2242 1254 2284; x_wconf 80' lang='lat' dir='ltr'><strong>a</strong></span> <span class='ocrx_word' id='word_1_158' title='bbox 1297 2229 1433 2286; x_wconf 86' lang='lat' dir='ltr'><strong>tam</strong></span> <span class='ocrx_word' id='word_1_159' title='bbox 1501 2229 1726 2285; x_wconf 86' lang='lat' dir='ltr'><strong>sancto</strong></span> <span class='ocrx_word' id='word_1_160' title='bbox 1769 2227 1955 2286; x_wconf 91' lang='lat' dir='ltr'><strong>coetu</strong></span> <span class='ocrx_word' id='word_1_161' title='bbox 1999 2221 2243 2295; x_wconf 89' lang='lat' dir='ltr'><strong>abesse,</strong></span> 
     </span>
     <span class='ocr_line' id='line_1_22' title="bbox 270 2303 2245 2372; baseline 0 -1"><span class='ocrx_word' id='word_1_162' title='bbox 270 2304 400 2371; x_wconf 84' lang='lat' dir='ltr'><strong>sed</strong></span> <span class='ocrx_word' id='word_1_163' title='bbox 461 2303 653 2371; x_wconf 86' lang='lat' dir='ltr'><strong>valde</strong></span> <span class='ocrx_word' id='word_1_164' title='bbox 706 2315 926 2371; x_wconf 90' lang='lat' dir='ltr'><strong>metuo</strong></span> <span class='ocrx_word' id='word_1_165' title='bbox 997 2313 1220 2371; x_wconf 89' lang='lat' dir='ltr'><strong>tamen</strong></span> <span class='ocrx_word' id='word_1_166' title='bbox 1293 2325 1374 2371; x_wconf 90' lang='lat' dir='ltr'><strong>ne</strong></span> <span class='ocrx_word' id='word_1_167' title='bbox 1442 2304 1605 2371; x_wconf 86' lang='lat' dir='ltr'><strong>haec</strong></span> <span class='ocrx_word' id='word_1_168' title='bbox 1665 2305 1825 2369; x_wconf 88' lang='lat' dir='ltr'><strong>mihi</strong></span> <span class='ocrx_word' id='word_1_169' title='bbox 1888 2307 2245 2372; x_wconf 86' lang='lat' dir='ltr'><strong>necessitas</strong></span> 
     </span>
     <span class='ocr_line' id='line_1_23' title="bbox 274 2389 2242 2474; baseline 0.001 -18"><span class='ocrx_word' id='word_1_170' title='bbox 274 2391 461 2457; x_wconf 85' lang='lat' dir='ltr'><strong>hanc</strong></span> <span class='ocrx_word' id='word_1_171' title='bbox 502 2391 903 2474; x_wconf 85' lang='lat' dir='ltr'><strong>praeclaram</strong></span> <span class='ocrx_word' id='word_1_172' title='bbox 947 2392 1350 2459; x_wconf 88' lang='lat' dir='ltr'><strong>occasionem</strong></span> <span class='ocrx_word' id='word_1_173' title='bbox 1396 2389 1747 2474; x_wconf 85' lang='lat' dir='ltr'><strong>praecidat.</strong></span> <span class='ocrx_word' id='word_1_174' title='bbox 1819 2389 2046 2471; x_wconf 79' lang='lat' dir='ltr'><strong>Quum</strong></span> <span class='ocrx_word' id='word_1_175' title='bbox 2094 2389 2242 2457; x_wconf 85' lang='lat' dir='ltr'><strong>Cal·</strong></span> 
     </span>
     <span class='ocr_line' id='line_1_24' title="bbox 272 2474 2243 2559; baseline 0.002 -19"><span class='ocrx_word' id='word_1_176' title='bbox 272 2477 475 2541; x_wconf 66' lang='grc' dir='ltr'><strong>νίκασε</strong></span> <span class='ocrx_word' id='word_1_177' title='bbox 525 2475 655 2541; x_wconf 89' lang='lat' dir='ltr'><strong>huc</strong></span> <span class='ocrx_word' id='word_1_178' title='bbox 699 2476 1072 2556; x_wconf 84' lang='lat' dir='ltr'><strong>advenerit,</strong></span> <span class='ocrx_word' id='word_1_179' title='bbox 1131 2476 1389 2544; x_wconf 76' lang='lat' dir='ltr'><strong>facilius</strong></span> <span class='ocrx_word' id='word_1_180' title='bbox 1447 2483 1607 2542; x_wconf 83' lang='lat' dir='ltr'><strong>tunc</strong></span> <span class='ocrx_word' id='word_1_181' title='bbox 1672 2474 1963 2542; x_wconf 88' lang='lat' dir='ltr'><strong>iudicare</strong></span> <span class='ocrx_word' id='word_1_182' title='bbox 2018 2485 2243 2559; x_wconf 88' lang='lat' dir='ltr'><strong>potero</strong></span> 
     </span>
     <span class='ocr_line' id='line_1_25' title="bbox 268 2559 2244 2645; baseline 0.001 -18"><span class='ocrx_word' id='word_1_183' title='bbox 268 2559 443 2645; x_wconf 85' lang='lat' dir='ltr'><strong>quid</strong></span> <span class='ocrx_word' id='word_1_184' title='bbox 510 2573 798 2645; x_wconf 86' lang='lat' dir='ltr'><strong>tempus,</strong></span> <span class='ocrx_word' id='word_1_185' title='bbox 867 2563 1022 2645; x_wconf 91' lang='lat' dir='ltr'><strong>quid</strong></span> <span class='ocrx_word' id='word_1_186' title='bbox 1077 2564 1254 2628; x_wconf 91' lang='lat' dir='ltr'><strong>vires</strong></span> <span class='ocrx_word' id='word_1_187' title='bbox 1315 2564 1488 2628; x_wconf 88' lang='lat' dir='ltr'><strong>ferre</strong></span> <span class='ocrx_word' id='word_1_188' title='bbox 1540 2561 1809 2644; x_wconf 84' lang='lat' dir='ltr'><strong>possint.</strong></span> <span class='ocrx_word' id='word_1_189' title='bbox 1898 2561 2125 2627; x_wconf 89' lang='lat' dir='ltr'><strong>Nostri</strong></span> <span class='ocrx_word' id='word_1_190' title='bbox 2180 2571 2244 2628; x_wconf 87' lang='lat' dir='ltr'><strong>te</strong></span> 
     </span>
     <span class='ocr_line' id='line_1_26' title="bbox 274 2646 2245 2733; baseline 0.002 -22"><span class='ocrx_word' id='word_1_191' title='bbox 274 2666 516 2713; x_wconf 85' lang='lat' dir='ltr'><strong>omnes</strong></span> <span class='ocrx_word' id='word_1_192' title='bbox 558 2647 882 2728; x_wconf 85' lang='lat' dir='ltr'><strong>salutant,</strong></span> <span class='ocrx_word' id='word_1_193' title='bbox 947 2650 1330 2733; x_wconf 88' lang='lat' dir='ltr'><strong>praesertim</strong></span> <span class='ocrx_word' id='word_1_194' title='bbox 1377 2666 1548 2713; x_wconf 85' lang='lat' dir='ltr'><strong>uxor</strong></span> <span class='ocrx_word' id='word_1_195' title='bbox 1590 2654 1659 2711; x_wconf 88' lang='lat' dir='ltr'><strong>et</strong></span> <span class='ocrx_word' id='word_1_196' title='bbox 1701 2646 1917 2713; x_wconf 87' lang='lat' dir='ltr'><strong>filiola.</strong></span> <span class='ocrx_word' id='word_1_197' title='bbox 2008 2646 2245 2714; x_wconf 84' lang='lat' dir='ltr'><strong>Saluta</strong></span> 
     </span>
     <span class='ocr_line' id='line_1_27' title="bbox 271 2733 1321 2800; baseline 0.001 -3"><span class='ocrx_word' id='word_1_198' title='bbox 271 2733 532 2799; x_wconf 82' lang='lat' dir='ltr'><strong>amicos</strong></span> <span class='ocrx_word' id='word_1_199' title='bbox 578 2753 721 2798; x_wconf 92' lang='lat' dir='ltr'><strong>meo</strong></span> <span class='ocrx_word' id='word_1_200' title='bbox 759 2735 1043 2800; x_wconf 90' lang='lat' dir='ltr'><strong>nomine.</strong></span> <span class='ocrx_word' id='word_1_201' title='bbox 1132 2733 1321 2799; x_wconf 85' lang='lat' dir='ltr'><strong>Vale.</strong></span> 
     </span>
     <span class='ocr_line' id='line_1_28' title="bbox 271 2819 641 2883; baseline 0 -1"><span class='ocrx_word' id='word_1_202' title='bbox 271 2819 407 2882; x_wconf 83' lang='lat' dir='ltr'><strong>arii</strong></span> <span class='ocrx_word' id='word_1_203' title='bbox 461 2823 641 2883; x_wconf 84' lang='lat'><strong>1551.</strong></span> 
     </span>
    </p>
   </div>
   <div class='ocr_carea' id='block_1_3' title="bbox 1397 2733 2243 2800">
    <p class='ocr_par' dir='ltr' id='par_1_3' title="bbox 1397 2733 2243 2800">
     <span class='ocr_line' id='line_1_29' title="bbox 1397 2733 2243 2800; baseline 0 -1"><span class='ocrx_word' id='word_1_204' title='bbox 1397 2735 1795 2800; x_wconf 87' lang='lat' dir='ltr'><strong>Lausannae</strong></span> <span class='ocrx_word' id='word_1_205' title='bbox 1841 2735 1940 2797; x_wconf 80' lang='lat'><strong>26.</strong></span> <span class='ocrx_word' id='word_1_206' title='bbox 1987 2733 2243 2799; x_wconf 82' lang='lat' dir='ltr'><strong>Febru-</strong></span> 
     </span>
    </p>
   </div>
   <div class='ocr_carea' id='block_1_4' title="bbox 1260 2901 2066 2970">
    <p class='ocr_par' dir='ltr' id='par_1_4' title="bbox 1260 2901 2066 2970">
     <span class='ocr_line' id='line_1_30' title="bbox 1260 2901 2066 2970; baseline 0.002 -2"><span class='ocrx_word' id='word_1_207' title='bbox 1260 2904 1445 2968; x_wconf 73' lang='lat' dir='ltr'><strong>&#39;I&#39;uus</strong></span> <span class='ocrx_word' id='word_1_208' title='bbox 1488 2902 1730 2969; x_wconf 85' lang='lat' dir='ltr'><strong>Petrus</strong></span> <span class='ocrx_word' id='word_1_209' title='bbox 1775 2901 2066 2970; x_wconf 85' lang='lat' dir='ltr'><strong>Viretus.</strong></span> 
     </span>
    </p>
   </div>
   <div class='ocr_carea' id='block_1_5' title="bbox 731 3412 1811 3637">
    <p class='ocr_par' dir='ltr' id='par_1_5' title="bbox 731 3412 1811 3637">
     <span class='ocr_line' id='line_1_31' title="bbox 1174 3412 1361 3483; baseline -0.005 -3"><span class='ocrx_word' id='word_1_210' title='bbox 1174 3412 1361 3483; x_wconf 71' lang='lat'><strong>1452.</strong></span> 
     </span>
     <span class='ocr_line' id='line_1_32' title="bbox 731 3566 1811 3637; baseline 0 -4"><span class='ocrx_word' id='word_1_211' title='bbox 731 3566 1333 3637; x_wconf 68' lang='lat' dir='ltr'>&#39;PREMELLIUS</span> <span class='ocrx_word' id='word_1_212' title='bbox 1374 3568 1811 3635; x_wconf 81' lang='lat' dir='ltr'><strong>GALVINO.</strong></span> 
     </span>
    </p>
   </div>
   <div class='ocr_carea' id='block_1_6' title="bbox 282 3738 2249 3892">
    <p class='ocr_par' dir='ltr' id='par_1_6' title="bbox 282 3738 2249 3892">
     <span class='ocr_line' id='line_1_33' title="bbox 471 3738 2249 3825; baseline 0.001 -19"><span class='ocrx_word' id='word_1_213' title='bbox 471 3738 663 3822; x_wconf 74' lang='lat' dir='ltr'><strong>Offert</strong></span> <span class='ocrx_word' id='word_1_214' title='bbox 703 3759 958 3823; x_wconf 77' lang='lat' dir='ltr'><strong>operam</strong></span> <span class='ocrx_word' id='word_1_215' title='bbox 993 3760 1180 3805; x_wconf 78' lang='lat' dir='ltr'><strong>suam</strong></span> <span class='ocrx_word' id='word_1_216' title='bbox 1220 3740 1293 3805; x_wconf 80' lang='lat' dir='ltr'><strong>in</strong></span> <span class='ocrx_word' id='word_1_217' title='bbox 1325 3758 1506 3820; x_wconf 75' lang='lat' dir='ltr'><strong>opere</strong></span> <span class='ocrx_word' id='word_1_218' title='bbox 1549 3760 1593 3805; x_wconf 91' lang='lat' dir='ltr'><strong>a</strong></span> <span class='ocrx_word' id='word_1_219' title='bbox 1642 3739 2249 3825; x_wconf 75' lang='lat' dir='ltr'><strong>Gonevensibuspa·</strong></span> 
     </span>
     <span class='ocr_line' id='line_1_34' title="bbox 282 3824 907 3892; baseline -0.005 0"><span class='ocrx_word' id='word_1_220' title='bbox 282 3830 433 3892; x_wconf 81' lang='lat' dir='ltr'><strong>rato</strong></span> <span class='ocrx_word' id='word_1_221' title='bbox 471 3824 907 3892; x_wconf 65' lang='lat' dir='ltr'><strong>collocandam.</strong></span> 
     </span>
    </p>
   </div>
   <div class='ocr_carea' id='block_1_7' title="bbox 577 3993 1966 4065">
    <p class='ocr_par' dir='ltr' id='par_1_7' title="bbox 577 3993 1966 4065">
     <span class='ocr_line' id='line_1_35' title="bbox 577 3993 1966 4065; baseline 0.001 -16"><span class='ocrx_word' id='word_1_222' title='bbox 577 3995 689 4060; x_wconf 82' lang='lat' dir='ltr'><strong>(Ex</strong></span> <span class='ocrx_word' id='word_1_223' title='bbox 726 3994 1065 4065; x_wconf 78' lang='lat' dir='ltr'><strong>autographo</strong></span> <span class='ocrx_word' id='word_1_224' title='bbox 1101 3994 1233 4049; x_wconf 89' lang='lat' dir='ltr'><strong>Cod.</strong></span> <span class='ocrx_word' id='word_1_225' title='bbox 1271 3994 1502 4050; x_wconf 77' lang='lat' dir='ltr'><strong>Gothani</strong></span> <span class='ocrx_word' id='word_1_226' title='bbox 1534 3993 1653 4060; x_wconf 80' lang='lat'><strong>405,</strong></span> <span class='ocrx_word' id='word_1_227' title='bbox 1690 3996 1780 4050; x_wconf 79' lang='lat' dir='ltr'><strong>fol.</strong></span> <span class='ocrx_word' id='word_1_228' title='bbox 1820 3996 1966 4064; x_wconf 88' lang='lat'><strong>100.)</strong></span> 
     </span>
    </p>
   </div>
   <div class='ocr_carea' id='block_1_8' title="bbox 312 4154 2217 4249">
    <p class='ocr_par' dir='ltr' id='par_1_8' title="bbox 312 4154 2217 4249">
     <span class='ocr_line' id='line_1_36' title="bbox 312 4154 2217 4249; baseline 0.002 -19"><span class='ocrx_word' id='word_1_229' title='bbox 312 4165 604 4231; x_wconf 86' lang='lat' dir='ltr'><strong>Domino</strong></span> <span class='ocrx_word' id='word_1_230' title='bbox 649 4166 932 4234; x_wconf 83' lang='lat' dir='ltr'><strong>Calvino</strong></span> <span class='ocrx_word' id='word_1_231' title='bbox 977 4186 1123 4232; x_wconf 88' lang='lat' dir='ltr'><strong>meo</strong></span> <span class='ocrx_word' id='word_1_232' title='bbox 1166 4167 1242 4231; x_wconf 91' lang='lat' dir='ltr'><strong>in</strong></span> <span class='ocrx_word' id='word_1_233' title='bbox 1285 4166 1555 4232; x_wconf 80' lang='lat' dir='ltr'><strong>Christo</strong></span> <span class='ocrx_word' id='word_1_234' title='bbox 1599 4167 1774 4249; x_wconf 89' lang='lat' dir='ltr'><strong>patri</strong></span> <span class='ocrx_word' id='word_1_235' title='bbox 1818 4154 2217 4234; x_wconf 84' lang='lat' dir='ltr'><strong>venerando.</strong></span> 
     </span>
    </p>
   </div>
   <div class='ocr_carea' id='block_1_9' title="bbox 288 4301 2255 5156">
    <p class='ocr_par' dir='ltr' id='par_1_9' title="bbox 288 4301 2255 5156">
     <span class='ocr_line' id='line_1_37' title="bbox 463 4301 2249 4388; baseline 0.001 -20"><span class='ocrx_word' id='word_1_236' title='bbox 463 4301 685 4385; x_wconf 77' lang='lat' dir='ltr'><strong>Quam</strong></span> <span class='ocrx_word' id='word_1_237' title='bbox 731 4322 1061 4388; x_wconf 86' lang='lat' dir='ltr'><strong>propenso</strong></span> <span class='ocrx_word' id='word_1_238' title='bbox 1100 4303 1319 4369; x_wconf 87' lang='lat' dir='ltr'><strong>animo</strong></span> <span class='ocrx_word' id='word_1_239' title='bbox 1361 4321 1577 4368; x_wconf 91' lang='lat' dir='ltr'><strong>meam</strong></span> <span class='ocrx_word' id='word_1_240' title='bbox 1623 4322 1889 4386; x_wconf 88' lang='lat' dir='ltr'><strong>operam</strong></span> <span class='ocrx_word' id='word_1_241' title='bbox 1935 4303 2087 4383; x_wconf 86' lang='lat' dir='ltr'><strong>tibi,</strong></span> <span class='ocrx_word' id='word_1_242' title='bbox 2134 4325 2249 4370; x_wconf 93' lang='lat' dir='ltr'><strong>ve-</strong></span> 
     </span>
     <span class='ocr_line' id='line_1_38' title="bbox 288 4386 2250 4473; baseline 0.001 -19"><span class='ocrx_word' id='word_1_243' title='bbox 288 4386 585 4454; x_wconf 86' lang='lat' dir='ltr'><strong>nerande</strong></span> <span class='ocrx_word' id='word_1_244' title='bbox 628 4396 845 4473; x_wconf 88' lang='lat' dir='ltr'><strong>pater,</strong></span> <span class='ocrx_word' id='word_1_245' title='bbox 884 4409 1001 4473; x_wconf 88' lang='lat' dir='ltr'><strong>per</strong></span> <span class='ocrx_word' id='word_1_246' title='bbox 1042 4388 1211 4456; x_wconf 85' lang='lat' dir='ltr'><strong>Rob.</strong></span> <span class='ocrx_word' id='word_1_247' title='bbox 1261 4387 1646 4470; x_wconf 73' lang='lat' dir='ltr'><strong>Stephanum</strong></span> <span class='ocrx_word' id='word_1_248' title='bbox 1688 4388 1926 4466; x_wconf 90' lang='lat' dir='ltr'><strong>obtuli,</strong></span> <span class='ocrx_word' id='word_1_249' title='bbox 1973 4396 2109 4454; x_wconf 90' lang='lat' dir='ltr'><strong>tam</strong></span> <span class='ocrx_word' id='word_1_250' title='bbox 2155 4388 2250 4455; x_wconf 88' lang='lat' dir='ltr'><strong>di-</strong></span> 
     </span>
     <span class='ocr_line' id='line_1_39' title="bbox 292 4473 2250 4558; baseline 0.001 -19"><span class='ocrx_word' id='word_1_251' title='bbox 292 4473 521 4557; x_wconf 82' lang='lat' dir='ltr'><strong>ligenti</strong></span> <span class='ocrx_word' id='word_1_252' title='bbox 568 4473 785 4541; x_wconf 88' lang='lat' dir='ltr'><strong>studio</strong></span> <span class='ocrx_word' id='word_1_253' title='bbox 829 4494 975 4540; x_wconf 88' lang='lat' dir='ltr'><strong>eam</strong></span> <span class='ocrx_word' id='word_1_254' title='bbox 994 4495 1021 4552; x_wconf 91' lang='lat'><strong>,·</strong></span> <span class='ocrx_word' id='word_1_255' title='bbox 1064 4484 1380 4557; x_wconf 89' lang='lat' dir='ltr'><strong>quantum</strong></span> <span class='ocrx_word' id='word_1_256' title='bbox 1427 4494 1542 4558; x_wconf 87' lang='lat' dir='ltr'><strong>per</strong></span> <span class='ocrx_word' id='word_1_257' title='bbox 1585 4494 1826 4539; x_wconf 88' lang='lat' dir='ltr'><strong>munus</strong></span> <span class='ocrx_word' id='word_1_258' title='bbox 1868 4494 2091 4539; x_wconf 91' lang='lat' dir='ltr'><strong>meum</strong></span> <span class='ocrx_word' id='word_1_259' title='bbox 2138 4494 2250 4541; x_wconf 89' lang='lat' dir='ltr'><strong>va-</strong></span> 
     </span>
     <span class='ocr_line' id='line_1_40' title="bbox 292 4557 2252 4644; baseline 0 -18"><span class='ocrx_word' id='word_1_260' title='bbox 292 4557 495 4638; x_wconf 89' lang='lat' dir='ltr'><strong>cabit,</strong></span> <span class='ocrx_word' id='word_1_261' title='bbox 567 4559 880 4626; x_wconf 82' lang='lat' dir='ltr'><strong>exhibere</strong></span> <span class='ocrx_word' id='word_1_262' title='bbox 949 4558 1340 4644; x_wconf 85' lang='lat' dir='ltr'><strong>advigilabo.</strong></span> <span class='ocrx_word' id='word_1_263' title='bbox 1440 4560 1540 4625; x_wconf 88' lang='lat' dir='ltr'><strong>Ac</strong></span> <span class='ocrx_word' id='word_1_264' title='bbox 1613 4559 1866 4625; x_wconf 88' lang='lat' dir='ltr'><strong>utinam</strong></span> <span class='ocrx_word' id='word_1_265' title='bbox 1922 4557 2252 4626; x_wconf 90' lang='lat' dir='ltr'><strong>Dominus</strong></span> 
     </span>
     <span class='ocr_line' id='line_1_41' title="bbox 297 4644 2248 4729; baseline 0 -19"><span class='ocrx_word' id='word_1_266' title='bbox 297 4646 504 4712; x_wconf 89' lang='lat' dir='ltr'><strong>sancti</strong></span> <span class='ocrx_word' id='word_1_267' title='bbox 583 4646 897 4729; x_wconf 87' lang='lat' dir='ltr'><strong>propositi</strong></span> <span class='ocrx_word' id='word_1_268' title='bbox 961 4652 1259 4729; x_wconf 89' lang='lat' dir='ltr'><strong>optatum</strong></span> <span class='ocrx_word' id='word_1_269' title='bbox 1329 4645 1589 4728; x_wconf 85' lang='lat' dir='ltr'><strong>utrique</strong></span> <span class='ocrx_word' id='word_1_270' title='bbox 1661 4646 1859 4711; x_wconf 87' lang='lat' dir='ltr'><strong>finem</strong></span> <span class='ocrx_word' id='word_1_271' title='bbox 1917 4644 2248 4712; x_wconf 80' lang='lat' dir='ltr'><strong>concedat.</strong></span> 
     </span>
     <span class='ocr_line' id='line_1_42' title="bbox 299 4728 2253 4814; baseline 0.001 -19"><span class='ocrx_word' id='word_1_272' title='bbox 299 4728 425 4795; x_wconf 83' lang='lat' dir='ltr'><strong>Oui</strong></span> <span class='ocrx_word' id='word_1_273' title='bbox 466 4751 628 4797; x_wconf 91' lang='lat' dir='ltr'><strong>sane</strong></span> <span class='ocrx_word' id='word_1_274' title='bbox 670 4750 896 4796; x_wconf 90' lang='lat' dir='ltr'><strong>meum</strong></span> <span class='ocrx_word' id='word_1_275' title='bbox 940 4729 1233 4796; x_wconf 78' lang='lat' dir='ltr'><strong>studium</strong></span> <span class='ocrx_word' id='word_1_276' title='bbox 1267 4749 1344 4794; x_wconf 93' lang='lat' dir='ltr'><strong>eo</strong></span> <span class='ocrx_word' id='word_1_277' title='bbox 1387 4729 1701 4796; x_wconf 89' lang='lat' dir='ltr'><strong>libentius</strong></span> <span class='ocrx_word' id='word_1_278' title='bbox 1735 4729 2043 4814; x_wconf 89' lang='lat' dir='ltr'><strong>impendo</strong></span> <span class='ocrx_word' id='word_1_279' title='bbox 2079 4729 2253 4814; x_wconf 93' lang='lat' dir='ltr'><strong>quod</strong></span> 
     </span>
     <span class='ocr_line' id='line_1_43' title="bbox 300 4814 2253 4901; baseline 0.002 -21"><span class='ocrx_word' id='word_1_280' title='bbox 300 4835 444 4898; x_wconf 86' lang='lat' dir='ltr'><strong>spes</strong></span> <span class='ocrx_word' id='word_1_281' title='bbox 507 4823 611 4882; x_wconf 90' lang='lat' dir='ltr'><strong>est</strong></span> <span class='ocrx_word' id='word_1_282' title='bbox 665 4816 947 4901; x_wconf 87' lang='lat' dir='ltr'><strong>aliquem</strong></span> <span class='ocrx_word' id='word_1_283' title='bbox 1005 4836 1090 4881; x_wconf 85' lang='lat' dir='ltr'><strong>ex</strong></span> <span class='ocrx_word' id='word_1_284' title='bbox 1133 4835 1210 4881; x_wconf 92' lang='lat' dir='ltr'><strong>eo</strong></span> <span class='ocrx_word' id='word_1_285' title='bbox 1265 4815 1553 4881; x_wconf 78' lang='lat' dir='ltr'><strong>fructum</strong></span> <span class='ocrx_word' id='word_1_286' title='bbox 1612 4814 1696 4881; x_wconf 85' lang='lat' dir='ltr'><strong>ad</strong></span> <span class='ocrx_word' id='word_1_287' title='bbox 1738 4836 1953 4882; x_wconf 90' lang='lat' dir='ltr'><strong>meam</strong></span> <span class='ocrx_word' id='word_1_288' title='bbox 1998 4836 2253 4900; x_wconf 91' lang='lat' dir='ltr'><strong>quoque</strong></span> 
     </span>
     <span class='ocr_line' id='line_1_44' title="bbox 300 4900 2255 4985; baseline 0.002 -20"><span class='ocrx_word' id='word_1_289' title='bbox 300 4911 559 4984; x_wconf 83' lang='lat' dir='ltr'><strong>gentem</strong></span> <span class='ocrx_word' id='word_1_290' title='bbox 648 4908 1101 4969; x_wconf 87' lang='lat' dir='ltr'><strong>roventurum.</strong></span> <span class='ocrx_word' id='word_1_291' title='bbox 1190 4901 1596 4966; x_wconf 80' lang='lat' dir='ltr'><strong>Punctorum</strong></span> <span class='ocrx_word' id='word_1_292' title='bbox 1642 4900 2143 4985; x_wconf 72' lang='lat' dir='ltr'><strong>adscriptionem</strong></span> <span class='ocrx_word' id='word_1_293' title='bbox 2188 4908 2255 4968; x_wconf 93' lang='lat' dir='ltr'><strong>et</strong></span> 
     </span>
     <span class='ocr_line' id='line_1_45' title="bbox 299 4923 2252 5072; baseline 0.001 -21"><span class='ocrx_word' id='word_1_294' title='bbox 299 4923 647 5070; x_wconf 69' lang='lat' dir='ltr'><strong>quidquidp</strong></span> <span class='ocrx_word' id='word_1_295' title='bbox 652 4996 994 5072; x_wconf 86' lang='lat' dir='ltr'><strong>praeterea</strong></span> <span class='ocrx_word' id='word_1_296' title='bbox 1028 4985 1408 5070; x_wconf 84' lang='lat' dir='ltr'><strong>diligentiae</strong></span> <span class='ocrx_word' id='word_1_297' title='bbox 1450 4986 1615 5051; x_wconf 89' lang='lat' dir='ltr'><strong>mihi</strong></span> <span class='ocrx_word' id='word_1_298' title='bbox 1650 4987 2094 5071; x_wconf 76' lang='lat' dir='ltr'><strong>imposueritis</strong></span> <span class='ocrx_word' id='word_1_299' title='bbox 2139 5009 2252 5053; x_wconf 86' lang='lat' dir='ltr'><strong>cu·</strong></span> 
     </span>
     <span class='ocr_line' id='line_1_46' title="bbox 304 5069 2253 5156; baseline 0.003 -22"><span class='ocrx_word' id='word_1_300' title='bbox 304 5069 447 5152; x_wconf 89' lang='lat' dir='ltr'><strong>pide</strong></span> <span class='ocrx_word' id='word_1_301' title='bbox 498 5073 799 5155; x_wconf 64' lang='lat' dir='ltr'><strong>recipio·</strong></span> <span class='ocrx_word' id='word_1_302' title='bbox 845 5070 952 5139; x_wconf 92' lang='lat' dir='ltr'><strong>De</strong></span> <span class='ocrx_word' id='word_1_303' title='bbox 1011 5073 1206 5139; x_wconf 90' lang='lat' dir='ltr'><strong>rebus</strong></span> <span class='ocrx_word' id='word_1_304' title='bbox 1271 5071 1575 5138; x_wconf 91' lang='lat' dir='ltr'><strong>omnibus</strong></span> <span class='ocrx_word' id='word_1_305' title='bbox 1633 5073 1855 5156; x_wconf 87' lang='lat' dir='ltr'><strong>plures</strong></span> <span class='ocrx_word' id='word_1_306' title='bbox 1919 5093 2062 5140; x_wconf 91' lang='lat' dir='ltr'><strong>esse</strong></span> <span class='ocrx_word' id='word_1_307' title='bbox 2119 5073 2253 5141; x_wconf 91' lang='lat' dir='ltr'><strong>scio</strong></span> 
     </span>
    </p>
   </div>
   <div class='ocr_carea' id='block_1_10' title="bbox 303 5224 707 5239">
    <p class='ocr_par' dir='ltr' id='par_1_10' title="bbox 303 5224 707 5239">
     <span class='ocr_line' id='line_1_47' title="bbox 303 5224 707 5239; baseline 0 928"><span class='ocrx_word' id='word_1_308' title='bbox 303 5224 707 5239; x_wconf 95' lang='lat' dir='ltr'><strong> </strong></span> 
     </span>
    </p>
   </div>
   <div class='ocr_carea' id='block_1_11' title="bbox 503 5312 1929 5383">
    <p class='ocr_par' dir='ltr' id='par_1_11' title="bbox 503 5312 1929 5383">
     <span class='ocr_line' id='line_1_48' title="bbox 503 5312 1929 5383; baseline 0.001 -18"><span class='ocrx_word' id='word_1_309' title='bbox 503 5312 563 5379; x_wconf 81' lang='grc'><strong>2)</strong></span> <span class='ocrx_word' id='word_1_310' title='bbox 609 5313 726 5368; x_wconf 67' lang='lat' dir='ltr'><strong>Vox</strong></span> <span class='ocrx_word' id='word_1_311' title='bbox 764 5313 933 5369; x_wconf 72' lang='lat' dir='ltr'><strong>dubia</strong></span> <span class='ocrx_word' id='word_1_312' title='bbox 970 5312 1429 5383; x_wconf 73' lang='lat' dir='ltr'><strong>(propiciatione‘t</strong></span> <span class='ocrx_word' id='word_1_313' title='bbox 1464 5312 1849 5382; x_wconf 81' lang='lat' dir='ltr'><strong>properatione</strong></span> <span class='ocrx_word' id='word_1_314' title='bbox 1859 5313 1929 5380; x_wconf 63' lang='lat' dir='ltr'><strong>ff).</strong></span> 
     </span>
    </p>
   </div>
   <div class='ocr_carea' id='block_1_12' title="bbox 2291 597 2310 5350">
    <p class='ocr_par' dir='ltr' id='par_1_12' title="bbox 2291 597 2310 5350">
     <span class='ocr_line' id='line_1_49' title="bbox 2291 597 2310 5350; baseline 0 0"><span class='ocrx_word' id='word_1_315' title='bbox 2291 597 2310 5350; x_wconf 95' lang='lat' dir='ltr'><strong> </strong></span> 
     </span>
    </p>
   </div>
   <div class='ocr_carea' id='block_1_13' title="bbox 2342 596 4312 1285">
    <p class='ocr_par' dir='ltr' id='par_1_13' title="bbox 2342 596 4312 1285">
     <span class='ocr_line' id='line_1_50' title="bbox 2345 596 4309 703; baseline 0.005 -41"><span class='ocrx_word' id='word_1_316' title='bbox 2345 597 2457 680; x_wconf 88' lang='lat' dir='ltr'><strong>qui</strong></span> <span class='ocrx_word' id='word_1_317' title='bbox 2515 596 2597 662; x_wconf 84' lang='lat' dir='ltr'><strong>ad</strong></span> <span class='ocrx_word' id='word_1_318' title='bbox 2651 603 2720 663; x_wconf 89' lang='lat' dir='ltr'><strong>te</strong></span> <span class='ocrx_word' id='word_1_319' title='bbox 2775 597 3203 698; x_wconf 74' lang='lat' dir='ltr'><strong>perscribant.</strong></span> <span class='ocrx_word' id='word_1_320' title='bbox 3293 598 3432 665; x_wconf 86' lang='lat' dir='ltr'><strong>Nos</strong></span> <span class='ocrx_word' id='word_1_321' title='bbox 3493 606 3642 668; x_wconf 84' lang='lat' dir='ltr'><strong>tuas</strong></span> <span class='ocrx_word' id='word_1_322' title='bbox 3685 601 4109 703; x_wconf 70' lang='lat' dir='ltr'><strong>salutationes</strong></span> <span class='ocrx_word' id='word_1_323' title='bbox 4155 612 4309 672; x_wconf 85' lang='lat' dir='ltr'><strong>tan-</strong></span> 
     </span>
     <span class='ocr_line' id='line_1_51' title="bbox 2343 686 4312 867; baseline 0.005 -33"><span class='ocrx_word' id='word_1_324' title='bbox 2343 701 2637 867; x_wconf 51' lang='lat' dir='ltr'><strong>goffiss</strong></span> <span class='ocrx_word' id='word_1_325' title='bbox 2653 703 3008 853; x_wconf 60' lang='grc' dir='ltr'><strong>,Ἢῗῗο</strong></span> <span class='ocrx_word' id='word_1_326' title='bbox 3088 690 3270 836; x_wconf 53' lang='lat' dir='ltr'><strong>512⁶&amp;ss</strong></span> <span class='ocrx_word' id='word_1_327' title='bbox 3302 686 4312 858; x_wconf 53' lang='lat' dir='ltr'><strong>fflffiffissiqz‘ffim</strong></span> 
     </span>
     <span class='ocr_line' id='line_1_52' title="bbox 2343 852 4308 959; baseline 0.005 -40"><span class='ocrx_word' id='word_1_328' title='bbox 2343 852 2657 954; x_wconf 69' lang='lat' dir='ltr'><strong>cccleslae</strong></span> <span class='ocrx_word' id='word_1_329' title='bbox 2696 874 3086 940; x_wconf 88' lang='lat' dir='ltr'><strong>progressus</strong></span> <span class='ocrx_word' id='word_1_330' title='bbox 3141 856 3316 921; x_wconf 89' lang='lat' dir='ltr'><strong>votis</strong></span> <span class='ocrx_word' id='word_1_331' title='bbox 3381 858 3623 922; x_wconf 85' lang='lat' dir='ltr'><strong>nostris</strong></span> <span class='ocrx_word' id='word_1_332' title='bbox 3690 859 3976 959; x_wconf 76' lang='lat' dir='ltr'><strong>vicissim</strong></span> <span class='ocrx_word' id='word_1_333' title='bbox 4021 860 4308 929; x_wconf 86' lang='lat' dir='ltr'><strong>Domino</strong></span> 
     </span>
     <span class='ocr_line' id='line_1_53' title="bbox 2342 938 4302 1111; baseline 0.005 -107"><span class='ocrx_word' id='word_1_334' title='bbox 2342 938 2765 1111; x_wconf 42' lang='lat' dir='ltr'><strong>slngulssnter</strong></span> <span class='ocrx_word' id='word_1_335' title='bbox 2788 939 3339 1007; x_wconf 88' lang='lat' dir='ltr'><strong>commendamus.</strong></span> <span class='ocrx_word' id='word_1_336' title='bbox 3404 939 3781 1027; x_wconf 80' lang='lat' dir='ltr'><strong>Oantabng.</strong></span> <span class='ocrx_word' id='word_1_337' title='bbox 3823 954 4017 1011; x_wconf 73' lang='lat' dir='ltr'><strong>tertio</strong></span> <span class='ocrx_word' id='word_1_338' title='bbox 4053 946 4302 1013; x_wconf 87' lang='lat' dir='ltr'><strong>calend.</strong></span> 
     </span>
     <span class='ocr_line' id='line_1_54' title="bbox 3101 1111 4184 1183; baseline 0.006 -7"><span class='ocrx_word' id='word_1_339' title='bbox 3101 1111 3249 1177; x_wconf 77' lang='lat' dir='ltr'><strong>&#39;ribi</strong></span> <span class='ocrx_word' id='word_1_340' title='bbox 3294 1112 3366 1176; x_wconf 92' lang='lat' dir='ltr'><strong>in</strong></span> <span class='ocrx_word' id='word_1_341' title='bbox 3404 1111 3689 1178; x_wconf 90' lang='lat' dir='ltr'><strong>Domino</strong></span> <span class='ocrx_word' id='word_1_342' title='bbox 3736 1113 4184 1183; x_wconf 87' lang='lat' dir='ltr'><strong>deditissimus</strong></span> 
     </span>
     <span class='ocr_line' id='line_1_55' title="bbox 3230 1212 4050 1285; baseline 0.007 -7"><span class='ocrx_word' id='word_1_343' title='bbox 3230 1212 3602 1281; x_wconf 86' lang='lat' dir='ltr'><strong>Immanuel</strong></span> <span class='ocrx_word' id='word_1_344' title='bbox 3642 1216 4050 1285; x_wconf 82' lang='lat' dir='ltr'><strong>Tremellius.</strong></span> 
     </span>
    </p>
   </div>
   <div class='ocr_carea' id='block_1_14' title="bbox 3124 1506 3533 1517">
    <p class='ocr_par' dir='ltr' id='par_1_14' title="bbox 3124 1506 3533 1517">
     <span class='ocr_line' id='line_1_56' title="bbox 3124 1506 3533 1517; baseline 0.005 -2"><span class='ocrx_word' id='word_1_345' title='bbox 3124 1506 3533 1517; x_wconf 46' lang='lat' dir='ltr'>—ss——n</span> 
     </span>
    </p>
   </div>
   <div class='ocr_carea' id='block_1_15' title="bbox 2759 1758 3908 1981">
    <p class='ocr_par' dir='ltr' id='par_1_15' title="bbox 2759 1758 3908 1981">
     <span class='ocr_line' id='line_1_57' title="bbox 3237 1758 3431 1829; baseline 0.005 -1"><span class='ocrx_word' id='word_1_346' title='bbox 3237 1758 3431 1829; x_wconf 78' lang='lat'><strong>1453.</strong></span> 
     </span>
     <span class='ocr_line' id='line_1_58' title="bbox 2759 1911 3908 1981; baseline -0.001 -3"><span class='ocrx_word' id='word_1_347' title='bbox 2759 1911 3433 1981; x_wconf 79' lang='lat' dir='ltr'>BULLINGERUS</span> <span class='ocrx_word' id='word_1_348' title='bbox 3478 1911 3908 1980; x_wconf 82' lang='lat' dir='ltr'><strong>GALVINO.</strong></span> 
     </span>
    </p>
   </div>
   <div class='ocr_carea' id='block_1_16' title="bbox 2348 2041 4310 2336">
    <p class='ocr_par' dir='ltr' id='par_1_16' title="bbox 2348 2041 4310 2336">
     <span class='ocr_line' id='line_1_59' title="bbox 2527 2041 4305 2163; baseline 0.003 -15"><span class='ocrx_word' id='word_1_349' title='bbox 2527 2041 2774 2151; x_wconf 59' lang='lat' dir='ltr'><strong>Nouam</strong></span> <span class='ocrx_word' id='word_1_350' title='bbox 2830 2103 3183 2149; x_wconf 79' lang='lat' dir='ltr'><strong>sermonum</strong></span> <span class='ocrx_word' id='word_1_351' title='bbox 3239 2084 3529 2151; x_wconf 79' lang='lat' dir='ltr'><strong>decadem</strong></span> <span class='ocrx_word' id='word_1_352' title='bbox 3562 2086 3622 2150; x_wconf 84' lang='lat' dir='ltr'><strong>ei</strong></span> <span class='ocrx_word' id='word_1_353' title='bbox 3662 2086 3867 2163; x_wconf 67' lang='lat' dir='ltr'><strong>mittit,</strong></span> <span class='ocrx_word' id='word_1_354' title='bbox 3912 2085 4305 2154; x_wconf 68' lang='lat' dir='ltr'><strong>Gon-sensim</strong></span> 
     </span>
     <span class='ocr_line' id='line_1_60' title="bbox 2348 2169 4310 2336; baseline 0.003 -103"><span class='ocrx_word' id='word_1_355' title='bbox 2348 2169 2750 2336; x_wconf 37' lang='lat' dir='ltr'><strong>arveum-Zia&amp;</strong></span> <span class='ocrx_word' id='word_1_356' title='bbox 2793 2170 3049 2236; x_wconf 77' lang='lat' dir='ltr'><strong>mmoiai</strong></span> <span class='ocrx_word' id='word_1_357' title='bbox 3062 2219 3079 2249; x_wconf 91' lang='lat'><strong>,</strong></span> <span class='ocrx_word' id='word_1_358' title='bbox 3130 2169 3482 2236; x_wconf 78' lang='lat' dir='ltr'><strong>Germanos</strong></span> <span class='ocrx_word' id='word_1_359' title='bbox 3527 2171 3963 2236; x_wconf 76' lang='lat' dir='ltr'><strong>Tridentimm</strong></span> <span class='ocrx_word' id='word_1_360' title='bbox 4004 2173 4310 2255; x_wconf 76' lang='lat' dir='ltr'><strong>recepisse</strong></span> 
     </span>
    </p>
   </div>
   <div class='ocr_carea' id='block_1_17' title="bbox 2351 2424 4310 2564">
    <p class='ocr_par' dir='ltr' id='par_1_17' title="bbox 2351 2424 4310 2564">
     <span class='ocr_line' id='line_1_61' title="bbox 2351 2424 4310 2496; baseline 0.002 -18"><span class='ocrx_word' id='word_1_361' title='bbox 2351 2425 2464 2490; x_wconf 78' lang='lat' dir='ltr'><strong>(Ex</strong></span> <span class='ocrx_word' id='word_1_362' title='bbox 2500 2425 2838 2496; x_wconf 79' lang='lat' dir='ltr'><strong>autographo</strong></span> <span class='ocrx_word' id='word_1_363' title='bbox 2874 2425 3099 2480; x_wconf 77' lang='lat' dir='ltr'><strong>Archiv.</strong></span> <span class='ocrx_word' id='word_1_364' title='bbox 3137 2426 3318 2481; x_wconf 84' lang='lat' dir='ltr'><strong>Turio.</strong></span> <span class='ocrx_word' id='word_1_365' title='bbox 3354 2427 3502 2482; x_wconf 87' lang='lat' dir='ltr'><strong>Plnt.</strong></span> <span class='ocrx_word' id='word_1_366' title='bbox 3539 2425 3640 2479; x_wconf 84' lang='lat' dir='ltr'><strong>Vl.</strong></span> <span class='ocrx_word' id='word_1_367' title='bbox 3679 2424 3804 2480; x_wconf 86' lang='lat' dir='ltr'><strong>Vol.</strong></span> <span class='ocrx_word' id='word_1_368' title='bbox 3824 2424 3941 2493; x_wconf 74' lang='lat'><strong>129,</strong></span> <span class='ocrx_word' id='word_1_369' title='bbox 3979 2427 4108 2481; x_wconf 87' lang='lat' dir='ltr'><strong>olim</strong></span> <span class='ocrx_word' id='word_1_370' title='bbox 4133 2427 4310 2482; x_wconf 77' lang='lat' dir='ltr'><strong>Seria.</strong></span> 
     </span>
     <span class='ocr_line' id='line_1_62' title="bbox 2579 2492 4070 2564; baseline 0.001 -15"><span class='ocrx_word' id='word_1_371' title='bbox 2579 2494 2636 2549; x_wconf 91' lang='lat' dir='ltr'><strong>B.</strong></span> <span class='ocrx_word' id='word_1_372' title='bbox 2673 2495 2816 2564; x_wconf 82' lang='lat' dir='ltr'><strong>Epp.</strong></span> <span class='ocrx_word' id='word_1_373' title='bbox 2855 2495 3005 2548; x_wconf 83' lang='lat' dir='ltr'><strong>Tom.</strong></span> <span class='ocrx_word' id='word_1_374' title='bbox 3039 2492 3125 2560; x_wconf 78' lang='lat'><strong>30,</strong></span> <span class='ocrx_word' id='word_1_375' title='bbox 3160 2494 3251 2549; x_wconf 77' lang='lat' dir='ltr'><strong>fol.</strong></span> <span class='ocrx_word' id='word_1_376' title='bbox 3286 2493 3405 2550; x_wconf 76' lang='lat'><strong>270.</strong></span> <span class='ocrx_word' id='word_1_377' title='bbox 3448 2524 3512 2534; x_wconf 92' lang='lat'><strong>—</strong></span> <span class='ocrx_word' id='word_1_378' title='bbox 3549 2495 3765 2549; x_wconf 82' lang='lat' dir='ltr'><strong>Simler.</strong></span> <span class='ocrx_word' id='word_1_379' title='bbox 3804 2495 3924 2548; x_wconf 87' lang='lat' dir='ltr'><strong>Vol.</strong></span> <span class='ocrx_word' id='word_1_380' title='bbox 3963 2492 4070 2562; x_wconf 76' lang='lat'><strong>74.)</strong></span> 
     </span>
    </p>
   </div>
   <div class='ocr_carea' id='block_1_18' title="bbox 2347 2662 4307 2987">
    <p class='ocr_par' dir='ltr' id='par_1_18' title="bbox 2347 2662 4307 2987">
     <span class='ocr_line' id='line_1_63' title="bbox 2522 2662 4307 2733; baseline 0.003 -5"><span class='ocrx_word' id='word_1_381' title='bbox 2522 2662 2905 2729; x_wconf 86' lang='lat' dir='ltr'><strong>Clarissimo</strong></span> <span class='ocrx_word' id='word_1_382' title='bbox 2960 2663 3108 2729; x_wconf 91' lang='lat' dir='ltr'><strong>viro</strong></span> <span class='ocrx_word' id='word_1_383' title='bbox 3152 2662 3237 2729; x_wconf 88' lang='lat' dir='ltr'><strong>D.</strong></span> <span class='ocrx_word' id='word_1_384' title='bbox 3285 2664 3522 2730; x_wconf 88' lang='lat' dir='ltr'><strong>Ioanni</strong></span> <span class='ocrx_word' id='word_1_385' title='bbox 3566 2664 3847 2732; x_wconf 86' lang='lat' dir='ltr'><strong>Oalvino</strong></span> <span class='ocrx_word' id='word_1_386' title='bbox 3892 2664 4307 2733; x_wconf 78' lang='lat' dir='ltr'><strong>Genevensis</strong></span> 
     </span>
     <span class='ocr_line' id='line_1_64' title="bbox 2347 2746 4306 2899; baseline 0.001 -84"><span class='ocrx_word' id='word_1_387' title='bbox 2347 2748 2660 2899; x_wconf 53' lang='lat' dir='ltr'><strong>{accffi’siae</strong></span> <span class='ocrx_word' id='word_1_388' title='bbox 2703 2746 2835 2813; x_wconf 87' lang='lat' dir='ltr'><strong>fido</strong></span> <span class='ocrx_word' id='word_1_389' title='bbox 2881 2750 3121 2833; x_wconf 84' lang='lat' dir='ltr'><strong>pastori</strong></span> <span class='ocrx_word' id='word_1_390' title='bbox 3163 2747 3428 2815; x_wconf 90' lang='lat' dir='ltr'><strong>domino</strong></span> <span class='ocrx_word' id='word_1_391' title='bbox 3471 2758 3540 2816; x_wconf 92' lang='lat' dir='ltr'><strong>et</strong></span> <span class='ocrx_word' id='word_1_392' title='bbox 3581 2750 3770 2816; x_wconf 85' lang='lat' dir='ltr'><strong>fratri</strong></span> <span class='ocrx_word' id='word_1_393' title='bbox 3814 2759 4154 2817; x_wconf 89' lang='lat' dir='ltr'><strong>aeternum</strong></span> <span class='ocrx_word' id='word_1_394' title='bbox 4201 2769 4306 2816; x_wconf 91' lang='lat' dir='ltr'><strong>co-</strong></span> 
     </span>
     <span class='ocr_line' id='line_1_65' title="bbox 2373 2854 4134 2987; baseline 0.001 -3"><span class='ocrx_word' id='word_1_395' title='bbox 2373 2854 2456 2899; x_wconf 64' lang='lat' dir='ltr'><strong>en</strong></span> <span class='ocrx_word' id='word_1_396' title='bbox 2547 2883 2561 2899; x_wconf 37' lang='grc' dir='ltr'><strong><em>ο</em></strong></span> <span class='ocrx_word' id='word_1_397' title='bbox 3095 2879 3112 2892; x_wconf 41' lang='lat'><strong><em>¹</em></strong></span> <span class='ocrx_word' id='word_1_398' title='bbox 3802 2920 4134 2987; x_wconf 82' lang='lat' dir='ltr'><strong>Genevae.</strong></span> 
     </span>
    </p>
   </div>
   <div class='ocr_carea' id='block_1_19' title="bbox 2349 3052 4314 3822">
    <p class='ocr_par' dir='ltr' id='par_1_19' title="bbox 2349 3052 4314 3822">
     <span class='ocr_line' id='line_1_66' title="bbox 2403 3052 4311 3155; baseline 0.001 -33"><span class='ocrx_word' id='word_1_399' title='bbox 2403 3144 2413 3155; x_wconf 32' lang='lat'>⁸</span> <span class='ocrx_word' id='word_1_400' title='bbox 2522 3054 2593 3122; x_wconf 81' lang='lat' dir='ltr'><strong>S.</strong></span> <span class='ocrx_word' id='word_1_401' title='bbox 2639 3055 2724 3121; x_wconf 92' lang='lat' dir='ltr'><strong>D.</strong></span> <span class='ocrx_word' id='word_1_402' title='bbox 2814 3052 3026 3137; x_wconf 85' lang='lat' dir='ltr'><strong>Spero</strong></span> <span class='ocrx_word' id='word_1_403' title='bbox 3086 3063 3186 3134; x_wconf 88' lang='lat' dir='ltr'><strong>te,</strong></span> <span class='ocrx_word' id='word_1_404' title='bbox 3245 3056 3490 3155; x_wconf 73' lang='lat' dir='ltr'><strong>optime</strong></span> <span class='ocrx_word' id='word_1_405' title='bbox 3546 3067 3613 3155; x_wconf 76' lang='lat' dir='ltr'><strong>et</strong></span> <span class='ocrx_word' id='word_1_406' title='bbox 3667 3054 4121 3122; x_wconf 85' lang='lat' dir='ltr'><strong>colendissimo</strong></span> <span class='ocrx_word' id='word_1_407' title='bbox 4169 3056 4311 3123; x_wconf 79' lang='lat' dir='ltr'><strong>Gaz-</strong></span> 
     </span>
     <span class='ocr_line' id='line_1_67' title="bbox 2349 3139 4310 3309; baseline 0 -17"><span class='ocrx_word' id='word_1_408' title='bbox 2349 3161 2818 3292; x_wconf 56' lang='lat'><strong>32221003222‘*</strong></span> <span class='ocrx_word' id='word_1_409' title='bbox 2831 3160 3086 3291; x_wconf 51' lang='grc' dir='ltr'><strong>03ιέῗί</strong></span> <span class='ocrx_word' id='word_1_410' title='bbox 3131 3139 4310 3309; x_wconf 50' lang='grc' dir='ltr'><strong>ἓῧΐέ’ἓῗωὲ“ἒὲἔ“ἓωῗὲ“ῗ&gt;ιὲἓα“ἓ.</strong></span> 
     </span>
     <span class='ocr_line' id='line_1_68' title="bbox 2352 3310 4312 3394; baseline 0.001 -17"><span class='ocrx_word' id='word_1_411' title='bbox 2352 3332 2624 3378; x_wconf 88' lang='lat' dir='ltr'><strong>nensem</strong></span> <span class='ocrx_word' id='word_1_412' title='bbox 2643 3364 2657 3390; x_wconf 92' lang='lat'><strong>,</strong></span> <span class='ocrx_word' id='word_1_413' title='bbox 2704 3311 2891 3378; x_wconf 90' lang='lat' dir='ltr'><strong>cuius</strong></span> <span class='ocrx_word' id='word_1_414' title='bbox 2933 3310 3227 3385; x_wconf 87' lang='lat' dir='ltr'><strong>humeris</strong></span> <span class='ocrx_word' id='word_1_415' title='bbox 3280 3310 3474 3378; x_wconf 86' lang='lat' dir='ltr'><strong>inieci</strong></span> <span class='ocrx_word' id='word_1_416' title='bbox 3520 3311 3819 3394; x_wconf 89' lang='lat' dir='ltr'><strong>quintam</strong></span> <span class='ocrx_word' id='word_1_417' title='bbox 3865 3330 4079 3376; x_wconf 88' lang='lat' dir='ltr'><strong>meam</strong></span> <span class='ocrx_word' id='word_1_418' title='bbox 4124 3311 4312 3378; x_wconf 88' lang='lat' dir='ltr'><strong>deca-</strong></span> 
     </span>
     <span class='ocr_line' id='line_1_69' title="bbox 2354 3395 4311 3486; baseline 0.001 -24"><span class='ocrx_word' id='word_1_419' title='bbox 2354 3396 2501 3463; x_wconf 89' lang='lat' dir='ltr'><strong>dem</strong></span> <span class='ocrx_word' id='word_1_420' title='bbox 2535 3397 2581 3482; x_wconf 92' lang='lat'><strong>¹)</strong></span> <span class='ocrx_word' id='word_1_421' title='bbox 2648 3417 2845 3480; x_wconf 88' lang='lat' dir='ltr'><strong>quam</strong></span> <span class='ocrx_word' id='word_1_422' title='bbox 2889 3395 2971 3461; x_wconf 85' lang='lat' dir='ltr'><strong>ad</strong></span> <span class='ocrx_word' id='word_1_423' title='bbox 3017 3404 3082 3462; x_wconf 84' lang='lat' dir='ltr'><strong>te</strong></span> <span class='ocrx_word' id='word_1_424' title='bbox 3125 3396 3343 3476; x_wconf 91' lang='lat' dir='ltr'><strong>mitto,</strong></span> <span class='ocrx_word' id='word_1_425' title='bbox 3409 3418 3543 3462; x_wconf 88' lang='lat' dir='ltr'><strong>non</strong></span> <span class='ocrx_word' id='word_1_426' title='bbox 3610 3403 3686 3486; x_wconf 57' lang='grc' dir='ltr'>ψ</span> <span class='ocrx_word' id='word_1_427' title='bbox 3726 3405 3792 3462; x_wconf 86' lang='lat' dir='ltr'><strong>te</strong></span> <span class='ocrx_word' id='word_1_428' title='bbox 3836 3396 4103 3463; x_wconf 88' lang='lat' dir='ltr'><strong>doceam</strong></span> <span class='ocrx_word' id='word_1_429' title='bbox 4143 3397 4311 3464; x_wconf 85' lang='lat' dir='ltr'><strong>meis</strong></span> 
     </span>
     <span class='ocr_line' id='line_1_70' title="bbox 2353 3480 4314 3567; baseline 0.001 -21"><span class='ocrx_word' id='word_1_430' title='bbox 2353 3482 2558 3561; x_wconf 89' lang='lat' dir='ltr'><strong>libris,</strong></span> <span class='ocrx_word' id='word_1_431' title='bbox 2604 3482 2718 3565; x_wconf 88' lang='lat' dir='ltr'><strong>qui</strong></span> <span class='ocrx_word' id='word_1_432' title='bbox 2758 3502 2843 3547; x_wconf 85' lang='lat' dir='ltr'><strong>ex</strong></span> <span class='ocrx_word' id='word_1_433' title='bbox 2886 3483 3018 3548; x_wconf 88' lang='lat' dir='ltr'><strong>tuis</strong></span> <span class='ocrx_word' id='word_1_434' title='bbox 3057 3502 3164 3547; x_wconf 90' lang='lat' dir='ltr'><strong>me</strong></span> <span class='ocrx_word' id='word_1_435' title='bbox 3198 3482 3484 3567; x_wconf 88' lang='lat' dir='ltr'><strong>plurima</strong></span> <span class='ocrx_word' id='word_1_436' title='bbox 3520 3480 3770 3548; x_wconf 87' lang='lat' dir='ltr'><strong>discere</strong></span> <span class='ocrx_word' id='word_1_437' title='bbox 3813 3481 4039 3561; x_wconf 71' lang='lat' dir='ltr'><strong>faoeor,</strong></span> <span class='ocrx_word' id='word_1_438' title='bbox 4086 3482 4201 3549; x_wconf 91' lang='lat' dir='ltr'><strong>sed</strong></span> <span class='ocrx_word' id='word_1_439' title='bbox 4238 3490 4314 3548; x_wconf 89' lang='lat' dir='ltr'><strong>ut</strong></span> 
     </span>
     <span class='ocr_line' id='line_1_71' title="bbox 2354 3567 4313 3634; baseline -0.001 0"><span class='ocrx_word' id='word_1_440' title='bbox 2354 3567 2560 3634; x_wconf 88' lang='lat' dir='ltr'><strong>animi</strong></span> <span class='ocrx_word' id='word_1_441' title='bbox 2601 3568 2730 3633; x_wconf 89' lang='lat' dir='ltr'><strong>mei</strong></span> <span class='ocrx_word' id='word_1_442' title='bbox 2788 3588 2862 3633; x_wconf 87' lang='lat' dir='ltr'><strong>er</strong></span> <span class='ocrx_word' id='word_1_443' title='bbox 2988 3575 3054 3633; x_wconf 89' lang='lat' dir='ltr'><strong>te</strong></span> <span class='ocrx_word' id='word_1_444' title='bbox 3098 3567 3622 3634; x_wconf 83' lang='lat' dir='ltr'><strong>benevolentiam</strong></span> <span class='ocrx_word' id='word_1_445' title='bbox 3666 3574 3951 3633; x_wconf 85' lang='lat' dir='ltr'><strong>attestor.</strong></span> <span class='ocrx_word' id='word_1_446' title='bbox 4041 3567 4313 3634; x_wconf 87' lang='lat' dir='ltr'><strong>Utinam</strong></span> 
     </span>
     <span class='ocr_line' id='line_1_72' title="bbox 2351 3651 4313 3803; baseline 0 -84"><span class='ocrx_word' id='word_1_447' title='bbox 2351 3674 2513 3720; x_wconf 89' lang='lat' dir='ltr'><strong>vero</strong></span> <span class='ocrx_word' id='word_1_448' title='bbox 2556 3653 2627 3717; x_wconf 90' lang='lat' dir='ltr'><strong>in</strong></span> <span class='ocrx_word' id='word_1_449' title='bbox 2671 3652 2820 3719; x_wconf 86' lang='lat' dir='ltr'><strong>aliis</strong></span> <span class='ocrx_word' id='word_1_450' title='bbox 2887 3673 3057 3803; x_wconf 44' lang='lat' dir='ltr'><strong>oligo</strong></span> <span class='ocrx_word' id='word_1_451' title='bbox 3112 3654 3468 3720; x_wconf 87' lang='lat' dir='ltr'><strong>maioribus</strong></span> <span class='ocrx_word' id='word_1_452' title='bbox 3511 3674 3659 3718; x_wconf 84' lang='lat' dir='ltr'><strong>mea</strong></span> <span class='ocrx_word' id='word_1_453' title='bbox 3700 3653 3819 3717; x_wconf 89' lang='lat' dir='ltr'><strong>tibi</strong></span> <span class='ocrx_word' id='word_1_454' title='bbox 3865 3651 4081 3719; x_wconf 83' lang='lat' dir='ltr'><strong>officia</strong></span> <span class='ocrx_word' id='word_1_455' title='bbox 4123 3673 4313 3736; x_wconf 85' lang='lat' dir='ltr'><strong>prae-</strong></span> 
     </span>
     <span class='ocr_line' id='line_1_73' title="bbox 2353 3736 4311 3822; baseline 0 -18"><span class='ocrx_word' id='word_1_456' title='bbox 2353 3747 2531 3805; x_wconf 85' lang='lat' dir='ltr'><strong>stare</strong></span> <span class='ocrx_word' id='word_1_457' title='bbox 2575 3758 2848 3821; x_wconf 88' lang='lat' dir='ltr'><strong>possem.</strong></span> <span class='ocrx_word' id='word_1_458' title='bbox 3005 3737 3124 3803; x_wconf 89' lang='lat' dir='ltr'><strong>ihil</strong></span> <span class='ocrx_word' id='word_1_459' title='bbox 3171 3736 3567 3822; x_wconf 87' lang='lat' dir='ltr'><strong>displicebit,</strong></span> <span class='ocrx_word' id='word_1_460' title='bbox 3613 3749 3717 3804; x_wconf 90' lang='lat' dir='ltr'><strong>sat</strong></span> <span class='ocrx_word' id='word_1_461' title='bbox 3759 3738 3909 3815; x_wconf 86' lang='lat' dir='ltr'><strong>scio,</strong></span> <span class='ocrx_word' id='word_1_462' title='bbox 3953 3738 4023 3803; x_wconf 92' lang='lat' dir='ltr'><strong>in</strong></span> <span class='ocrx_word' id='word_1_463' title='bbox 4069 3747 4311 3804; x_wconf 86' lang='lat' dir='ltr'><strong>tracta-</strong></span> 
     </span>
    </p>
   </div>
   <div class='ocr_carea' id='block_1_20' title="bbox 2350 4011 4315 5448">
    <p class='ocr_par' dir='ltr' id='par_1_20' title="bbox 2350 4011 4314 4424">
     <span class='ocr_line' id='line_1_74' title="bbox 2351 4011 4310 4078; baseline -0.002 -12"><span class='ocrx_word' id='word_1_464' title='bbox 2351 4011 2534 4066; x_wconf 71' lang='lat'><strong>1462.</strong></span> <span class='ocrx_word' id='word_1_465' title='bbox 2566 4011 2621 4076; x_wconf 90' lang='lat' dir='ltr'><strong>l)</strong></span> <span class='ocrx_word' id='word_1_466' title='bbox 2660 4011 2883 4065; x_wconf 66' lang='lat' dir='ltr'><strong>Annum</strong></span> <span class='ocrx_word' id='word_1_467' title='bbox 2921 4011 3151 4078; x_wconf 68' lang='lat' dir='ltr'><strong>definire</strong></span> <span class='ocrx_word' id='word_1_468' title='bbox 3169 4012 3265 4066; x_wconf 65' lang='lat' dir='ltr'><strong>vix</strong></span> <span class='ocrx_word' id='word_1_469' title='bbox 3285 4011 3562 4076; x_wconf 72' lang='lat' dir='ltr'><strong>audemus,</strong></span> <span class='ocrx_word' id='word_1_470' title='bbox 3598 4025 3783 4064; x_wconf 66' lang='lat' dir='ltr'><strong>veram</strong></span> <span class='ocrx_word' id='word_1_471' title='bbox 3801 4014 4125 4078; x_wconf 62' lang='lat' dir='ltr'><strong>argumenta</strong></span> <span class='ocrx_word' id='word_1_472' title='bbox 4148 4023 4310 4078; x_wconf 73' lang='lat' dir='ltr'><strong>qaae-</strong></span> 
     </span>
     <span class='ocr_line' id='line_1_75' title="bbox 2352 4078 4312 4202; baseline -0.002 -67"><span class='ocrx_word' id='word_1_473' title='bbox 2352 4080 2485 4163; x_wconf 58' lang='lat'><strong>&amp;3¹¹9</strong></span> <span class='ocrx_word' id='word_1_474' title='bbox 2519 4088 2647 4135; x_wconf 70' lang='lat' dir='ltr'><strong>sant</strong></span> <span class='ocrx_word' id='word_1_475' title='bbox 2679 4080 2876 4202; x_wconf 57' lang='grc' dir='ltr'><strong>ῗῶιιε</strong></span> <span class='ocrx_word' id='word_1_476' title='bbox 2903 4080 3144 4149; x_wconf 57' lang='lat' dir='ltr'><strong>parma&amp;</strong></span> <span class='ocrx_word' id='word_1_477' title='bbox 3173 4080 3284 4160; x_wconf 63' lang='lat' dir='ltr'><strong>hac</strong></span> <span class='ocrx_word' id='word_1_478' title='bbox 3311 4078 3511 4145; x_wconf 70' lang='lat' dir='ltr'><strong>resen-i</strong></span> <span class='ocrx_word' id='word_1_479' title='bbox 3612 4091 3697 4160; x_wconf 67' lang='lat' dir='ltr'><strong>sse</strong></span> <span class='ocrx_word' id='word_1_480' title='bbox 3712 4078 3855 4161; x_wconf 61' lang='lat' dir='ltr'><strong>hauc</strong></span> <span class='ocrx_word' id='word_1_481' title='bbox 3888 4078 4169 4160; x_wconf 52' lang='lat' dir='ltr'><strong>epistolam</strong></span> <span class='ocrx_word' id='word_1_482' title='bbox 4202 4092 4312 4159; x_wconf 64' lang='lat' dir='ltr'><strong>ore-</strong></span> 
     </span>
     <span class='ocr_line' id='line_1_76' title="bbox 2354 4144 4314 4230; baseline -0.003 -25"><span class='ocrx_word' id='word_1_483' title='bbox 2354 4150 2610 4205; x_wconf 69' lang='lat' dir='ltr'><strong>dtdtams.</strong></span> <span class='ocrx_word' id='word_1_484' title='bbox 2739 4149 3476 4230; x_wconf 73' lang='lat' dir='ltr'><strong>aeileealeotattbopereu</strong></span> <span class='ocrx_word' id='word_1_485' title='bbox 3713 4144 4314 4227; x_wconf 61' lang='lat' dir='ltr'><strong>amheedeedttioae</strong></span> 
     </span>
     <span class='ocr_line' id='line_1_77' title="bbox 2352 4213 4312 4288; baseline -0.003 -15"><span class='ocrx_word' id='word_1_486' title='bbox 2352 4217 2597 4288; x_wconf 76' lang='lat' dir='ltr'><strong>quadam</strong></span> <span class='ocrx_word' id='word_1_487' title='bbox 2632 4216 2922 4273; x_wconf 69' lang='lat' dir='ltr'><strong>bibloorum</strong></span> <span class='ocrx_word' id='word_1_488' title='bbox 2965 4215 3215 4271; x_wconf 75' lang='lat' dir='ltr'><strong>Gonevae</strong></span> <span class='ocrx_word' id='word_1_489' title='bbox 3381 4213 3521 4271; x_wconf 72' lang='lat' dir='ltr'><strong>Boo.</strong></span> <span class='ocrx_word' id='word_1_490' title='bbox 3565 4213 3900 4283; x_wconf 74' lang='lat' dir='ltr'><strong>Stephanum</strong></span> <span class='ocrx_word' id='word_1_491' title='bbox 3927 4213 4209 4284; x_wconf 77' lang='lat' dir='ltr'><strong>paranda,</strong></span> <span class='ocrx_word' id='word_1_492' title='bbox 4248 4229 4312 4268; x_wconf 80' lang='lat' dir='ltr'><strong>m</strong></span> 
     </span>
     <span class='ocr_line' id='line_1_78' title="bbox 2353 4279 4314 4365; baseline -0.002 -24"><span class='ocrx_word' id='word_1_493' title='bbox 2353 4302 2466 4356; x_wconf 74' lang='lat' dir='ltr'><strong>qua</strong></span> <span class='ocrx_word' id='word_1_494' title='bbox 2511 4285 2789 4342; x_wconf 56' lang='lat' dir='ltr'><strong>Tremellio</strong></span> <span class='ocrx_word' id='word_1_495' title='bbox 2824 4285 3146 4341; x_wconf 77' lang='lat' dir='ltr'><strong>correctoris</strong></span> <span class='ocrx_word' id='word_1_496' title='bbox 3177 4353 3188 4365; x_wconf 45' lang='lat'><strong>·</strong></span> <span class='ocrx_word' id='word_1_497' title='bbox 3246 4284 3432 4352; x_wconf 65' lang='lat' dir='ltr'><strong>sicima</strong></span> <span class='ocrx_word' id='word_1_498' title='bbox 3474 4284 3710 4339; x_wconf 71' lang='lat' dir='ltr'><strong>oblatam</strong></span> <span class='ocrx_word' id='word_1_499' title='bbox 3751 4282 3955 4349; x_wconf 74' lang='lat' dir='ltr'><strong>fuerat.</strong></span> <span class='ocrx_word' id='word_1_500' title='bbox 4033 4279 4211 4351; x_wconf 72' lang='lat' dir='ltr'><strong>Quum</strong></span> <span class='ocrx_word' id='word_1_501' title='bbox 4246 4282 4314 4337; x_wconf 78' lang='lat' dir='ltr'><strong>de</strong></span> 
     </span>
     <span class='ocr_line' id='line_1_79' title="bbox 2350 4350 4313 4424; baseline -0.002 -15"><span class='ocrx_word' id='word_1_502' title='bbox 2350 4360 2680 4424; x_wconf 67' lang='lat' dir='ltr'><strong>pandoram</strong></span> <span class='ocrx_word' id='word_1_503' title='bbox 2715 4354 3089 4423; x_wconf 69' lang='lat' dir='ltr'><strong>adscriptione</strong></span> <span class='ocrx_word' id='word_1_504' title='bbox 3124 4352 3273 4408; x_wconf 71' lang='lat' dir='ltr'><strong>dieat</strong></span> <span class='ocrx_word' id='word_1_505' title='bbox 3308 4353 3477 4423; x_wconf 72' lang='lat' dir='ltr'><strong>deque</strong></span> <span class='ocrx_word' id='word_1_506' title='bbox 3507 4353 3699 4420; x_wconf 75' lang='lat' dir='ltr'><strong>fractu</strong></span> <span class='ocrx_word' id='word_1_507' title='bbox 3732 4350 3958 4406; x_wconf 71' lang='lat' dir='ltr'><strong>iadead</strong></span> <span class='ocrx_word' id='word_1_508' title='bbox 3991 4366 4148 4406; x_wconf 70' lang='lat' dir='ltr'><strong>suam</strong></span> <span class='ocrx_word' id='word_1_509' title='bbox 4182 4365 4313 4421; x_wconf 72' lang='lat' dir='ltr'><strong>qao-</strong></span> 
     </span>
    </p>

    <p class='ocr_par' dir='ltr' id='par_1_21' title="bbox 2487 4419 4313 4492">
     <span class='ocr_line' id='line_1_80' title="bbox 2487 4419 4313 4492; baseline -0.002 -13"><span class='ocrx_word' id='word_1_510' title='bbox 2487 4430 2711 4492; x_wconf 66' lang='lat' dir='ltr'><strong>oensem,</strong></span> <span class='ocrx_word' id='word_1_511' title='bbox 2758 4423 3040 4479; x_wconf 66' lang='lat' dir='ltr'><strong>iudaicam</strong></span> <span class='ocrx_word' id='word_1_512' title='bbox 3075 4437 3149 4477; x_wconf 82' lang='lat' dir='ltr'><strong>se.</strong></span> <span class='ocrx_word' id='word_1_513' title='bbox 3183 4436 3251 4476; x_wconf 73' lang='lat' dir='ltr'><strong>ex</strong></span> <span class='ocrx_word' id='word_1_514' title='bbox 3284 4438 3393 4491; x_wconf 72' lang='lat' dir='ltr'><strong>qua</strong></span> <span class='ocrx_word' id='word_1_515' title='bbox 3441 4421 3713 4476; x_wconf 77' lang='lat' dir='ltr'><strong>oriundas</strong></span> <span class='ocrx_word' id='word_1_516' title='bbox 3746 4425 3881 4487; x_wconf 76' lang='lat' dir='ltr'><strong>erat,</strong></span> <span class='ocrx_word' id='word_1_517' title='bbox 3918 4419 4313 4486; x_wconf 71' lang='lat' dir='ltr'><strong>redundatura,</strong></span> 
     </span>
    </p>

    <p class='ocr_par' dir='ltr' id='par_1_22' title="bbox 2350 4488 4315 5383">
     <span class='ocr_line' id='line_1_81' title="bbox 2457 4488 4315 4559; baseline -0.003 -10"><span class='ocrx_word' id='word_1_518' title='bbox 2457 4492 2638 4549; x_wconf 79' lang='lat' dir='ltr'><strong>bibliis</strong></span> <span class='ocrx_word' id='word_1_519' title='bbox 2671 4491 2942 4548; x_wconf 72' lang='lat' dir='ltr'><strong>hebraicis</strong></span> <span class='ocrx_word' id='word_1_520' title='bbox 2974 4491 3213 4559; x_wconf 69' lang='lat' dir='ltr'><strong>coyitare</strong></span> <span class='ocrx_word' id='word_1_521' title='bbox 3240 4504 3447 4558; x_wconf 71' lang='lat' dir='ltr'><strong>possea.</strong></span> <span class='ocrx_word' id='word_1_522' title='bbox 3511 4490 3707 4544; x_wconf 67' lang='lat' dir='ltr'><strong>Verum</strong></span> <span class='ocrx_word' id='word_1_523' title='bbox 3725 4489 3853 4543; x_wconf 73' lang='lat' dir='ltr'><strong>talis</strong></span> <span class='ocrx_word' id='word_1_524' title='bbox 3884 4488 4039 4543; x_wconf 72' lang='lat' dir='ltr'><strong>nulla</strong></span> <span class='ocrx_word' id='word_1_525' title='bbox 4070 4501 4315 4558; x_wconf 71' lang='lat' dir='ltr'><strong>unqua-0</strong></span> 
     </span>
     <span class='ocr_line' id='line_1_82' title="bbox 2356 4555 4312 4629; baseline -0.003 -14"><span class='ocrx_word' id='word_1_526' title='bbox 2356 4575 2424 4615; x_wconf 65' lang='grc' dir='ltr'><strong>οι</strong></span> <span class='ocrx_word' id='word_1_527' title='bbox 2481 4560 2709 4626; x_wconf 65' lang='lat' dir='ltr'><strong>officina</strong></span> <span class='ocrx_word' id='word_1_528' title='bbox 2745 4558 3013 4629; x_wconf 63' lang='lat' dir='ltr'><strong>Stephano·</strong></span> <span class='ocrx_word' id='word_1_529' title='bbox 3061 4557 3365 4616; x_wconf 72' lang='lat' dir='ltr'><strong>Genevensi</strong></span> <span class='ocrx_word' id='word_1_530' title='bbox 3405 4559 3507 4613; x_wconf 78' lang='lat' dir='ltr'><strong>hoc</strong></span> <span class='ocrx_word' id='word_1_531' title='bbox 3552 4564 3785 4627; x_wconf 78' lang='lat' dir='ltr'><strong>tempore</strong></span> <span class='ocrx_word' id='word_1_532' title='bbox 3829 4557 3978 4612; x_wconf 65' lang='lat' dir='ltr'><strong>miii.</strong></span> <span class='ocrx_word' id='word_1_533' title='bbox 4060 4555 4150 4611; x_wconf 87' lang='lat' dir='ltr'><strong>De</strong></span> <span class='ocrx_word' id='word_1_534' title='bbox 4199 4557 4312 4611; x_wconf 83' lang='lat' dir='ltr'><strong>alio</strong></span> 
     </span>
     <span class='ocr_line' id='line_1_83' title="bbox 2354 4626 4312 4765; baseline -0.003 -14"><span class='ocrx_word' id='word_1_535' title='bbox 2354 4644 2484 4683; x_wconf 58' lang='lat'><strong>”³⁰</strong></span> <span class='ocrx_word' id='word_1_536' title='bbox 2518 4626 4058 4765; x_wconf 41' lang='lat' dir='ltr'><strong>fflk‘ss‘ssamffmfflffimfffflnstm‘*“iffffiff</strong></span> <span class='ocrx_word' id='word_1_537' title='bbox 4089 4639 4312 4762; x_wconf 53' lang='lat' dir='ltr'><strong>⁰²⁹2.ssss</strong></span> 
     </span>
     <span class='ocr_line' id='line_1_84' title="bbox 2350 4696 4310 4842; baseline -0.004 -20"><span class='ocrx_word' id='word_1_538' title='bbox 2350 4696 2741 4836; x_wconf 47' lang='lat' dir='ltr'><strong>magam</strong></span> <span class='ocrx_word' id='word_1_539' title='bbox 2774 4763 3008 4819; x_wconf 63' lang='lat' dir='ltr'><strong>latium</strong></span> <span class='ocrx_word' id='word_1_540' title='bbox 3042 4770 3220 4820; x_wconf 69' lang='lat' dir='ltr'><strong>auten</strong></span> <span class='ocrx_word' id='word_1_541' title='bbox 3253 4764 3377 4819; x_wconf 76' lang='lat' dir='ltr'><strong>viro</strong></span> <span class='ocrx_word' id='word_1_542' title='bbox 3411 4765 3474 4818; x_wconf 71' lang='lat' dir='ltr'><strong>ia</strong></span> <span class='ocrx_word' id='word_1_543' title='bbox 3506 4762 3717 4834; x_wconf 67' lang='lat' dir='ltr'><strong>Aitolia</strong></span> <span class='ocrx_word' id='word_1_544' title='bbox 3765 4764 3984 4834; x_wconf 70' lang='lat' dir='ltr'><strong>deqenie</strong></span> <span class='ocrx_word' id='word_1_545' title='bbox 4027 4710 4164 4832; x_wconf 54' lang='lat' dir='ltr'><strong>rippa:</strong></span> <span class='ocrx_word' id='word_1_546' title='bbox 4182 4775 4310 4842; x_wconf 35' lang='lat' dir='ltr'><strong>’noa</strong></span> 
     </span>
     <span class='ocr_line' id='line_1_85' title="bbox 2354 4828 4310 4916; baseline -0.003 -27"><span class='ocrx_word' id='word_1_547' title='bbox 2354 4838 2489 4916; x_wconf 73' lang='lat' dir='ltr'><strong>erat.</strong></span> <span class='ocrx_word' id='word_1_548' title='bbox 2562 4831 2825 4916; x_wconf 69' lang='lat' dir='ltr'><strong>Dicemus</strong></span> <span class='ocrx_word' id='word_1_549' title='bbox 2869 4832 3055 4903; x_wconf 74' lang='lat' dir='ltr'><strong>itaque</strong></span> <span class='ocrx_word' id='word_1_550' title='bbox 3104 4832 3391 4888; x_wconf 73' lang='lat' dir='ltr'><strong>editionem</strong></span> <span class='ocrx_word' id='word_1_551' title='bbox 3443 4832 3596 4888; x_wconf 71' lang='lat' dir='ltr'><strong>illan·</strong></span> <span class='ocrx_word' id='word_1_552' title='bbox 3653 4834 3714 4888; x_wconf 76' lang='lat' dir='ltr'><strong>in</strong></span> <span class='ocrx_word' id='word_1_553' title='bbox 3756 4834 4046 4903; x_wconf 74' lang='lat' dir='ltr'><strong>proposito</strong></span> <span class='ocrx_word' id='word_1_554' title='bbox 4094 4828 4310 4899; x_wconf 64' lang='lat' dir='ltr'><strong>quiden·</strong></span> 
     </span>
     <span class='ocr_line' id='line_1_86' title="bbox 2350 4901 4311 5052; baseline -0.002 -27"><span class='ocrx_word' id='word_1_555' title='bbox 2350 4902 2536 5052; x_wconf 53' lang='lat' dir='ltr'><strong>m</strong></span> <span class='ocrx_word' id='word_1_556' title='bbox 2559 4901 3509 5052; x_wconf 36' lang='lat' dir='ltr'><strong>&amp;ubam-fimfflhmae</strong></span> <span class='ocrx_word' id='word_1_557' title='bbox 3550 4971 3669 5040; x_wconf 68' lang='lat' dir='ltr'><strong>reqi</strong></span> <span class='ocrx_word' id='word_1_558' title='bbox 3705 4967 3977 5024; x_wconf 73' lang='lat' dir='ltr'><strong>Eduardo</strong></span> <span class='ocrx_word' id='word_1_559' title='bbox 4030 4964 4311 5047; x_wconf 72' lang='lat' dir='ltr'><strong>dicaverat</strong></span> 
     </span>
     <span class='ocr_line' id='line_1_87' title="bbox 2358 5035 4311 5122; baseline -0.004 -28"><span class='ocrx_word' id='word_1_560' title='bbox 2358 5038 2631 5122; x_wconf 58' lang='lat' dir='ltr'><strong>(Mtorooi.</strong></span> <span class='ocrx_word' id='word_1_561' title='bbox 2678 5038 2755 5094; x_wconf 86' lang='lat' dir='ltr'><strong>ad</strong></span> <span class='ocrx_word' id='word_1_562' title='bbox 2800 5038 2947 5094; x_wconf 66' lang='lat' dir='ltr'><strong>Bau.</strong></span> <span class='ocrx_word' id='word_1_563' title='bbox 2992 5055 3055 5093; x_wconf 71' lang='lat' dir='ltr'><strong>ia</strong></span> <span class='ocrx_word' id='word_1_564' title='bbox 3092 5037 3463 5119; x_wconf 60' lang='lat' dir='ltr'><strong>Parkeriaaos</strong></span> <span class='ocrx_word' id='word_1_565' title='bbox 3496 5039 3576 5119; x_wconf 32' lang='lat'><strong>⁸11.</strong></span> <span class='ocrx_word' id='word_1_566' title='bbox 3625 5037 3772 5106; x_wconf 79' lang='lat'><strong>560).</strong></span> <span class='ocrx_word' id='word_1_567' title='bbox 3858 5035 4021 5115; x_wconf 66' lang='lat' dir='ltr'><strong>Hanc</strong></span> <span class='ocrx_word' id='word_1_568' title='bbox 4062 5038 4311 5115; x_wconf 69' lang='lat' dir='ltr'><strong>quintam</strong></span> 
     </span>
     <span class='ocr_line' id='line_1_88' title="bbox 2351 5100 4308 5257; baseline -0.004 -25"><span class='ocrx_word' id='word_1_569' title='bbox 2351 5106 2918 5257; x_wconf 46' lang='lat' dir='ltr'><strong>messum</strong></span> <span class='ocrx_word' id='word_1_570' title='bbox 2811 5105 3789 5256; x_wconf 48' lang='lat' dir='ltr'><strong>mmmm-..3⁰32</strong></span> <span class='ocrx_word' id='word_1_571' title='bbox 3819 5100 4308 5254; x_wconf 44' lang='lat' dir='ltr'><strong>..mum</strong></span> 
     </span>
     <span class='ocr_line' id='line_1_89' title="bbox 2351 5237 4313 5383; baseline -0.003 -84"><span class='ocrx_word' id='word_1_572' title='bbox 2351 5243 2785 5383; x_wconf 38' lang='lat' dir='ltr'><strong>grfflbg‘se?</strong></span> <span class='ocrx_word' id='word_1_573' title='bbox 2836 5244 3004 5301; x_wconf 69' lang='lat' dir='ltr'><strong>loon-o</strong></span> <span class='ocrx_word' id='word_1_574' title='bbox 3051 5245 3119 5300; x_wconf 78' lang='lat' dir='ltr'><strong>de</strong></span> <span class='ocrx_word' id='word_1_575' title='bbox 3169 5250 3545 5299; x_wconf 65' lang='lat' dir='ltr'><strong>mammas.</strong></span> <span class='ocrx_word' id='word_1_576' title='bbox 3627 5240 3962 5306; x_wconf 70' lang='lat' dir='ltr'><strong>(Pestalosn</strong></span> <span class='ocrx_word' id='word_1_577' title='bbox 4006 5256 4061 5310; x_wconf 80' lang='lat' dir='ltr'><strong>p.</strong></span> <span class='ocrx_word' id='word_1_578' title='bbox 4097 5237 4201 5294; x_wconf 79' lang='lat'><strong>643</strong></span> <span class='ocrx_word' id='word_1_579' title='bbox 4234 5239 4313 5306; x_wconf 75' lang='lat' dir='ltr'><strong>el.</strong></span> 
     </span>
    </p>

    <p class='ocr_par' dir='ltr' id='par_1_23' title="bbox 3828 5392 3898 5448">
     <span class='ocr_line' id='line_1_90' title="bbox 3828 5392 3898 5448; baseline 0 -20"><span class='ocrx_word' id='word_1_580' title='bbox 3828 5392 3898 5448; x_wconf 69' lang='lat'><strong>4⁶</strong></span> 
     </span>
    </p>
   </div>
  </div>
 </body>
</html>
