4900 6167
272 434 341 492 89
2012 434 2171 495 1551
2222 428 2507 496 MART.
3183 529 3190 536 ἢ
4191 440 4278 502 90

269 616 380 682 scis
420 613 645 680 multis
688 622 759 681 et
799 616 1060 701 magnis
1113 615 1296 681 vitiis
1340 615 1657 684 laborare.
1745 621 1850 685 Ac
1892 620 2205 701 quoniam

268 709 519 784 uterque
579 701 940 767 bonitatem
992 701 1266 767 Domini
1326 705 1650 787 gustavit,
1719 705 1802 770 ab
1845 706 2023 769 omni
2076 703 2206 770 alia

267 787 640 871 coffltatione
678 786 880 854 huius
923 788 1099 853 vitae
1143 786 1525 854 ambitiosae
1558 791 1629 854 in
1664 789 1859 855 rebus
1894 789 2205 873 peritur’m

266 881 599 956 occupatae
666 872 973 940 traduces
1027 892 1139 938 eos
1197 873 1281 939 ad
1346 874 1471 939 hoc
1540 884 1846 940 nostrum
1910 872 2205 941 studium

264 957 538 1041 picatis,
583 958 657 1022 in
700 980 829 1042 quo
872 968 939 1024 et
980 957 1239 1025 felicius
1281 980 1405 1025 sua
1445 960 1715 1044 ingenia
1758 960 2093 1027 declarare
2136 972 2207 1026 et

264 1044 534 1127 praemia
575 1045 826 1110 maiora
870 1066 946 1111 ac
987 1044 1269 1111 certiora
1310 1055 1690 1129 exspectare
1730 1056 2060 1129 poterunt.

414 1128 554 1214 Ego
631 1129 757 1196 hoc
819 1130 1151 1214 paschatis
1176 1133 1223 1203 ¹)
1305 1130 1390 1196 ad
1456 1152 1571 1197 vos
1635 1132 1999 1212 venissem,
2076 1133 2204 1199 nisi

262 1235 499 1281 summa
557 1235 665 1281 me
728 1218 999 1295 caritas,
1067 1237 1261 1298 quam
1329 1219 1585 1300 suscepi
1652 1218 1724 1282 in
1789 1238 1900 1283 eos
1965 1217 2204 1284 fratres

264 1322 404 1384 qnos
442 1302 773 1367 Dominus
828 1302 937 1368 hic
1002 1301 1166 1366 mihi
1225 1300 1553 1380 adiunxit,
1622 1303 2018 1368 retinuisset.
2106 1303 2202 1368 Hi

260 1387 512 1452 fuerunt
562 1386 727 1451 mihi
771 1388 952 1453 omni
993 1388 1251 1453 ratione
1316 1390 1384 1452 in
1433 1389 1702 1453 Domini
1755 1390 1990 1454 timore
2048 1409 2202 1455 con·

261 1472 579 1551 firmandi,
632 1473 1019 1573 praesertim
1068 1473 1193 1573 boc
1248 1483 1539 1574 tem-pore
1594 1474 1663 1539 in
1717 1495 1853 1575 quq
1889 1474 2201 1558 plerique,

257 1569 1184 1712 ldololafflraffiguffifflm
1215 1581 1575 1726 3¹32&ss
1630 1647 1741 1728 qui
1780 1559 2203 1712 1111ξὲἬόἑὲ

258 1730 535 1796 evocavit
599 1739 792 1814 atque
858 1730 1136 1796 adduxit
1199 1729 1362 1808 huc,
1428 1732 1563 1797 iam
1619 1730 1865 1814 aliquid
1920 1752 2039 1815 per
2093 1752 2200 1798 me

256 1814 454 1880 effecit
497 1825 566 1880 et
598 1827 676 1880 ut
707 1837 899 1900 spero
934 1815 1193 1893 efficiet,
1239 1818 1626 1901 praesertim
1664 1817 1798 1883 tuis
1832 1826 2200 1885 commotus

257 1901 1032 2053 :fflffifflkfflm
1056 1901 1983 2072 fflffiffiffffiffi
2018 1924 2200 2073 ‘0333'

256 2072 399 2138 tatio
432 2038 504 2138 et
536 2071 903 2140 recordatio
939 2094 1052 2138 eas
1096 2072 1423 2158 lacrymas
1458 2040 1655 2141 meas,
1676 2075 1989 2152 evocavit,
2035 2094 2200 2156 quas

258 2158 356 2223 vix
395 2158 704 2225 cohibere
746 2160 930 2243 potui
973 2180 1059 2224 ne
1103 2159 1403 2225 chartam
1446 2159 1930 2241 perfunderem.
2001 2158 2200 2225 Com-

257 2263 507 2310 moveor
578 2244 916 2310 interdum
978 2266 1114 2310 non
1192 2256 1330 2309 tam
1397 2246 1689 2328 ipsorum
1760 2243 2200 2311 disiunctione

256 2348 432 2411 quam
464 2329 715 2395 misera
755 2350 978 2396 eorum
1017 2329 1390 2397 conditione
1424 2338 1555 2414 qua
1594 2331 1733 2397 illic
1777 2332 1996 2397 nescio
2039 2352 2199 2414 quo·

256 2414 428 2480 modo
484 2423 853 2483 versantur.
957 2416 1192 2499 Itaque
1251 2415 1471 2482 orabis
1524 2418 1887 2483 Dominum
1945 2424 2025 2482 ut
2079 2437 2199 2482 nos

255 2499 503 2586 colligat
558 2511 626 2567 et
682 2502 1061 2586 coniungat.
1150 2502 1297 2585 Ego
1359 2501 1461 2568 his
1518 2503 1837 2587 proximis
1880 2500 2200 2567 nundinis

255 2595 545 2736 exs‘piecto
612 2588 854 2653 omnia.
954 2588 1286 2653 Dominus
1366 2589 1455 2653 sit
1529 2598 1765 2655 tecum.
1877 2587 2198 2674 Lugduni

254 2691 346 2753 pn
410 2693 448 2738 e

489 2671 855 2740 thatm.
875 2672 934 2759 2)
1237 2759 1422 2825 Tuus
1463 2761 1636 2842 App.
1682 2756 2022 2825 Claudius.

1012 3051 1419 3059 *hm—-

1121 3267 1316 3340 1474.

786 3405 1150 3475 PAOEUS
1194 3405 1634 3473 OALVINO.

410 3580 679 3648 Gratias
721 3581 852 3664 aqit
894 3579 971 3645 de
1015 3577 1283 3662 acceptis
1324 3578 1556 3657 litoris,
1600 3579 1829 3662 plures
1870 3576 2026 3645 tales
2065 3576 2192 3646 sibi

248 3671 417 3748 optat.
484 3663 2190 3744 IntorGemnanosoonsaltatiofitutrumooneilium

250 3751 987 3819 adiredeboantnecnc.
1079 3749 2190 3818 Osiandrivehemontiamethosfi-

248 3835 355 3902 lm
386 3840 673 3904 animam
723 3842 907 3903 notat.
996 3834 1638 3920 Maqdebmqmsium
1668 3836 1961 3918 por-‘aaa
2008 3837 2189 3917 dolet,

252 3920 534 4006 Stephani
573 3925 1014 4007 miyrationem
1058 3922 1295 3988 laudat.

548 4095 663 4161 (Ex
700 4094 1039 4164 autographo
1075 4094 1203 4149 Cod.
1242 4095 1448 4149 Genev.
1485 4092 1602 4159 110,
1638 4092 1731 4146 fol.
1767 4095 1882 4160 40.)

248 4262 622 4332 Fortissimo
702 4264 953 4333 Christi
1034 4265 1322 4333 athletae
1398 4263 1608 4330 eidem
1657 4286 1738 4330 ue
1818 4264 2192 4332 doctissimo

250 4351 836 4434 humanissimoque
894 4353 1036 4418 viro
1091 4350 1180 4416 D.
1245 4350 1482 4418 Ioanni
1539 4350 1595 4416 C
1668 4351 1819 4417 vino
1877 4351 2194 4417 Genevae

250 4436 573 4504 Christum
617 4438 881 4504 docenti
938 4437 1203 4503 domino
1243 4450 1309 4502 et
1351 4437 1560 4502 amico
1605 4458 1726 4502 suo
1770 4445 2038 4502 aeterna
2079 4457 2193 4502 ve·

783 4525 1123 4589 neratione
1163 4523 1644 4590 colendissimo.

405 4660 472 4728 S.
518 4662 597 4727 P.
668 4660 1143 4726 Gratissimum
1188 4668 1254 4724 et
1293 4659 1455 4726 mihi
1514 4660 1719 4725 fecisti
1768 4667 1836 4724 et
1877 4659 2192 4726 fratribus

251 4744 431 4811 ctiam
471 4746 621 4814 aliis
663 4747 986 4832 plurimis,
1031 4744 1204 4829 quod
1248 4745 1716 4830 fragmentum,
1756 4752 1835 4810 ut
1869 4754 1942 4810 tu
1977 4765 2189 4824 vocas,

252 4831 517 4914 epistolii
550 4833 634 4900 ad
670 4855 777 4900 me
811 4831 1258 4898 transmittere
1293 4851 1425 4897 non
1461 4831 1664 4897 fueris
1700 4829 2108 4915 dedignatus.
2138 4832 2188 4906 ι)

251 4915 504 4984 Utinam
548 4919 759 4985 multa
801 4917 1211 5002 saepiuscule
1254 4917 1415 4983 talia
1450 4929 1519 4982 et
1560 4920 1932 5002 fragmenta
1967 4924 2037 4982 et
2080 4936 2190 4981 co·

252 5136 409 5197 1478.
432 5141 491 5207 1)
530 5139 757 5196 Pascha
791 5140 891 5195 hoc
923 5156 1072 5194 amo
1101 5138 1301 5195 meida
1332 5140 1397 5194 in
1429 5155 1482 5194 a.
1518 5137 1574 5193 d.
1614 5138 1724 5196 1V.
1764 5139 1881 5195 Cal.
1920 5138 2063 5207 Apr.

254 5272 416 5333 1⁴74.
435 5209 499 5346 P)
533 5208 630 5334 ΒΞ
661 5224 894 5333 mv·
930 5205 1009 5290 ²N
1050 5206 1190 5333 ¹452·
1218 5205 1464 5333 ’ὅοὲἰυίκο
1498 5277 1815 5332 commercio
1850 5293 1898 5333 v.
1937 5275 2014 5333 N.
2051 5271 2189 5329 1358

256 5349 301 5397 σι
329 5344 472 5406 1413.
543 5346 935 5416 nmmum
1139 5360 1252 5401 non
1285 5351 1479 5401 exstat.

2308 615 2549 699 phinos
2603 617 2806 684 etiam
2870 617 3100 701 plenos
3138 619 3456 702 privatim
3513 641 3769 704 quoque
3832 642 3953 705 per
4009 625 4275 709 negotia

2308 701 2426 767 tibi
2492 710 2611 767 tua
2673 702 2756 768 ad
2817 724 2935 769 nos
2991 702 3204 770 liceat.
3290 704 3461 769 Nam
3529 706 3786 771 etiamsi
3841 707 4102 790 publica
4159 719 4274 775 tua

2309 788 2556 869 scripta
2597 789 2894 853 omnium
2953 810 3135 854 nune
3187 789 3362 873 apud
3418 812 3538 856 nos
3582 792 3781 856 etiam
3827 791 4130 859 manibus
4176 804 4272 860 te-

2309 884 2574 950 rantur,
2631 883 2700 939 et
2744 894 2784 938 a
2825 894 2935 938 me
2978 896 3236 958 semper
3277 876 3452 942 facta
3494 886 3652 941 sunt
3694 879 4003 954 maximi,
4047 890 4273 945 tamen

2312 959 2533 1025 neseio
2590 959 2912 1042 quomodo
2969 961 3268 1045 privatae
3327 962 3526 1026 etiam
3584 982 3769 1027 meae
3827 964 4128 1030 literulae
4169 971 4275 1029 καὶ

2310 1042 2385 1106 td
2428 1042 2818 1125 αὐτοσχέδια,
2877 1061 2952 1110 ut
3010 1047 3078 1110 in
3134 1047 3456 1112 matronis
3511 1047 3727 1113 cultus
3779 1049 4153 1133 ‚neglectior
4197 1072 4273 1117 ae

2311 1127 2712 1197 domesticus
2755 1130 3335 1216 quotidianusque,
3406 1132 3686 1197 delectat
3726 1135 3957 1218 magis.
4047 1134 4273 1216 Quare

2309 1235 2393 1279 ne
2427 1235 2642 1297 quam,
2680 1237 2839 1300 rogo
2874 1238 3259 1301 quaesoque,
3305 1238 3597 1301 unquam
3632 1218 3904 1302 posthac
3941 1221 4270 1288 intermit-

2308 1307 2412 1366 tas
2456 1302 2894 1381 occasionem,
2953 1303 3473 1387 quandocunque
3527 1302 3769 1368 habere
3825 1307 4113 1386 potueris
4158 1308 4272 1389 qui

2307 1386 2360 1451 si
2408 1387 2566 1469 quid
2619 1387 2702 1453 ad
2748 1409 2871 1454 nos
2932 1390 3097 1455 velis
3143 1390 3437 1473 rogitent
3496 1387 3861 1472 quibusque
3916 1401 4091 1455 recte
4136 1389 4269 1471 des,

2306 1471 2470 1554 quin
2531 1472 2697 1537 mihi
2755 1494 3010 1556 quoque
3064 1475 3278 1540 obiter
3343 1473 3589 1557 aliquid
3635 1476 3704 1538 in
3762 1496 3982 1541 amore
4038 1486 4271 1543 mutuo

2305 1556 2718 1641 respondeas.
2809 1558 3132 1642 Equidem
3210 1561 3266 1626 si
3336 1560 3572 1625 scirem
3641 1560 3797 1643 quid
3858 1562 4268 1643 potissimum

2305 1642 2413 1707 vel
2461 1643 2659 1709 scribi
2702 1665 2742 1708 a
2777 1665 2915 1722 me,
2963 1644 3072 1710 vel
3116 1647 3188 1709 in
3235 1646 3339 1710 his
3384 1645 3765 1745 regionibus
3809 1647 4026 1712 curari
4069 1649 4270 1714 confi-

2303 1728 2493 1811 eique
2537 1726 2898 1808 desideres,
2965 1730 3048 1796 ad
3093 1732 3160 1795 id
3206 1752 3311 1796 me
3355 1731 3770 1815 potissimum
3820 1742 4081 1816 totoque
4121 1751 4271 1815 pec-

2305 1824 2443 1878 tore
2523 1814 3097 1881 accommodarem.
3219 1816 3449 1900 Neque
3541 1815 3898 1900 quidquam
3979 1839 4272 1901 unquam

2303 1897 2479 1982 quod
2542 1910 2810 1983 gratum
2883 1902 3002 1967 tibi
3060 1911 3176 1967 aut
3219 1902 3580 1968 iucundum
3629 1903 3767 1967 fore
3822 1903 4271 1969 existimarem

2303 1984 2698 2064 omitterem,
2745 2007 2955 2068 neque
2999 2008 3203 2072 grave
3246 1996 3363 2053 aut
3405 1987 3803 2054 laboriosum
3852 1988 4100 2071 aliquid
4146 1988 4269 2055 du-

2303 2090 2538 2147 cerem,
2584 2092 2711 2153 quo
2770 2074 3128 2155 gratificari
3182 2073 3297 2139 tibi
3357 2075 3592 2140 tuisve.
3618 2095 3892 2156 possem.
3983 2072 4118 2140 Sed
4163 2095 4267 2141 re-

2304 2154 2427 2222 bus
2468 2156 2696 2220 malim
2741 2156 3123 2240 aliquando,
3191 2160 3247 2222 si
3291 2160 3380 2224 sit
3423 2161 3702 2235 occasi0,
3747 2160 4065 2242 factisque
4107 2162 4267 2243 ipsis

2303 2241 2678 2325 significare
2737 2245 3090 2326 testarique
3145 2264 3371 2308 meum
3413 2264 3573 2327 erga
3629 2254 3694 2308 te
3739 2245 4052 2309 animum.
4142 2247 4266 2310 At-

2301 2347 2429 2409 que
2475 2328 2728 2393 utinam
2773 2328 2963 2395 vultu
3007 2349 3226 2395 eoram
3281 2328 3632 2412 aliquando
3692 2329 3892 2394 etiam
3934 2330 4077 2411 ipso
4123 2351 4263 2396 om-

2302 2411 2504 2494 nique
2547 2414 2970 2480 observantia
3027 2424 3093 2481 et
3135 2415 3618 2499 significatione
3671 2413 3737 2478 id
3798 2417 4013 2497 ipsum
4048 2414 4259 2481 liceat.

2302 2496 2500 2578 Quod
2567 2501 2786 2566 nescio
2895 2498 3176 2567 uomodo
3242 2522 3376 2566 non
3451 2519 3721 2584 possum
3786 2521 3922 2565 non
4001 2521 4265 2584 sperare

2302 2593 2761 2667 exoptareque.
2851 2521 2979 2650 god
3021 2596 3317 2670 tempore
3352 2584 3433 2651 de
3479 2586 3602 2652 hoe
3644 2583 3892 2650 viderit
3917 2586 4261 2652 Dominus.

2474 2668 2580 2734 De
2620 2670 2821 2735 rebus
2863 2673 3109 2738 nostris
3152 2673 3276 2738 etsi
3319 2681 3478 2755 puto
3531 2683 3599 2735 te
3642 2693 3725 2736 ex
3770 2670 3918 2735 aliis
3962 2671 4265 2754 plurimis

2302 2751 2532 2819 audire
2575 2753 2885 2839 pleraque
2928 2759 3185 2834 omnia,
3242 2759 3373 2822 mei
3430 2771 3657 2821 tamen
3710 2776 3870 2840 erga
3912 2771 3977 2820 te
4021 2760 4264 2823 amoris

2301 2838 2798 2990 observantiaeq‘
2804 2862 2889 2906 ue
2950 2863 3026 2908 ac
3077 2842 3347 2926 pietatis
3407 2839 3567 2908 adeo
3632 2843 3832 2907 etiam
3897 2862 4041 2908 esse
4095 2841 4261 2907 duxi

2299 2924 2511 2990 obiter
2551 2945 2759 3008 paucu
2790 2948 2830 2991 a
2883 2937 3063 2993 certa
3118 2927 3439 3011 quaedam
3480 2925 3917 3008 αὐτοσχεδίως,
3984 2936 4061 2992 ιιι
4103 2928 4262 2993 offe·

2300 3018 2455 3074 rent
2498 3031 2658 3080 sese.
2747 3010 2931 3078 Scito
2975 3033 3133 3097 ergo
3195 3012 3301 3080 his
3356 3012 3585 3078 diebus
3641 3013 3846 3078 fuisse
3912 3011 4089 3095 apud
4142 3034 4264 3080 nos

2299 3093 2385 3160 D.
2410 3095 2741 3162 doctorem
2768 3096 3123 3164 Mallorum
3142 3099 3197 3178 2)
3223 3098 3694 3163 Brunonisvici
3718 3095 4261 3182 superattenden-

2299 3192 2462 3259 tem,
2509 3181 2870 3267 itidemque
2918 3182 3005 3249 D.
3050 3182 3384 3250 doctorem
3429 3182 3880 3264 Mmpaohium
3903 3186 3955 3261 ³)
4000 3185 4099 3247 Ar
4144 3204 4262 3249 en-

2299 3272 2735 3349 toratensem,
2780 3269 2902 3335 tibi
2946 3288 3202 3353 quoque
3245 3281 3402 3354 puto
3442 3288 3576 3334 non
3620 3267 3921 3351 issnotum
3939 3319 3954 3346 ,
3999 3288 4035 3333 e
4123 3289 4261 3334 em-

2298 3370 2424 3434 que
2469 3350 2551 3417 de
2593 3373 2792 3421 causa
2845 3361 3202 3438 utrumque
3260 3355 3388 3420 huc
3428 3355 3792 3438 profectum
3837 3352 4144 3419 videlicet
4186 3364 4263 3420 ut

2296 3437 2637 3505 nobiscum
2710 3441 3275 3508 communicarent
3352 3440 3433 3507 de
3510 3439 3786 3506 concilio
3854 3437 4258 3518 Tridentino,

2295 3523 2929 3608 proficiscendumne
2985 3527 3073 3591 sit
3129 3525 3320 3594 nobis
3387 3527 3588 3603 istuc,
3649 3523 3933 3591 Caesare
3984 3525 4083 3589 ita
4141 3544 4258 3589 vo-

2295 3617 2487 3673 cante
2520 3616 2591 3674 et
2622 3611 3120 3696 magistratibus
3153 3611 3401 3678 nostris
3423 3610 3692 3678 Caesari
3727 3609 4260 3691 assentientibus,

2297 3714 2406 3774 an,
2447 3715 2654 3778 quum
2677 3695 2760 3763 de
2781 3697 2908 3763 isto
2952 3697 3072 3763 tali
3115 3697 3391 3765 concilio
3434 3698 3528 3762 ita
3569 3694 4008 3770 continuando
4050 3714 4261 3778 parva

2297 3787 2413 3845 aut
2483 3781 2669 3846 nulla
2736 3784 3004 3848 omnino
3056 3804 3208 3867 spes
3277 3784 3486 3867 possit
3541 3800 3684 3849 esse
3741 3781 3940 3858 bona,
3997 3780 4262 3846 sinendi

2305 3941 2516 3950 ..ὓ-,ῳ
2597 3941 2708 3948 --——--

2504 4036 2563 4102 2)
2606 4036 2877 4094 Nicotaus
2928 4038 3168 4104 Μοᾱὶον,
3216 4054 3283 4091 0oe
3335 4034 3508 4090 Curia
3568 4036 3918 4090 Vas-iecorum
3965 4036 4260 4103 oriundus,

2301 4106 2541 4162 Lathon-⁸·
2572 4112 2623 4161 et
2643 4105 3081 4163 Melanchekonis
3114 4106 3238 4161 olim
3273 4105 3512 4168 auditor,
3550 4121 3599 4158 a.
3642 4101 3776 4157 1536
3810 4104 4261 4172 superintendens

2299 4172 2757 4244 Rusucmona,
2831 4181 2980 4230 σεται
3001 4175 3043 4227 S
3117 4173 3356 4228 adaniae
3390 4173 3740 4228 concionator
3776 4174 4007 4240 aulicus,
4043 4188 4094 4227 a.
4117 4172 4256 4227 1545

2299 4244 2677 4312 Bmwt'on'ae
2748 4191 2980 4313 den-que
3069 4243 3385 4311 orabatque,
3420 4242 3518 4296 ubi
3549 4243 3645 4296 νὴ·
3681 4241 3836 4295 adito
3869 4257 4091 4296 manere
4123 4243 4258 4296 obiit

2298 4311 2384 4365 24.
2418 4313 2473 4366 A
2552 4353 2564 4366 .
2603 4283 2756 4367 1661.
2829 4312 3059 4381 Scripsit
3092 4315 3239 4367 inter
3274 4310 3389 4365 azia
3424 4315 3617 4365 contra
3656 4308 3906 4364 merim.
4115 4379 4126 4391 .
4161 4379 4170 4390 ⁹

2474 4328 2566 4449 ug)
2599 4381 3085 4451 Ammon-ateana
3107 4380 3451 4449 Imperatori,
3485 4377 3860 4433 Protestantes
3878 4378 3954 4432 ad
3970 4378 4258 4433 concauam

2297 4452 2520 4506 vocanti
2552 4451 2636 4504 vel
2665 4451 2852 4519 potius
2981 4449 3096 4503 enti
3120 4456 3248 4530 post
3293 4449 3500 4512 factum
3533 4447 3870 4503 comitiorum
3909 4448 4257 4516 Auyustano-

2297 4535 2421 4573 rum
2470 4518 2728 4586 edictum,
2774 4521 2872 4574 vix
3073 4533 3226 4572 utum
3269 4532 3473 4586 negare
3519 4517 3647 4569 ausi
3679 4521 3909 4584 propter
3956 4530 4089 4570 suas
4136 4531 4255 4570 cum

2297 4589 2548 4657 episcopo
2581 4532 3349 4657 disceptationesoedioerimine
3376 4586 3600 4654 plenas,
3648 4599 3686 4637 a
3730 4585 4003 4638 ministris
4045 4590 4106 4637 ut
4141 4600 4255 4638 sen·

2297 4657 2522 4712 tentiam
2573 4671 2730 4710 suam
2766 4655 3108 4711 declararent
3139 4658 3430 4725 petierunt.
3508 4652 3661 4734 Quae
3695 4653 3843 4734 satis
3884 4653 4100 4732 prolixe
4131 4668 4256 4733 conf

2298 4727 2857 4862 ’ὅαᾟῗεῖἴίὶἱηᾍ
2806 4722 3532 4860 Ψῗῧέἴέἵῖωμῖῗηῖι,
3552 4721 4009 4858 “awa
4035 4721 4258 4842 {m

2292 4863 2559 4928 fatentur.
2636 4862 2871 4916 Interim
2893 4860 3258 4918 Man-bachius
3293 4862 3370 4915 ad
3408 4859 3656 4913 Saxones
3691 4863 3891 4913 missas
3925 4867 4003 4913 est
4037 4865 4096 4910 ut
4131 4872 4254 4910 cum

2550 4929 2812 4999 theologiis
2845 4929 2912 4984 de
2944 4930 3048 4985 hac
3079 4946 3144 4985 re
3175 4928 3458 4995 conferret.
3531 4927 3623 4981 Ea
3659 4930 3939 4982 occasione
3977 4926 4254 4980 Melanch—

2296 5000 2427 5055 thon
2540 5000 2550 5012 '
2601 4999 2743 5054 olan·
2882 5000 2893 5012 '
2927 5002 3001 5054 sit
3032 4998 3111 5055 ad
3128 4999 3615 5069 Argentoratum&
3790 4995 3984 5063 loquar
4009 4995 4070 5072 is
4093 4992 4256 5062 Gon-p.

2300 5067 2424 5135 Bes.
2524 5066 2612 5121 ΙΙ.
2673 5014 3057 5122 'Immo
3107 5066 3531 5135 christophorus
3656 5064 4090 5143 inmoerqensps
4136 5062 4257 5116 dax

2296 5137 2357 5190 in
2401 5135 2688 5193 comam
2733 5134 3013 5191 adlabitus
3063 5137 3179 5202 fait
3222 5142 3274 5191 ct
3319 5149 3440 5190 soro
3489 5134 3699 5188 demum
3824 5130 3888 5184 nd
3933 5129 4251 5194 factendam

2290 5211 2425 5260 esset
2460 5205 2872 5261 constitum.
2944 5203 3267 5268 (Roehn'ch.
3304 5201 3434 5258 ΙΙΙ.
3467 5200 3536 5256 18
3633 5218 3682 5270 q.
3698 5243 3712 5268 ‚
3834 5198 4085 5280 banoy-er,
4126 5199 4245 5252 ΕΓΖ.

2292 5288 2397 5395 {¹⁶⁸3
2453 5278 2610 5407 ωιῗή.
2671 5271 2745 5326 Κ.
2803 5271 2928 5340 Res.
2982 5290 3038 5342 p.
3087 5272 3220 5344 201,
3271 5272 3512 5342 Κωφὴν,
3620 5283 3785 5336 eraeoq
3841 5268 4144 5336 Chrwtoph.
4201 5267 4250 5320 1.
