4900 6167
255 431 350 495 101
606 379 615 386 ⁹
1944 426 2103 489 1551
2152 423 2451 493 ΔΡΒΠ..
4094 436 4221 502 102

250 618 471 700 Nempe
510 619 590 681 ut
628 614 865 682 Gallus
906 615 979 680 in
1020 633 1230 699 papae
1272 614 1572 697 gratiam,
1614 613 1864 680 obiecto
1905 609 2165 679 concilii

249 701 571 771 sationalis
610 702 775 780 fuco,
820 699 1281 766 Tridentinum
1312 699 1477 764 illud
1519 697 1852 766 dissolvat.
1868 699 1928 777 ὅ)
1993 697 2167 763 Pru-

248 790 444 856 dentes
484 807 829 854 accensam
848 786 1003 854 belli
1034 785 1246 851 facem
1278 785 1349 850 in
1381 784 1580 851 Italia
1619 782 1929 851 iudicant.
1996 783 2167 849 'Pur-

245 876 395 942 cicus
443 873 702 958 legatus
750 893 928 939 nunc
977 873 1047 937 in
1104 870 1260 937 aula
1315 870 1550 955 gallica
1592 878 1728 949 est,
1785 870 1896 954 qui
2056 889 2163 934 em

249 960 319 1030 ad
349 958 589 1025 bellum
634 957 944 1025 stimulet.
1007 957 1305 1024 Maxima
1346 956 1573 1023 classis
1614 955 1848 1022 Italiae
1881 954 1991 1023 vel
2086 956 2100 971 '

249 1045 451 1129 paniae
490 1044 814 1110 imminet.
900 1044 1083 1127 Ergo
1125 1042 1453 1108 Dominus
1492 1042 1672 1120 istos,
1727 1063 1812 1107 ne
1853 1040 2164 1108 ecclesiae

248 1140 360 1197 tm
397 1131 531 1195 sint
562 1129 842 1207 molesti,
885 1128 1240 1212 occupabit.
1309 1127 1534 1209 Quum
1574 1127 1740 1196 mihi
1774 1126 2165 1193 Tridentum

249 1215 464 1301 petenti
505 1214 673 1281 istac
717 1214 857 1280 fore
898 1214 1025 1279 iter
1066 1214 1355 1280 noveris:
1402 1214 1599 1280 nimis
1631 1235 1703 1279 es
1738 1213 2163 1290 inhumanus,

246 1303 340 1386 qui
374 1300 562 1367 nobis
604 1299 836 1367 saltem
879 1301 1075 1366 unius
1108 1299 1467 1382 hospitium
1504 1320 1631 1365 nou
1669 1299 1882 1364 offers.
1905 1303 1961 1374 ⁶)
2028 1296 2165 1365 Sed

246 1395 557 1470 exspectas
600 1386 771 1452 forte
813 1406 1058 1451 novam
1101 1384 1348 1450 bullam
1389 1404 1555 1467 quae
1597 1405 1720 1449 nos
1762 1383 2085 1450 admittat.
2109 1382 2164 1469 ⁷)

249 1472 445 1556 Neque
511 1471 688 1537 enim
763 1493 848 1536 ex
912 1491 1139 1536 eorum
1220 1491 1447 1536 sumus
1510 1490 1814 1550 numero,
1893 1469 2008 1553 qui
2084 1468 2166 1534 de

246 1559 381 1635 iure,
422 1558 529 1623 vel
574 1555 1061 1632 consuetudine,
1120 1554 1229 1621 vel
1282 1554 1626 1640 privilegio
1680 1562 1943 1621 sanctae
1990 1552 2164 1621 sedis

244 1643 609 1728 apostolicae
684 1642 900 1709 locum
977 1640 1292 1706 obtinent.
1412 1640 1671 1707 Licebit
1745 1662 1903 1726 ergo
1979 1639 2166 1706 nobis

246 1728 393 1795 domi
446 1730 796 1814 quiescere.
894 1726 1291 1809 Quanquam
1350 1737 1451 1792 est
1501 1726 1699 1792 etiam
1755 1727 1931 1810 quod
1988 1725 2163 1791 domi

410 1838 505 1882 us.
584 1815 756 1880 Nam
799 1822 868 1878 et
911 1812 1219 1879 Christus
1258 1811 1500 1878 laboris
1538 1812 1881 1878 materiam
1925 1832 2163 1895 suppe-

244 1898 387 1966 ditat
426 1908 493 1966 et
534 1898 746 1966 Satan
790 1899 1029 1966 otiosos
1073 1896 1299 1964 sedere
1341 1919 1475 1962 non
1512 1896 1777 1980 patitur.

389 1987 594 2052 Dabis
648 1983 1050 2050 festinationi
1106 2005 1290 2049 meae
1346 1984 1629 2049 veniam.
1716 1983 1891 2048 Nam
1957 2004 2163 2067 quum

246 2070 537 2140 Germani
617 2071 731 2137 isti
831 2070 1271 2136 adolescentes
1370 2089 1634 2151 operam
1725 2067 1892 2136 mihi
1974 2090 2161 2135 suam

244 2158 559 2236 offerrent,
617 2156 846 2222 horam
901 2163 1155 2220 tantum
1214 2154 1299 2220 ad
1352 2153 1765 2220 scribendum
1819 2153 2161 2232 dederunt,

244 2263 388 2325 quae
428 2263 631 2326 prope
666 2241 946 2307 effluxit.
1014 2241 1200 2320 Vale,
1246 2240 1658 2306 ornatissime
1703 2240 1807 2304 vir
1848 2247 1917 2304 et
1958 2239 2163 2304 frater

246 2329 385 2394 mihi
440 2352 523 2395 ex
587 2329 808 2393 animo
864 2325 1264 2393 observande
1307 2335 1375 2391 et
1415 2326 1765 2392 carissime.
1856 2324 2037 2390 Oolle

247 2416 354 2480 mei
392 2423 457 2480 te
498 2422 884 2481 reverenter
925 2412 1232 2478 salutant.
1301 2412 1453 2477 Meo
1488 2420 1555 2475 et
1588 2410 1850 2476 illorum
1894 2430 2163 2475 nomine

246 2498 569 2582 plurimam
613 2499 893 2565 salutem
938 2497 1111 2564 dices
1154 2498 1237 2562 D.
1262 2496 1659 2575 Bibliandro,
1686 2496 1785 2566 D.
1828 2495 2164 2573 PellicanO‚

251 2582 538 2665 Homero,
589 2594 656 2650 et
697 2584 964 2668 reliquis
998 2582 1329 2649 fratribus.
1397 2581 1727 2648 Dominus
1772 2602 1897 2652 vos,
1935 2602 2164 2648 omnes

248 2675 478 2737 tueatur
521 2691 642 2735 suo
685 2669 1029 2755 praesidio,
1075 2669 1310 2752 spiritu
1346 2669 1682 2752 gubernet,
1726 2667 1980 2734 labores
2022 2688 2164 2734 ves-

244 2761 361 2822 tros
398 2762 755 2840 prosperet.
844 2755 1206 2821 Consensio
1260 2764 1486 2820 nostra
1540 2753 1760 2819 minus
1816 2753 2163 2838 diligenter

250 2837 423 2907 latine
465 2842 574 2908 hic
620 2842 710 2906 im
759 2862 941 2907 ressa
993 2839 1118 2905 fuit
1173 2861 1371 2924 quam
1426 2838 1681 2906 vellem.
1784 2837 1924 2906 Sed
1976 2837 2163 2906 brevi

246 2944 479 2993 rursum
545 2949 708 2993 excu
757 2935 924 2992 etur.
1012 2926 1277 2992 Interea
1328 2925 1639 3009 gallicum
1690 2924 2026 3008 exemplar
2065 2924 2164 2990 la-

247 3010 361 3077 u'no
397 3013 685 3092 adiunxi,
729 3013 800 3077 in
843 3033 970 3095 quo
1015 3021 1078 3076 te
1124 3010 1436 3077 mendum
1479 3011 1737 3077 nullum
1782 3010 2080 3076 offendet.
2109 3012 2177 3095 Β)Δ

242 3094 548 3179 Genevae,
601 3104 697 3164 10.
744 3098 993 3182 Aprilis
1045 3099 1303 3174 1551.⁹)

932 3234 1215 3299 Ioannes
1261 3231 1578 3299 Calvinus
1622 3254 1779 3318 vere
1822 3239 1990 3299 tuus.

1093 3794 1291 3867 148⁰.

747 3932 1151 4000 VIRE'PUS
1198 3931 1631 3999 OALVINO.

398 4107 643 4174 Narrat
699 4106 855 4187 quid
922 4105 1046 4170 sibi
1090 4106 1197 4180 ,rei
1250 4105 1439 4187 fuerit
1504 4123 1646 4169 cum
1706 4103 2167 4171 Genevensibus

242 4189 520 4260 adversae
552 4192 770 4274 partis
801 4192 913 4273 qui
958 4190 1370 4256 Lausanmm
1421 4195 1746 4270 venerant,
1805 4195 1863 4255 et
1916 4210 2046 4272 qua
2093 4189 2169 4255 de

240 4294 422 4343 wasa
475 4279 662 4345 etiam
704 4282 849 4360 post
903 4297 1114 4342 eoram
1166 4277 1509 4343 decessum
1548 4277 1684 4359 ipse
1725 4275 1895 4342 domi
1942 4275 2165 4342 sedeat.

497 4449 611 4515 (Ex
647 4447 984 4519 autographo
1018 4443 1146 4500 Cod.
1182 4446 1386 4500 Genev.
1424 4444 1565 4504 111..
1617 4447 1705 4500 sol.
1744 4444 1891 4512 187.)

438 4723 493 4790 5)
527 4724 644 4779 Hic
686 4722 904 4789 fallitur
947 4720 1038 4774 vir
1084 4734 1343 4792 summus.
1569 4718 1577 4726 '
1638 4719 1844 4774 Caesar
1878 4718 2168 4774 concilim

248 4795 473 4919 w,
514 4793 639 4848 Rex
683 4796 878 4872 contro
922 4789 1144 4858 agebat,
1192 4794 1244 4843 et
1285 4787 1452 4842 naisso
1494 4787 1903 4870 kymlacobo
1948 4787 2166 4867 Amet,

246 4921 374 4985 aas·
403 4948 511 4986 no„
607 4877 681 4942 ⁸·
840 4857 1318 5009 ’.szsff'lgz
1357 4926 1477 4979 262.
1554 4862 1855 4982 maffi‘
1881 4872 2087 4995 ἔθη.)

441 4999 497 5066 6)
593 5014 692 5054 aec
723 4998 912 5054 omnia
943 5010 1152 5051 womce
1185 4995 1336 5050 docta
1367 5009 1482 5048 esse
1509 5000 1682 5063 patet.

441 5067 497 5131 7)
532 5068 616 5136 Of.
657 5068 730 5123 N.
768 5066 924 5134 1461,
958 5070 1071 5120 not.
1107 5064 1143 5118 2
1175 5069 1227 5119 et
1258 5064 1425 5131 Hess,
1460 5062 1620 5119 Bau·
1692 5080 1769 5119 er.
1804 5063 1893 5118 ΙΙ.
1931 5063 2015 5117 30.

440 5137 495 5203 8)
528 5138 618 5193 De
651 5136 900 5192 maone
935 5134 1251 5190 Gemmeus
1291 5133 1517 5203 amnica.
1701 5138 1781 5188 est
1811 5133 1960 5201 quod
1992 5130 2169 5187 adda·

256 5200 1913 5327 mad.eaquaehabesinProk·asp.T.VH.p.r33sq.
2102 5270 2114 5282 θ

371 5274 691 5400 “ggflaefl
779 5343 841 5399 'a
988 5272 1230 5328 mansel
1283 5269 1926 5338 wdemamBullmaero
1958 5268 2173 5327 tractata

2314 605 2324 628 “
2435 611 3013 681 Praestantissimo
3065 612 3223 682 Iesu
3279 614 3532 684 Ohrisfi
3589 638 3783 687 servo
3837 621 3925 688 D.
3981 621 4223 694 Ioanni

2265 696 2545 765 Calvino
2588 697 3001 799 Genevensis
3041 700 3357 768 ecclesiae
3396 704 3648 787 pastori
3686 705 3878 788 fiatri
3917 714 3991 774 et
4028 731 4220 795 sym·

2265 790 2524 868 mystae
2564 793 3095 852 eomunoussmo

3570 891 3906 960 Genevae.

2439 1020 2509 1088 S.
2591 1022 2858 1089 Oontuli
2902 1045 3008 1089 me
3052 1024 3301 1092 Orbam
3356 1048 3509 1093 cum
3554 1026 3825 1094 Farello.
3919 1030 4222 1101 Ecclesia

2265 1106 2383 1173 illa
2426 1106 2617 1173 valde
2660 1118 2810 1193 eget
2864 1109 3185 1177 bonorum
3229 1113 3524 1178 virorum
3565 1112 3828 1180 auxilio.
3857 1118 3906 1195 ¹)
3993 1117 4212 1185 Multa

2266 1191 2539 1277 polliciti
2574 1203 2734 1260 sunt
2773 1194 3027 1261 fratres.
3127 1197 3227 1261 At
3267 1218 3502 1265 vereor
3556 1219 3640 1264 ne
3681 1199 3869 1265 nobis
3926 1202 4215 1269 absenti-

2267 1278 2390 1344 bus
2453 1279 2672 1344 omnia
2740 1281 2964 1345 statim
3022 1282 3341 1347 memoria
3412 1282 3736 1349 excidant.
3837 1283 4219 1356 Statueram

2267 1362 2396 1431 huc
2438 1385 2747 1430 reversus
2789 1366 2960 1444 istuc
3016 1387 3121 1432 me
3178 1368 3486 1452 recipere,
3530 1365 3682 1436 cum'
3725 1371 3960 1437 vestris
4003 1369 4104 1438 liti

2268 1449 2518 1515 toribus
2537 1451 2595 1534 ¹²)
2656 1458 3036 1533 captaturus
3100 1453 3503 1520 occasionem
3569 1454 3957 1522 familiarius
4021 1395 4219 1525 coffi:

2266 1534 2528 1617 quendi,
2573 1557 2724 1601 cum
2766 1536 2847 1601 iis
2900 1536 3013 1620 qui
3054 1545 3281 1605 nostro
3317 1541 3529 1626 magis
3571 1541 3938 1608 ministerio
3982 1543 4215 1611 adver-

2265 1629 2514 1699 santur,
2559 1642 2635 1687 ac
2678 1629 3071 1706 experturus
3114 1623 3172 1689 si
3215 1645 3343 1707 qua
3385 1635 3559 1691 esset
3591 1647 3741 1718 spes
3785 1627 4035 1711 reliqua
4073 1631 4215 1697 fore

2264 1714 2341 1771 ut
2383 1705 2468 1774 ad
2509 1706 2849 1771 meliorem
2904 1708 3168 1797 frugem·
3217 1710 3443 1777 reduci
3502 1707 3786 1795 possent.
3873 1712 3990 1780 Sic
4033 1716 4214 1781 enim

2264 1792 2435 1856 inter
2491 1813 2598 1856 me
2650 1799 2719 1857 et
2762 1791 3089 1858 Famam
3146 1804 3563 1862 convenerat.
3650 1800 3737 1860 At
3785 1800 3947 1865 satis
3991 1811 4215 1884 aperte

2267 1876 2685 1944 declararunt
2747 1877 2817 1943 id
2892 1876 3017 1943 sibi
3081 1900 3218 1945 non
3295 1899 3439 1947 esse
3515 1881 3865 1947 admodum
3935 1895 4216 1969 gratum.

2265 1960 2492 2043 Quum
2534 1963 2709 2027 enim
2750 1984 2861 2029 eos
2900 1962 3103 2031 huius
3148 1968 3244 2031 rei
3287 1965 3805 2046 admonuissem,
3867 1989 3944 2034 ac
3987 1991 4058 2035 se
4099 1971 4215 2035 ad·

2263 2047 2395 2114 hue
2439 2047 2612 2113 diem
2655 2048 2973 2115 Mercurii
3025 2059 3237 2116 totum
3292 2073 3563 2118 consum
3611 2061 3795 2118 turos
3846 2053 3954 2121 hic
4008 2055 4214 2122 dixis-

2264 2141 2444 2212 sent,
2504 2131 2804 2198 abierunt
2859 2157 2900 2199 a
2952 2136 3226 2220 prandio
3282 2158 3390 2203 me
3432 2139 3499 2203 in
3603 2145 3786 2204 utato
3829 2148 3897 2204 et
3938 2141 4214 2208 minime

2264 2217 2343 2283 ad
2351 2219 2597 2283 monito
2653 2227 2790 2283 tam
2847 2219 3172 2303 repent-ini
3232 2222 3554 2288 discessus
3609 2233 3675 2288 et
3716 2230 4006 2290 mutatae
4061 2246 4213 2291 sen-

2263 2305 2528 2370 tentiae.
2618 2302 2840 2385 Quum
2884 2326 2969 2369 ex
3021 2305 3301 2390 bospitio
3357 2308 3827 2392 egrederentur
3869 2309 3999 2375 illis
4041 2310 4214 2378 forte

2265 2390 2536 2456 occurri.
2639 2389 2808 2456 Cum
2856 2391 3115 2458 Textore
3168 2394 3472 2458 nonnihil
3528 2415 3725 2477 super
3782 2395 3908 2461 hac
3961 2416 4033 2476 re
4092 2417 4211 2461 ex-

2311 2474 2612 2541 ostulavi.
2702 2475 3051 2542 Declaravi
3097 2499 3204 2543 me
3245 2479 3405 2546 satis
3448 2480 3972 2560 animadvertere
4015 2502 4214 2564 quam

2315 2561 2640 2643 ‘spliceret
2682 2561 3070 2644 quibusdam
3126 2585 3311 2630 meus
3370 2566 3747 2648 comitatus:
3809 2587 3914 2631 me
3958 2587 4215 2651 quoque

2264 2646 2454 2712 facile
2495 2645 2874 2712 huiusmodi
2920 2648 3262 2715 comitibus
3304 2652 3681 2717 cariturum.
3771 2651 3895 2717 Ille
3938 2674 4213 2719 excusa-

2267 2732 2365 2796 vit
2404 2731 2616 2814 quoad
2670 2733 2898 2815 potuit.
2989 2733 3161 2799 Dum
3218 2734 3550 2801 hominem
3610 2738 3677 2802 in
3735 2738 3992 2821 porticu
4049 2738 4215 2804 allo-

2267 2837 2519 2900 querer,
2587 2817 2770 2884 adest
2824 2819 3092 2885 comicus
3138 2818 3376 2886 Caesar
3429 2842 3595 2905 equo
3639 2822 3963 2902 insidens,
4021 2825 4206 2906 quasi

2269 2903 2408 2968 dux
2462 2903 2729 2986 aliquis,
2785 2914 2903 2969 aut
2958 2904 3419 2988 cataphractus
3471 2905 3699 2973 urbem
3756 2908 4042 2991 aliquam
4101 2931 4218 2974 ex-

2265 2997 2693 3072 pugnaturus.
2781 2990 2895 3055 Me
2937 2991 3349 3073 conspicatus
3401 2991 3584 3057 abdit
3635 3013 3705 3058 se
3762 2993 3830 3057 iu
3892 2994 4214 3077 angulum

2267 3074 2454 3158 quasi
2486 3094 2708 3140 meum
2742 3082 3161 3158 conspectum
3197 3085 3264 3140 et
3298 3076 3692 3161 colloquium
3727 3078 4000 3162 fugiens.
4069 3080 4217 3165 Ego

2265 3161 2522 3225 interea
2564 3160 2846 3226 salutato
2894 3160 3179 3239 Textore,
3232 3183 3425 3245 quem
3470 3162 3875 3246 alloquebar,
3937 3163 4067 3229 abii
4110 3186 4218 3231 re-

2267 3244 2462 3328 liquis
2517 3245 2920 3323 insalutatis,
2977 3254 3055 3312 ut
3110 3247 3548 3314 merebantur.
3650 3250 3744 3314 Et
3807 3256 3984 3317 certe
4026 3270 4218 3334 prae-

2267 3330 2442 3396 clare
2485 3352 2745 3398 mecum
2788 3338 3007 3397 aetum
3069 3342 3173 3398 est
3224 3330 3400 3416 quod
3453 3354 3561 3399 me
3604 3354 3739 3400 non
3781 3336 4080 3402 commisi
4120 3334 4220 3403 illi

2268 3415 2647 3482 claudorum
2691 3417 2895 3501 gregi,
2940 3426 3015 3483 ut
3052 3439 3129 3483 eo
3172 3417 3337 3484 duce
3387 3429 3455 3483 et
3514 3420 3749 3486 comite
3792 3427 4015 3487 uterer
4053 3441 4221 3503 quos

2267 3502 2475 3566 nostri
2517 3501 2838 3581 dicebant,
2883 3523 3084 3586 quum
3117 3502 3427 3570 viderent
3457 3526 3577 3589 per
3608 3504 3838 3572 urbem
3880 3512 4221 3590 reptantes

2268 3606 2345 3653 ac
2387 3587 2503 3654 vix
2542 3607 2741 3672 aegra
2781 3588 3079 3654 membra
3120 3590 3491 3670 trahentes,
3545 3611 3679 3656 non
3721 3612 3864 3657 esse
3916 3591 4078 3658 satis
4119 3599 4223 3658 tu-

2268 3680 2414 3737 tum
2458 3675 2661 3756 sequi,
2704 3673 2875 3757 quod
2918 3693 3142 3740 eorum
3186 3676 3303 3741 vix
3356 3697 3530 3741 unus
3582 3686 3780 3759 atque
3821 3676 3993 3743 alter
4034 3683 4212 3744 recte

2269 3757 2663 3824 incederent.
2741 3759 2870 3824 Die
2917 3759 3152 3825 Lunae
3198 3781 3401 3827 coena
3452 3763 3708 3845 excepti
3766 3771 3924 3827 sunt
3964 3783 4005 3827 a
4061 3782 4214 3829 nos-

2269 3844 2390 3909 tris
2434 3865 2584 3910 cum
2630 3844 3079 3911 Bernensibus
3132 3847 3203 3911 in
3262 3847 3457 3911 curia.
3540 3845 3759 3912 Audio
3804 3848 3875 3911 in
3917 3848 4219 3914 convivio

2269 3930 2481 3994 multa
2521 3929 2603 3994 de
2645 3938 2711 3994 te
2766 3951 2805 3996 a
2849 3931 3089 3997 vestris
3143 3932 3342 3998 fuisse
3399 3930 3603 4011 dieta,
3660 3940 3737 3998 ut
3792 3931 4046 4000 scilicet
4086 3932 4218 4000 tibi·

2269 4025 2338 4081 et
2386 4022 2609 4081 nostro
2664 4016 2958 4081 omnium
3015 4016 3376 4082 ministerio
3437 4016 3723 4101 gratiam
3775 4017 4217 4098 conciliarent,

2271 4190 2333 4199 ‘—
2358 4191 2550 4197 ——-
2563 4189 2677 4197 0----

2264 4304 2450 4359 1480.
2473 4303 2529 4372 1)
2563 4303 2723 4387 ‚Haec
2755 4304 3011 4360 alludunt
3053 4304 3131 4358 ad
3165 4308 3599 4360 mmmmm
3631 4307 3804 4388 ‚nobis
3853 4306 4214 4376 Μοθώνη.

2268 4373 2470 4428 Pham
2508 4372 2700 4453 ‚Ver-et·
2752 4374 3015 4443 epustolac
3064 4375 3154 4428 hoc
3194 4373 3539 4429 mumanae
3582 4376 3842 4430 cudentur
3891 4390 3961 4430 ex
4011 4376 4215 4445 quibus

2264 4442 2406 4523 lucis
2439 4440 2656 4511 ahquid
2687 4442 3274 4567 ww&
3346 4443 3436 4498 De
3471 4442 3708 4500 Roberto
3744 4445 3935 4500 Leuat
3968 4446 4206 4514 quidem,

2265 4515 2521 4592 namo
2562 4509 2816 4579 orbano,
3048 4527 3337 4567 mmortae
3369 4512 3637 4568 tradam
3671 4519 3750 4568 est
3783 4512 3932 4585 quod
3963 4529 4080 4568 rem
4113 4531 4208 4570 ex·

2270 4786 4215 4871 bertmormnpettdanttaetcalvmus'etverbuetactqstquufoam

2261 4871 2289 4926 ²
2375 4939 2405 4979 ε
2436 4855 3075 5006 Miasena&
3106 4856 3411 4994 Bm,
3446 4926 3560 5007 αφ
3590 4860 4215 5005 nmnmndsm

2269 4939 2540 5062 mma
2573 4992 2725 5062 Sept,
2762 4992 3098 5049 Ρλᾱῶοήιω
3129 4995 3368 5062 Bonna,
3417 4994 3548 5062 alu,
3598 5011 3711 5051 non
3756 5010 3894 5076 vero·
3920 4993 4214 5049 Pam.

2330 5066 2596 5186 intem
2628 5065 2809 5143 autea·
2853 5062 3252 5213 Ιιαα’ἱιϋιιεφιίιιᾶῑοᾶιτ
3276 5063 3954 5187 Lacumadtuennt
3994 5069 4049 5118 et
4089 5077 4215 5175 cun:

2268 5200 2781 5268 &andecam
3123 5200 4212 5271 dimm,haeeomiamindmpor-

2268 5269 2917 5395 wsmamssmffa.
2971 5285 3129 5339 ”⁶⁸⁴
3278 5310 3297 5339 '
3350 5270 4032 5340 mmm-emp·
4191 5309 4214 5339 ’

3735 5423 3806 5478 7*
