4900 6167
689 403 818 466 435

573 587 580 596 ’
691 589 971 655 miratus
1007 609 1154 654 sum
1192 609 1308 653 cur
1333 585 1678 653 Hedionem
1711 589 2057 672 praecipue
2094 587 2412 673 delegeris
2447 607 2641 672 quem

701 675 860 740 mihi
904 673 1293 741 imitandum
1342 693 1757 757 proponeres.
1847 674 2038 739 Facit
2092 675 2266 740 enim
2320 674 2484 740 haec
2530 684 2644 740 tua

698 765 767 825 in
812 759 1064 825 delectu
1109 759 1410 825 habendo
1453 761 1723 837 incuria,
1770 779 1855 824 ne
1893 760 2059 825 mihi
2103 760 2274 844 quod
2321 760 2641 844 praecipis

695 844 1020 930 agendum
1069 867 1208 912 esse
1253 845 1660 930 persuadeas,
1690 850 1770 923 ¹¹)

1573 1373 1766 1444 1⁶85.

1041 1527 1570 1595 PREVOTIUS
1597 1535 1642 1608 ¹)
1690 1530 2290 1618 GUAL‘JJHERO.

871 1701 1153 1766 Genevae
1195 1702 1408 1767 turbae
1444 1700 1850 1766 Bolsecianae
1884 1704 2131 1768 sedatae
2165 1705 2466 1771 damnata
2509 1706 2642 1771 doc-

691 1787 864 1851 trina
910 1788 1478 1869 praedestinationi
1535 1788 1832 1870 opposita.
1931 1788 2373 1857 calvinianam
2411 1792 2638 1876 domna

687 1873 1085 1947 vindicatur,
1137 1874 1572 1954 perietdosum
1632 1875 1882 1956 quidem
1938 1875 2047 1940 sed
2097 1874 2248 1955 fidei
2306 1882 2360 1940 et
2402 1878 2639 1943 rationi

688 1963 1179 2025 consentaneam.
1320 1959 1721 2041 Captivorum
1825 1960 2335 2045 Luydunensium
2435 1965 2640 2028 tristis

689 2044 970 2109 conditio.

690 2215 1071 2285 (Excerpimus
1109 2216 1370 2284 quaedam
1409 2235 1474 2269 ex
1514 2216 1644 2269 Ood.
1683 2216 2004 2271 Simleriano
2041 2216 2122 2274 78.
2200 2218 2251 2271 ui
2288 2233 2347 2272 se
2384 2225 2632 2289 autogra-

2227 2288 2530 2342 ualtherum
2568 2288 2630 2342 Τ.

727 2285 832 2339 hon
870 2302 935 2338 ex
973 2285 1313 2338 Bibliotheca
1362 2286 1531 2340 civica
1566 2285 1842 2340 Turiceusi
1885 2287 2018 2356 Epp.
2071 2288 2139 2340 ad

685 2302 755 2407 Pl.
794 2370 844 2422 p.
881 2351 953 2406 25
988 2354 1336 2422 descripsisse
1370 2355 1805 2492 affirnzztfiquqpe}
1829 2363 2010 2410 tamen
2048 2357 2204 2410 nobis
2240 2358 2504 2427 inspicere
2524 2375 2631 2411 non

681 2631 770 2640 ,-
819 2630 887 2641 -.
946 2629 1022 2638 ---
1079 2629 1147 2637 0-
1212 2628 1294 2640 —a
1343 2632 1422 2642 -ι
1489 2633 1556 2639 ——-
1611 2632 1688 2640 —.-
1759 2635 1828 2641 ,-.-
1889 2635 1932 2641 -.
1943 2635 1956 2640 -
2017 2635 2086 2642 --.
2154 2636 2223 2643 --
2289 2636 2374 2644 -
2423 2636 2491 2644 ...-
2573 2636 2619 2646 ιι-

858 2678 1212 2745 Caeterum
1278 2679 1450 2763 quod
1510 2679 1593 2745 ad
1648 2681 2021 2766 Hiermtymi
2078 2706 2340 2749 causam
2398 2685 2633 2749 attinet

685 2765 911 2830 sedata
971 2764 1076 2830 hic
1132 2781 1282 2830 sunt
1338 2779 1404 2831 et
1459 2767 1672 2850 sopita
1727 2771 1948 2834 omnia
2007 2791 2123 2852 per
2166 2770 2296 2834 Dei
2353 2770 2626 2836 clemen-

685 2850 864 2915 tiam.
953 2849 1124 2916 Nam
1185 2851 1439 2934 publico
1498 2863 1763 2919 senatus
1830 2854 2087 2920 decreto
2146 2856 2471 2922 sancitum
2530 2866 2632 2921 est

682 2958 768 3001 ne
823 2936 965 3020 quis
1012 2935 1087 3002 D.
1139 2938 1390 3003 Calviui
1446 2937 1802 3006 doctrinam
1863 2941 1985 3006 hoe
2045 2941 2450 3024 potissimum
2512 2965 2629 3007 no-

682 3023 860 3088 mine
903 3022 1143 3090 erroris
1190 3024 1544 3091 insimulet.
1614 3026 1809 3092 Unus
1852 3026 2025 3092 inter
2068 3028 2265 3104 cives,
2314 3049 2442 3092 non
2489 3049 2629 3093 om·

681 3110 839 3174 nino
881 3111 1225 3188 obscuruS‚
1283 3132 1499 3176 coram
1558 3122 1790 3177 senatu
1829 3113 2196 3180 recantavit
2237 3133 2402 3196 quae
2447 3114 2628 3180 calli-

682 3193 884 3262 ditate
928 3204 995 3260 et
1039 3195 1501 3262 malevolentia
1557 3209 1784 3264 contra
1841 3197 2454 3282 praedestinationis
2496 3201 2627 3264 for-

682 3281 932 3346 mulam
986 3280 1068 3346 ab
1137 3279 1363 3346 eodem
1421 3281 1504 3346 D.
1571 3282 1828 3350 Calvino
1886 3282 2195 3348 traditam
2251 3285 2320 3349 in
2387 3286 2628 3371 vulgus

680 3378 1025 3449 sparserat.
1050 3369 1106 3444 ²)
1200 3367 1364 3445 Alii,
1421 3369 1529 3451 qui
1587 3369 1848 3435 factioni
1905 3369 2465 3456 Hieronymianae
2519 3393 2630 3438 no-

858 3654 945 3721 11)
990 3653 1149 3724 Quod
1181 3658 1376 3711 attinet
1409 3656 1487 3711 ad
1518 3662 1729 3738 tempus
1761 3675 1788 3712 ε
1864 3661 1875 3673 ”
1909 3665 1996 3716 tas
2027 3662 2283 3729 epistolae
2310 3661 2633 3719 Tun-stim

678 3725 811 3778 hacc
846 3726 1090 3793 margini
1138 3726 1469 3795 adscripsit.-
1521 3726 1819 3798 Epistolam
1915 3746 2016 3784 auc
2060 3748 2129 3784 m.
2179 3730 2315 3786 Nov.
2374 3740 2469 3786 aut
2501 3732 2631 3786 Dec.

684 3791 821 3846 1552
855 3796 1111 3862 scriptam
1149 3795 1356 3848 volunt.
1411 3795 1626 3849 Etenim
1664 3797 1711 3849 is
1735 3798 1803 3850 de
1839 3815 1947 3868 quo
1982 3798 2069 3854 hic
2093 3802 2340 3869 queritur
2359 3799 2630 3868 Calvinus,

684 3862 776 3930 qui
811 3861 1024 3914 dicebat
1059 3863 1234 3932 ipsum
1273 3863 1450 3918 facere
1487 3864 1658 3918 Deum
1695 3875 1940 3920 autorem
1977 3868 2199 3937 peccati,
2238 3877 2294 3923 et
2329 3870 2428 3924 hac
2464 3869 2532 3925 de
2568 3886 2628 3924 re

681 3930 982 3998 praeterita
1018 3932 1133 3984 eius
1169 3949 1402 4001 persona
1435 3934 1751 4003 damnatus,
1804 3936 2095 3991 Trollictus
2141 3948 2223 3991 est
2256 3947 2444 3993 contra
2478 3940 2627 3993 cuius

683 3999 1052 4052 accusationes
1112 4000 1362 4056 doctrina
1408 4002 1616 4057 Calviui
1673 4021 1814 4072 pura
1863 4007 2217 4074 pronunciata
2266 4017 2351 4061 est
2394 4008 2443 4061 9.
2490 4009 2626 4063 Nor.

685 4066 835 4135 1552,
873 4084 1036 4137 quum
1075 4067 1321 4146 Farellus
1369 4079 1427 4123 et
1463 4073 1679 4126 Viretus
1715 4073 1998 4129 Calvinum
2043 4075 2316 4130 defensuri
2353 4076 2629 4131 Genavam

682 4137 1059 4192 accessissent:
1098 4137 1390 4192 Trollietus
1411 4157 1539 4195 vero
1577 4142 1924 4196 nihilominus
1945 4144 2028 4196 vir
2061 4146 2263 4213 probus
2287 4145 2471 4214 paucis
2506 4154 2631 4213 post.

683 4205 872 4259 diebus
908 4213 1128 4259 senatus
1163 4209 1437 4261 sententia
1483 4211 1788 4265 declaratus
1835 4217 1933 4265 est.
2007 4207 2271 4267 simler-m
2304 4213 2626 4283 adempsit:

679 4273 826 4325 circa
864 4274 944 4328 12.
979 4274 1107 4329 Dee.
1147 4273 1301 4331 1552.
1373 4277 1498 4331 Iam
1532 4296 1699 4349 quum
1723 4280 2024 4352 Dryandn‘
2052 4285 2282 4351 epshtola
2314 4282 2366 4335 d.
2400 4281 2485 4335 m.
2513 4284 2628 4337 Oet.

682 4342 819 4410 data
847 4345 1017 4408 fuerit
1053 4352 1104 4398 et
1132 4345 1249 4409 fers
1292 4362 1352 4401 eo
1395 4353 1634 4415 tempore
1672 4348 1943 4404 Gensvans
1987 4352 2196 4418 adm-i
2447 4354 2459 4365 “
2520 4367 2627 4421 que

679 4426 852 4465 causa
895 4411 1134 4467 Trouoetn·
1169 4416 1229 4468 in
1263 4422 1458 4469 unam
1491 4418 1765 4485 trachatur,
1808 4418 2069 4474 Calvinus
2102 4436 2227 4474 vero
2260 4436 2415 4474 suam
2451 4421 2626 4475 tardi·

682 4487 842 4535 tatem
887 4483 947 4533 v'n
994 4484 1373 4550 respondendo
1418 4492 1657 4553 masat,
1699 4504 1871 4554 porro
1916 4491 2144 4556 epistola
2187 4489 2305 4542 eius
2354 4489 2629 4545 evidenter

681 4565 792 4603 non
828 4549 1075 4604 absoluta
1111 4553 1198 4617 sit,
1234 4561 1284 4606 st
1314 4553 1666 4621 procacium
1681 4571 1960 4625 nmquam
1983 4558 2402 4624 memoratum
2436 4560 2626 4622 missa,

769 4619 778 4631 '
857 4620 1066 4672 interea
1115 4618 1412 4691 Dryandri
1453 4637 1703 4677 excessus
1754 4623 2002 4678 Get-evae
2050 4628 2387 4692 ἀσκοῦσαι-ατ,
2434 4628 2491 4680 ἀ.
2538 4625 2626 4682 80.

742 4702 813 4743 ec.
847 4689 1065 4750 nortui,
1099 4706 1211 4743 mm
1245 4691 1344 4745 abs
1375 4707 1435 4745 rc
1470 4694 1571 4745 erit
1604 4708 1719 4746 eam
1756 4694 1900 4746 mter
1935 4692 2135 4747 Nonas
2168 4700 2219 4748 et
2253 4695 2386 4750 Idus
2404 4696 2625 4752 Decea·-

678 4759 803 4812 bres
835 4771 1108 4826 reponere.
1180 4759 1296 4824 (Cf.
1335 4761 1495 4813 etiem
1532 4759 1886 4816 Boskmernm
1921 4763 1957 4816 1.
1992 4761 2024 4816 ἶ.
2056 4779 2113 4831 p.
2155 4759 2292 4832 164.)

680 4824 854 4880 1085.
885 4828 939 4888 1)
979 4824 1067 4879 De
1099 4840 1251 4892 ymo
1293 4827 1626 4883 Ρωοοεὲαηα
1662 4831 1852 4884 variae
1893 4831 2118 4899 praebet
2159 4835 2387 4889 notitias
2423 4833 2627 4903 Gals'ffs

679 4895 746 4949 11.
781 4893 888 4949 269
920 4911 1062 4966 seqq.
1114 4893 1286 4949 Hunc
1318 4904 1562 4950 nostrum
1598 4905 1776 4953 tamen
1809 4914 1921 4954 non
1954 4908 2203 4956 recenset.
2241 4902 2439 4957 Plures
2463 4904 2628 4959 Ιικῦω

677 4967 918 5018 nominis
951 4979 1002 5020 a.
1042 4963 1167 5018 1551
1207 4966 1268 5018 in
1302 4967 1501 5019 cim
1535 4968 1715 5022 album
1748 4971 1953 5037 recepti
1977 4970 2217 5036 suamc.

883 5033 946 5100 2)
993 5032 1296 5087 TroIIs'etmn
1331 5041 1642 5090 recantasse
1673 5053 1785 5090 non
1808 5040 2029 5093 omnim
2061 5055 2244 5094 cerum
2278 5046 2376 5095 est.
2436 5041 2626 5097 mn

677 5103 1129 5225 mmm.
1148 5104 1816 5228 ⁸2⁶‘.2:'.2“at'.⁶:1.*¹‘5.‘5‘.5·
1835 5107 2102 5247 ἕψω
2047 5109 2175 5231 ⁹⁶2⁸}
2187 5110 2628 5236 ”30222'2323'32

1134 5191 1168 5224 a
1221 5191 1254 5225 o
2173 5216 2187 5231 .

685 5236 1042 5305 Saonpaulino
1077 5241 1314 5311 loquitur
1347 5258 1405 5295 re
1441 5258 1551 5296 non
1585 5243 1718 5297 bene
1750 5249 1981 5313 coquito.
2042 5244 2325 5319 Quidquid
2338 5251 2424 5314 sit,
2461 5249 2627 5304 habes

675 5305 766 5360 Mc
797 5323 994 5373 purum
1023 5318 1217 5376 putum
1258 5310 1630 5372 Gabiniorum,
1675 5312 1760 5365 vel
1789 5314 2021 5368 camelos
2053 5316 2319 5385 aequata-e
2346 5324 2624 5386 peratum.

2195 391 2718 466 EPISTOLAE
2770 400 3184 461 1684--1687

4541 407 4650 469 436

2746 605 2897 650 men
2954 584 3297 665 dederant,
3355 586 3594 652 stultae
3650 587 4035 653 temeritatis
4088 610 4326 671 poenas
4395 589 4650 657 luerunt.

2744 670 3030 752 Quidam
3075 674 3252 736 enim
3296 691 3378 736 ex
3421 671 3741 737 ministris
3782 676 3920 758 agri
3967 674 4399 739 Beruensium
4443 697 4655 744 exauc-

2743 758 2937 823 torati
2982 769 3139 822 sunt
3180 756 3292 822 alii
3341 777 3495 821 vero
3536 770 3848 841 perpetuo
3886 759 4147 826 silentio
4184 761 4307 827 sibi
4342 762 4656 829 consulere

2741 841 3135 908 maluerunt.
3224 844 3318 907 Et
3369 842 3537 927 quod
3591 846 3801 929 magis
3856 847 4215 929 optandum
4275 846 4423 922 fuit,
4488 869 4655 915 nemo

2748 930 3062 994 hactenus
3106 931 3363 995 exstitit
3419 932 3484 993 in
3531 932 3969 1013 oppugnando
4029 932 4153 998 hoc
4197 934 4447 998 sincero
4488 955 4653 1015 prae·-

2744 1013 3197 1080 destinationis
3233 1014 3555 1099 dogmate,
3600 1018 3709 1098 qui
3758 1038 3887 1082 non
3925 1020 4269 1084 infantiam
4308 1039 4488 1083 suam
4523 1040 4657 1103 pro-

2745 1100 2955 1179 deret,
3022 1121 3106 1165 ne
3152 1100 3363 1167 dicam
3407 1101 3856 1184 pervicaciam.
3948 1102 4139 1185 Quod
4199 1115 4411 1169 autem
4455 1106 4657 1172 incen-

2747 1186 2925 1251 dium
2985 1186 3107 1251 hoc
3166 1185 3415 1252 tardius
3470 1189 3873 1253 exstinctum
3935 1192 4021 1254 sit
4079 1211 4268 1272 quam
4326 1210 4441 1273 pro
4498 1212 4654 1257 com·

2744 1274 2925 1337 muni
2983 1273 3240 1356 piorum
3299 1273 3590 1337 omnium
3654 1287 3833 1349 voto,
3892 1275 4011 1341 hoc
4065 1297 4223 1342 sane
4276 1276 4515 1342 factum
4569 1284 4658 1342 est

2744 1369 3163 1443 praepostero
3205 1357 3405 1424 nimis
3459 1358 3865 1441 quarundam
3927 1362 4345 1428 ecclesiarum
4400 1362 4655 1440 silentio,

2741 1465 2905 1527 quae
2948 1465 3146 1526 quum
3194 1444 3318 1509 hae
3363 1446 3427 1508 in
3474 1465 3546 1508 re
3588 1447 3979 1511 sententiam
4026 1469 4209 1512 suam
4268 1451 4479 1533 palam
4524 1469 4656 1534 pro-

2741 1529 2913 1595 ferre
2958 1527 3350 1607 debuissent,
3398 1552 3517 1595 sua
3554 1533 3998 1596 taciturnitate
4035 1536 4335 1600 fanaticis
4380 1537 4515 1600 istis
4553 1557 4657 1599 an—

2740 1636 2878 1680 sam
2926 1615 3170 1679 diutius
3216 1615 3579 1682 oblatrandi
3626 1618 4081 1700 praebuerunt.
4156 1620 4526 1687 Periculosa
4566 1641 4657 1686 res

2739 1713 2857 1780 est,
2901 1701 3129 1778 fateor,
3176 1711 3403 1766 exorta
3447 1702 3777 1786 electionis
3821 1705 4171 1786 inquisitio.
4262 1705 4395 1772 Sed
4440 1710 4545 1789 qui
4587 1707 4657 1772 ab

2740 1786 2863 1852 hoc
2907 1809 3035 1851 uno
3078 1788 3288 1870 capite
3333 1787 3694 1864 desciverit,
3742 1811 4005 1856 necesse
4050 1803 4152 1857 est
4196 1805 4268 1857 ut
4313 1812 4352 1856 a
4392 1807 4563 1856 certa
4601 1803 4659 1857 et

2737 1872 3106 1938 indubitata
3162 1894 3276 1955 spe
3338 1895 3493 1939 suae
3551 1875 3778 1939 salutis
3837 1878 4096 1958 penitus
4154 1891 4429 1944 corruat.
4530 1879 4657 1944 Nisi

2737 1960 2910 2022 enim
2959 1960 3047 2042 pii
3091 1980 3317 2024 sacrae
3362 1960 3555 2025 huius
3591 1961 3910 2027 anchorae
3945 1973 4124 2029 certo
4159 1964 4371 2029 innixi
4416 1965 4657 2042 fuerint,

2779 2045 2904 2109 uod
2951 2044 3199 2111 seilicet
3248 2047 3421 2110 Deus
3464 2045 3615 2110 illos
3662 2047 3743 2111 ab
3786 2061 4051 2113 aeterno
4097 2050 4368 2134 elegerit
4413 2061 4659 2133 propter

2770 2130 3110 2200 'hristum.
3172 2152 3502 2214 nunquam
3559 2135 3918 2198 consistent
3975 2135 4041 2198 in
4113 2137 4345 2201 mediis
4390 2137 4658 2201 Satanae

2734 2227 2801 2280 et
2841 2216 3071 2280 muudi
3109 2216 3410 2282 fluctibus
3446 2230 3639 2300 utque
3679 2218 4012 2296 illecebris,
4060 2243 4268 2303 neque
4306 2225 4375 2286 in
4414 2232 4659 2304 portum

2733 2303 3014 2384 aliquem
3088 2302 3486 2368 tutissimum
3557 2306 3906 2388 confugere
3982 2328 4266 2390 unquam
4350 2319 4656 2390 poterunt,

2732 2389 3123 2452 fluctuantes
3168 2389 3476 2453 nimirum
3524 2400 3591 2453 et
3635 2390 3809 2455 dubii
3858 2413 3939 2454 an
3992 2392 4171 2458 Deus
4217 2415 4371 2459 vere
4418 2395 4659 2458 illorum

2732 2491 2955 2538 curam
3002 2477 3372 2557 susceperit,
3420 2477 3720 2559 ipsosque
3764 2490 4031 2559 paterno
4066 2480 4285 2544 animo
4324 2501 4659 2563 prosequa-

2736 2569 2861 2624 tur.
2951 2558 3142 2639 Quod
3188 2561 3241 2623 si
3288 2561 3569 2643 aliquam
3632 2575 3807 2626 tuam
3870 2565 4084 2646 potius
4138 2587 4334 2648 quam
4398 2566 4661 2630 aliorum

2733 2644 3068 2710 electionis
3112 2667 3373 2711 causam
3428 2647 3789 2730 disquirere
3848 2661 4127 2726 tentent,
4194 2652 4317 2715 ium
4378 2653 4555 2716 illam
4597 2652 4661 2714 in

2733 2731 2881 2795 sinu
2930 2729 3052 2794 Dei
3098 2733 3302 2814 patris
3348 2734 3695 2814 repositam
3755 2734 3943 2817 plane
4004 2751 4374 2820 agnoscent.
4469 2738 4663 2803 Cuius

2731 2826 2926 2900 typus
2969 2818 3271 2900 quamvis
3316 2818 3501 2882 nobis
3562 2821 3647 2881 sit
3692 2821 4092 2905 incognitus,
4152 2824 4488 2906 exemplar
4530 2825 4659 2887 eius

2731 2902 2799 2966 in
2838 2903 3158 2986 sanguine
3195 2903 3445 2967 Christi
3484 2902 3878 2987 descriptum
3918 2919 3985 2972 et
4030 2921 4233 2972 morte
4279 2910 4487 2992 ipsius
4521 2930 4658 2974 con-

2733 2989 3063 3053 firmatum
3112 2989 3236 3071 piis
3280 2989 3583 3053 omnibus
3630 3010 3744 3074 per
3791 2992 3985 3057 fidem
4030 2994 4347 3059 traditum
4395 3008 4509 3061 est.
4584 2993 4659 3057 In

2732 3074 2916 3139 cuius
2989 3073 3081 3138 rei
3160 3074 3602 3139 testimonium
3659 3077 3928 3159 spiritus
3992 3079 4111 3143 Dei
4178 3082 4470 3165 pignoris
4534 3080 4659 3145 loco

2733 3158 3037 3236 succedit,
3083 3160 3195 3241 qui
3238 3161 3495 3243 spiritui
3544 3173 3765 3227 nostro
3813 3175 4108 3244 testatur,
4157 3186 4275 3231 nos
4321 3190 4464 3232 esse
4507 3166 4659 3232 filios

2733 3245 2859 3310 Dei
2904 3253 3170 3328 propter
3211 3245 3574 3312 Christum.
3648 3247 3775 3312 Dei
3822 3249 4043 3334 itaque
4086 3251 4397 3318 voluntas
4439 3254 4507 3318 in
4542 3250 4658 3316 dis-

2728 3330 3072 3410 cernendo,
3131 3341 3455 3416 utcunque
3506 3334 3592 3398 sit
3637 3335 3908 3412 occulta,
3953 3359 4209 3422 semper
4242 3349 4467 3404 tamen
4505 3340 4660 3405 iusta

2729 3417 2873 3482 erit.
2961 3416 3179 3501 thue
3221 3419 3310 3484 sit
3352 3420 3433 3483 ab
3479 3420 3616 3503 ipso
3662 3423 3932 3504 perenni
3975 3424 4259 3489 iustitiae
4305 3427 4486 3490 fonte
4526 3445 4655 3508 pro·

2729 3502 2931 3579 fecta,
2979 3524 3216 3587 neque,
3263 3505 3319 3569 si
3359 3504 3672 3587 quosdam
3718 3508 3947 3591 recipit
3991 3509 4136 3574 aliis
4179 3512 4498 3588 exclusiS,
4556 3510 4659 3576 ulli

2729 3588 3038 3654 iniuriam
3083 3589 3265 3656 facit:
3310 3590 3580 3673 perdere
3624 3591 3802 3657 enim
3847 3614 4073 3661 omnes
4116 3616 4197 3660 ex
4243 3618 4451 3679 aequo
4494 3607 4660 3681 pote·-

2731 3686 2862 3750 rat‚
2920 3696 3156 3758 nempe
3211 3676 3421 3741 eidem
3483 3675 3883 3744 damnationi
3928 3682 4258 3748 obnoxios.
4352 3682 4500 3764 Quo
4536 3704 4661 3748 ma·-

2729 3760 2832 3845 gis
2888 3761 3093 3827 miror
3149 3761 3304 3845 quid
3349 3763 3419 3827 in
3475 3775 3762 3829 mentem
3823 3768 4081 3832 venerit
4148 3768 4337 3833 bellis
4384 3770 4525 3834 istis
4564 3789 4661 3833 ra-

2729 3847 3045 3926 tionariis,
3093 3848 3222 3911 imo
3260 3868 3415 3913 vero
3453 3850 3695 3932 putidis
3729 3863 3795 3916 et
3827 3852 4391 3936 inquinatissimis,
4434 3853 4661 3922 summi

2730 3942 2799 3997 et
2842 3933 3089 3999 aeterni
3138 3934 3260 3998 Dei
3307 3934 3641 4001 decretum
3688 3947 3995 4023 tanquam
4056 3938 4139 4003 ad
4196 3940 4516 4007 calculum
4569 3961 4661 4005 re-

2730 4017 2969 4102 digere.
3060 4017 3269 4099 Quasi
3324 4039 3485 4085 vero
3542 4022 3723 4088 Deus
3791 4023 4004 4090 iustus
4062 4045 4205 4092 esse
4260 4047 4395 4092 non
4453 4026 4659 4110 possit,

2730 4105 2856 4168 nisi
2960 4113 3236 4169 uatenus
3305 4105 3428 4189 ipsi
3484 4108 3704 4174 animo
3771 4129 3891 4174 suo
3948 4113 4387 4194 supputarint.
4458 4152 4523 4159 —
4588 4147 4658 4158 -

2900 4124 3094 4270 &uod
3164 4190 3245 4255 de
3314 4192 3626 4257 fratribus
3700 4194 3867 4259 scire
3941 4198 4124 4279 cupis
4187 4199 4297 4280 qui
4357 4196 4657 4283 Lugduni

2729 4275 3137 4352 detinentur,
3181 4273 3554 4342 Oardinalis
3604 4279 3963 4346 Tur-nonius
4017 4283 4190 4347 vitae
4247 4297 4313 4348 et
4372 4287 4548 4350 necis
4596 4284 4659 4348 iu

2727 4360 2872 4427 illos
2911 4371 3321 4445 potestatem,
3362 4383 3556 4447 quam
3603 4385 3642 4428 a
3678 4365 3861 4450 Rege
3906 4389 4022 4451 per
4058 4369 4283 4435 literas
4320 4369 4660 4436 difficulter

2726 4447 3131 4531 impetrarat,
3178 4448 3247 4511 in
3295 4454 3526 4514 senatu
3551 4449 3906 4519 Parisiensi
3943 4454 4234 4519 obtinere
4272 4476 4401 4521 non
4442 4456 4657 4539 potuit.

2728 4532 2905 4597 Huic
2926 4534 3101 4598 enim
3126 4534 3627 4617 promulgationi
3663 4550 3929 4605 senatus
3964 4540 4350 4616 intercessit,
4389 4559 4458 4607 et
4486 4559 4657 4608 suam

2728 4619 2797 4683 in
2842 4639 2920 4684 ea
2962 4619 3376 4685 autoritatem
3435 4620 3850 4706 interponere
3907 4624 4131 4690 noluit.
4221 4625 4357 4693 Sed
4414 4645 4657 4711 quoquo

2727 4705 2919 4771 modo
2963 4726 3105 4772 sese
3147 4726 3250 4770 res
3294 4707 3563 4782 habeat,
3619 4730 3739 4792 ego
3786 4710 3953 4775 nihil
3996 4711 4231 4778 melius
4274 4715 4659 4796 sperandum

2727 4790 3009 4857 arbitror
3063 4789 3146 4856 ab
3192 4811 3321 4858 uno
3409 4814 3557 4858 uam
3603 4795 3682 4860 ab
3739 4796 3960 4862 altero.
4051 4796 4303 4865 Omnes
4358 4800 4533 4864 enim
4576 4797 4658 4862 ei·

2727 4874 2875 4944 dem
2920 4875 3242 4959 mancipio
3285 4876 3367 4943 ad
3414 4877 3527 4945 icti
3571 4894 3753 4958 sunt,
3811 4892 3879 4947 ot
3922 4883 4049 4947 iam
4093 4885 4339 4951 centies
4384 4887 4451 4950 in
4500 4904 4657 4949 mor-

2724 4972 2862 5028 tem
2928 4974 3217 5029 nostram
3281 4964 3727 5031 coniurarunt.
3834 4968 4105 5034 Interim
4180 4973 4295 5053 qui
4354 4967 4657 5055 Lugduni

2726 5059 2883 5114 sunt
2928 5056 3319 5114 mercatores
3364 5049 3679 5116 Germani
3706 5054 3759 5134 ³)
3805 5052 4057 5119 vinctos
4092 5054 4324 5122 fratres
4363 5059 4658 5122 nutriunt

2929 5321 2991 5390 3)
3030 5323 3338 5394 Inter-quos
3368 5325 3635 5380 eminebat
3662 5325 3937 5395 Lsymus
3960 5327 4327 5399 &wellensis
4363 5330 4461 5398 (N.
4492 5327 4656 5392 1642).
