4900 6167
650 431 772 494 151

651 616 743 685 ad
784 614 1127 702 refigionis
1169 635 1563 685 consensum
1616 637 1823 702 purae
1879 617 2148 702 eiusque
2204 619 2620 704 propagatio-

656 725 818 771 nem
861 703 1192 770 duntaxat
1232 706 1578 787 pertineat.
1755 701 1937 785 Quin
1976 703 2130 781 imo,
2175 711 2251 770 ut
2290 705 2456 771 certi
2498 704 2619 769 ali-

659 788 818 873 quid
862 788 1189 855 haberent
1230 788 1587 855 voluerunt
1626 787 1967 874 negotium
2009 788 2135 856 hoc
2148 839 2165 868 ,
2211 801 2287 855 ut
2326 789 2411 856 ab
2455 791 2619 855 ami-

655 876 786 1026 ἓίἕ,
856 896 1011 1026 ἶσαι
1047 884 1122 941 ut
1175 876 1350 1026 aefR.
1417 882 1560 1025 auti
1577 875 1659 941 R.
1713 872 1982 1025 cotrilsilio
2016 876 2447 1046 ffipositum
2506 885 2622 1026 aiiii}

743 981 859 1027 um
904 981 980 1025 ra
1009 983 1121 1026 um
1273 982 1420 1027 erre
1475 982 1517 1026 a
1604 981 1765 1027 sena
1843 982 1928 1025 m.
2207 982 2363 1027 vero
2406 982 2515 1027 mo

658 1046 970 1113 omnibus
1013 1045 1234 1112 obstiti
1279 1046 1551 1113 territus
1594 1066 1748 1112 casu
1786 1067 1917 1112 non
1961 1047 2056 1111 ita
2096 1048 2322 1114 veteri.
2392 1045 2618 1128 Quum

659 1131 840 1197 enim
875 1129 963 1196 D.
1009 1131 1296 1198 Montius
1337 1132 1538 1197 huius
1575 1131 1824 1215 aliquid
1856 1133 2302 1215 proposuisset
2334 1143 2410 1198 ut
2442 1153 2620 1218 mys-

657 1218 903 1285 terium
955 1216 1205 1303 aliquot
1274 1218 1347 1282 in
1416 1216 1767 1283 Helvetiae
1819 1218 2122 1297 urbibus,
2191 1218 2492 1302 protinus
2546 1217 2618 1284 id

654 1304 926 1371 rescivit
989 1304 1155 1389 Reg.
1220 1303 1417 1370 Rom.
1484 1303 1657 1387 apud
1721 1302 2065 1370 Constant.
2145 1304 2614 1384 locumtenens,

656 1390 868 1456 hostis
901 1389 1115 1456 crucis
1150 1387 1422 1465 Christi,
1466 1389 1579 1472 qui
1623 1397 1690 1453 et
1723 1390 2214 1456 frustrationem
2250 1392 2415 1456 mire
2458 1411 2615 1457 exa-

708 1476 915 1543 ‘tavit
1019 1474 1171 1539 Non
1228 1473 1400 1558 quod
1450 1481 1677 1557 putem
1731 1484 2109 1542 nostrorum
2162 1475 2447 1561 aliquem
2503 1476 2613 1544 vel

750 1560 1324 1626 haffhusianorum
1381 1569 1498 1625 aut
1540 1558 2008 1646 Sangallorum
2023 1613 2039 1640 ,
2107 1561 2342 1646 quibus
2385 1563 2614 1629 eadem

656 1647 773 1712 ille
814 1645 1172 1729 proposuit,
1219 1646 1544 1712 malitiose
1586 1646 1966 1731 prodidisse,
2014 1645 2128 1712 sed
2162 1647 2613 1731 imprudenter

656 1731 1037 1798 effutivisse.
1124 1731 1227 1797 Ne
1268 1752 1340 1796 er
1386 1752 1425 1797 o
1469 1730 1537 1797 id
1580 1754 1756 1799 nunc
1800 1754 2057 1817 quoque
2098 1735 2423 1814 eveniret,
2468 1755 2611 1801 mo-

658 1817 762 1884 dis
805 1817 1107 1884 omnibus
1152 1817 1373 1884 obstiti
1428 1838 1513 1883 ne
1556 1827 1823 1884 senatus
1878 1820 2270 1903 mysterium
2329 1821 2455 1886 hoc
2506 1842 2611 1887 re-

653 1903 870 1970 sciret.
950 1904 1250 1969 Accessit
1291 1902 1374 1969 ad
1418 1904 1580 1970 haec
1614 1905 2005 1971 consultatio
2050 1904 2132 1970 de
2166 1907 2440 1973 concilio
2464 1907 2610 1973 'I'ri-

653 1989 955 2065 dentino,
974 1992 1027 2064 ³)
1085 2009 1249 2070 quae
1307 2010 1396 2055 ne
1448 2011 1610 2071 quas
1664 1990 2066 2074 suspiciones
2125 1992 2442 2059 excitaret
2498 2002 2612 2058 aut

652 2074 899 2140 bonum
975 2078 1314 2160 negotium
1385 2096 1656 2158 prorsus
1725 2076 2125 2143 disturbaret
2197 2079 2407 2143 timui.
2531 2076 2608 2144 Si

649 2159 808 2242 quid
852 2181 1009 2244 ergo
1046 2161 1334 2244 peccavi,
1380 2161 1822 2230 sollicitudine
1863 2163 2127 2245 peccavi
2161 2184 2296 2228 non
2338 2164 2607 2230 malitia.

651 2247 824 2312 Nam
866 2246 1062 2311 Pont.
1107 2246 1304 2313 Rom.
1346 2248 1567 2313 missis
1627 2248 1710 2312 ad
1754 2248 2018 2314 comitia
2058 2247 2394 2315 Badensia
2436 2271 2608 2315 nun-

650 2332 772 2398 ciis
816 2338 884 2398 et
927 2333 1114 2398 brevi
1160 2334 1530 2416 apostolico,
1578 2342 1652 2397 ut
1694 2345 1952 2411 vocant,
1996 2335 2287 2416 postulat
2327 2344 2403 2400 ut
2444 2335 2610 2400 Hel-

649 2417 811 2484 vetii
856 2417 1184 2500 praelatos
1228 2426 1295 2482 et
1329 2425 1622 2501 pastores
1658 2437 1809 2485 suos
1845 2420 2117 2484 mittant
2153 2420 2221 2485 in
2257 2421 2609 2487 concilium

646 2501 1132 2568 Tridentiuum.
1219 2503 1406 2569 Idem
1463 2524 1503 2567 a
1547 2503 2011 2590 Sangallorum
2072 2513 2142 2569 ot
2197 2507 2445 2590 aliquot
2500 2528 2607 2572 ur-

645 2587 835 2654 bibus
896 2588 1132 2654 Caesar
1200 2591 1419 2655 missis
1483 2590 1691 2656 literis
1756 2591 2133 2673 postulavit.
2242 2592 2376 2659 Ubi
2447 2612 2604 2676 ergo

644 2674 845 2758 legati
904 2677 1111 2739 nostri
1152 2672 1422 2739 Badena
1479 2675 1785 2756 redeunt,
1847 2689 2224 2760 proponunt
2266 2680 2604 2762 negotium

646 2760 922 2824 senatui.
1015 2759 1301 2826 Senatus
1342 2762 1523 2826 iubet
1578 2764 1815 2845 exponi
1860 2763 2415 2830 concionatoribus
2461 2766 2604 2830 sive

646 2845 986 2922 ministris,
1034 2854 1108 2909 ut
1149 2866 1427 2912 excussa
1465 2847 1903 2930 propositione
1941 2849 2098 2932 quid
2142 2850 2470 2933 agendum
2516 2851 2606 2916 sit

650 2931 894 3015 scripto
938 2932 1419 2997 commendent.
1495 2931 1896 3016 Scripsimus
1920 2954 2075 3019 ergo
2101 2933 2604 3001 demonstratio·

648 3037 823 3094 nem,
869 3018 1289 3084 ostendentes
1321 3017 1672 3103 indignum
1711 3040 1854 3085 esse
1888 3020 2277 3087 Pontificem
2314 3023 2421 3088 cui
2465 3044 2603 3087 res-

648 3103 1045 3188 pondeatur,
1106 3102 1342 3170 deinde
1386 3104 1735 3171 concilium
1779 3105 2238 3171 Tridentinum
2281 3129 2415 3173 non
2459 3130 2604 3173 esse

649 3189 782 3254 tale
837 3189 918 3254 ad
994 3189 1167 3273 quod
1222 3191 1353 3256 viri
1419 3190 1511 3272 pii
1564 3190 1846 3258 debeant
1899 3193 2206 3258 accedere
2263 3203 2381 3260 etc.
2482 3194 2604 3259 Isti

650 3274 989 3340 intellecta
1030 3278 1330 3342 omnium
1373 3282 1753 3342 nostrorum
1796 3279 2123 3345 sententia
2155 3280 2419 3346 comitia
2451 3300 2604 3348 con-

646 3357 947 3426 scribunt
987 3381 1064 3427 ac
1108 3362 1432 3446 Tigurum
1480 3370 1716 3428 vocant
1758 3362 1839 3428 ad
1885 3366 2050 3449 xxvj
2096 3364 2246 3430 Iulii
2289 3364 2602 3444 Bernam‚

650 3444 983 3512 Basileam
1026 3465 1105 3511 ac
1148 3445 1673 3529 Schaffhusium,
1718 3447 1913 3533 idque
1956 3448 2151 3516 hodie
2193 3449 2441 3517 factum
2482 3455 2602 3517 est.

649 3530 1113 3598 Oonfoederati
1191 3534 1397 3599 nostri
1461 3534 1763 3619 papistici
1841 3533 2246 3602 arbitrantur
2321 3558 2604 3623 aequum

647 3638 790 3683 esse
831 3624 908 3683 ut
949 3617 1146 3684 urbes
1188 3640 1260 3685 se
1302 3620 1577 3686 concilio
1617 3619 1981 3687 subiiciant.
2069 3621 2207 3688 Res
2249 3643 2408 3709 ergo
2450 3645 2603 3708 gra-

647 3704 749 3769 vis
790 3705 965 3769 inter
1009 3725 1127 3770 nos
1183 3705 1317 3770 iam
1374 3707 1676 3774 vertitur.
1764 3704 1976 3789 Spero
2018 3705 2377 3775 Dominum
2414 3710 2603 3777 nobis

646 3809 782 3854 non
837 3787 1244 3857 defuturum.
1336 3792 1439 3858 'Pu
1492 3813 1751 3876 semper
1806 3812 1921 3858 ora
1974 3813 2094 3875 pro
2147 3793 2335 3860 nobis
2375 3793 2601 3861 Domi·

646 3895 829 3939 num.
909 3875 1051 3939 Ista
1093 3885 1313 3942 autem
1358 3886 1444 3959 te,
1489 3877 1748 3944 domine
1787 3887 1857 3943 et
1896 3879 2103 3945 frater
2142 3880 2254 3956 mi,
2297 3881 2604 3966 ignorare

644 3960 847 4026 nolui.
937 3959 1077 4027 Fac
1120 3971 1192 4028 tu
1240 3986 1359 4047 pro
1405 3973 1522 4031 tua
1564 3964 1911 4048 prudentia
1956 3964 2125 4048 quod
2172 3987 2209 4031 e
2251 3989 2323 4032 re
2348 3966 2604 4033 Christi

645 4057 714 4111 et
778 4046 1200 4113 ecclesiarum
1278 4051 1417 4116 fore
1496 4050 1852 4135 putaveris.
1962 4051 2108 4200 Effe
2171 4050 2278 4120 hic
2341 4073 2603 4119 omnem

643 4153 859 4204 meam
941 4133 1062 4196 tibi
1143 4134 1519 4218 impendero
1597 4155 1881 4220 operam.
2058 4137 2159 4203 ale
2237 4147 2601 4206 aeternum.

645 4215 982 4283 Salutabis
1026 4239 1256 4287 omnes
1312 4223 1379 4286 in
1426 4222 1696 4289 Christo
1754 4223 2022 4298 fratres,
2071 4224 2436 4291 Gallonium
2498 4226 2600 4290 in-

644 4306 892 4386 primis.
982 4305 1212 4390 'sigui-i
1259 4311 1317 4372 8.
1367 4307 1524 4374 Iulii
1575 4316 1754 4375 1551.

1780 4446 2209 4533 Bullingerus
2250 4453 2422 4514 tuus.

850 4698 913 4765 3)
947 4699 1075 4755 Ion·
1110 4715 1285 4769 supra
1333 4700 1579 4757 dicium
1622 4701 1691 4757 de
1721 4704 1897 4758 literis
1928 4720 1968 4759 a
2003 4702 2271 4771 Pontifiee
2304 4719 2356 4758 a.
2393 4702 2445 4758 d.
2485 4702 2596 4760 XI.

652 4772 768 4854 Gal.
806 4768 931 4823 Iun.
969 4768 1047 4823 od
1062 4768 1343 4852 ,Helvetios
1371 4771 1559 4853 nuperis
1586 4786 1688 4841 per
1722 4771 1878 4827 Hier.
1919 4772 2203 4828 Rauenna
2238 4777 2292 4828 et
2322 4771 2444 4827 Alb.
2484 4771 2596 4827 Ro·

643 4837 1230 5033 aergnmwfae
1268 4857 1507 4964 Μέεσεῖἴ
1510 4839 1847 4979 anzuh-1111
1848 4840 2144 4979 {Ile‘ffi
2188 4839 2408 4964 Igna:
2438 4856 2600 4979 τεμεῖ

776 4976 1139 5102 maw-
1166 4976 1832 5129 fflffawaft‘fff
1929 4982 2601 5117 wamma..-

624 5121 838 5240 mua·
868 5122 1051 5172 ratum
1085 5116 1393 5171 habuerunt
1436 5132 1499 5170 m
1543 5122 1777 5172 comum
1825 5133 1878 5172 a.
1915 5117 1968 5172 d.
2063 5117 2153 5175 11.
2193 5117 2313 5173 Cal.
2348 5115 2485 5173 Dec.
2518 5130 2599 5172 co-

755 5191 877 5239 am.
952 5186 1223 5252 (Rachot.
1274 5184 1333 5240 V.
1368 5182 1473 5238 QG
1505 5198 1577 5238 os.
1650 5185 1808 5250 Heca,
1846 5186 1995 5240 Bull-
2034 5186 2122 5241 II.
2156 5185 2228 5241 30
2259 5187 2401 5258 sqq.)

2175 427 2695 497 EPISTOLAE
2745 430 3168 495 1512-1514

4545 434 4657 497 152

3601 615 3795 688 1518.

3128 867 3136 873 ·
3250 769 3657 840 vlumus
3702 770 4139 838 cALvmo.

2897 942 3007 1007 Ex
3039 944 3262 1009 itinere
3315 943 3516 1009 redux
3555 963 3774 1026 pauca
3837 943 3912 1008 de
3975 962 4098 1009 suo
4145 941 4460 1010 Romen-ei
4500 942 4661 1028 leya-

2725 1029 2889 1093 tione
2918 1027 3139 1110 prodit
3155 1081 3172 1107 ,
3205 1029 3406 1113 plura
3443 1029 3519 1094 de
3561 1028 3896 1095 calumniis
3939 1027 4163 1111 quibus
4212 1030 4348 1112 ipse
4387 1037 4658 1095 vexatur.

2729 1113 2898 1179 Tum
2966 1115 3041 1178 de
3107 1114 3443 1196 ambitibus
3494 1112 3930 1196 familiaribus
3985 1135 4138 1196 quos
4191 1117 4480 1180 nonnulli
4530 1137 4661 1181 ven-

2718 1200 2942 1280 ditant,
2985 1206 3041 1265 et
3076 1206 3287 1282 nepote
3323 1221 3439 1267 suo
3487 1200 3799 1266 Genavam
3840 1199 4188 1283 relinquere
4226 1203 4532 1284 gestiente.

2722 1371 2837 1494 &Ex
2876 1372 3212 1441 autographo
3246 1371 3374 1429 Cod.
3411 1371 3615 1426 Genev.
3666 1369 3810 1438 111⁸,
3843 1372 3934 1425 sol.
3974 1369 4059 1439 97,
4094 1373 4215 1426 coll.
4261 1389 4306 1426 c.
4342 1376 4663 1455 apographis

2768 1441 2854 1494 od.
2895 1438 3022 1507 116,
3072 1440 3163 1494 fol.
3213 1439 3346 1509 120,
3396 1442 3524 1494 Ood.
3553 1440 3902 1575 ξὲἷηᾷἕῖρ.
3939 1440 4034 1494 Vl.
4071 1458 4124 1510 p.
4173 1439 4301 1503 107,
4348 1451 4404 1495 et
4452 1444 4658 1497 &milen

2889 1676 3156 1747 Eximio
3213 1681 3366 1747 Iesu
3419 1680 3669 1747 Christi
3727 1703 3918 1748 servo
3975 1683 4056 1748 D.
4113 1682 4344 1749 Ioanni
4388 1683 4662 1750 Calvino

2719 1768 3134 1835 Genevensis
3205 1767 3514 1834 ecclesiae
3583 1769 3825 1851 pastori
3889 1768 4072 1833 fratri
4142 1777 4210 1834 et
4263 1782 4661 1855 symmystae

2718 1853 3141 1921 observando.

4157 1940 4489 2006 Genavae.

2885 2074 2956 2142 S.
3024 2077 3220 2142 Mitto
3264 2075 3348 2141 ad
3390 2086 3455 2142 te
3499 2075 3721 2142 literas
3764 2077 4158 2161 Bullinqeri:
4187 2079 4235 2161 ¹)
4289 2099 4454 2161 quas
4497 2079 4657 2142 mihi

2714 2160 3137 2227 reddiderunt
3177 2162 3463 2230 secundo
3518 2163 3758 2229 abhinc
3802 2162 3906 2229 die
3949 2165 4320 2230 Beruenses
4373 2164 4658 2230 scholas-

2713 2248 2841 2312 tici.
2948 2247 3133 2311 Nihil
3193 2248 3425 2333 scripsi
3480 2248 3564 2314 ad
3621 2259 3686 2313 te
3755 2249 3835 2314 de
3890 2270 4040 2315 mea
4081 2250 4406 2334 legatione
4423 2302 4437 2328 ,
4509 2251 4660 2333 quia

2710 2332 2980 2418 longum
3026 2343 3201 2398 esset
3243 2354 3578 2401 recensere
3622 2355 3792 2418 quae
3829 2336 3947 2401 tibi
3985 2336 4182 2404 velim
4222 2345 4378 2401 nota
4421 2356 4583 2401 esse.
4603 2338 4658 2416 2)

2710 2416 2877 2484 Sum
2930 2418 3011 2484 ab
3056 2419 3357 2486 omnibus
3425 2420 3892 2489 humanissime
3948 2431 4287 2507 exceptus,
4342 2424 4661 2505 promissa

2709 2505 2873 2569 mihi
2918 2512 3021 2570 est
3063 2505 3304 2590 legatio
3347 2508 3429 2572 ad
3472 2527 3579 2572 res
3613 2506 3721 2571 hic
3757 2508 4214 2585 restituendas,
4260 2516 4340 2573 ut
4372 2507 4659 2592 postula-

2709 2611 2869 2655 ram.
2943 2587 3388 2657 Statuendum
3434 2593 3609 2658 inter
3647 2602 3906 2659 caetera
3950 2592 4195 2676 aliquid
4242 2603 4383 2659 erat
4426 2594 4511 2660 de
4555 2613 4654 2657 ra-

2708 2676 2887 2740 tione
2931 2676 3399 2744 visitandorum
3445 2687 3864 2763 aegrotorum
3907 2686 4199 2763 tempore
4241 2681 4471 2762 pestis,
4537 2699 4657 2764 quo

2708 2761 3160 2827 inhumanitas
3215 2763 3378 2841 ista,
3436 2785 3602 2847 quae
3657 2767 3726 2829 in
3771 2772 3911 2829 tota
3951 2764 4076 2832 hac
4126 2766 4393 2850 regione
4459 2764 4658 2830 nullis

2708 2847 2980 2914 monitis
3022 2849 3260 2932 corrigi
3304 2856 3536 2931 potest,
3584 2851 3814 2916 saltem
3854 2851 4074 2934 aliqua
4115 2873 4200 2917 ex
4237 2859 4420 2936 parte
4454 2852 4657 2917 corri-

2706 2942 2917 3017 gatur.
2942 2936 2997 3010 8)

2877 3019 3016 3085 Res
3069 3029 3331 3087 nostrae
3402 3020 3648 3087 habent
3714 3031 3792 3087 ut
3864 3023 4115 3089 solent:
4183 3021 4387 3105 pestis
4451 3024 4659 3105 serpit

2705 3127 2823 3171 suo
2899 3125 3097 3170 more.
3118 3109 3176 3183 ⁴)
3297 3105 3405 3172 Ad
3482 3108 3787 3192 graviora
3862 3130 3967 3173 me
4043 3129 4203 3191 paro
4279 3111 4658 3185 certamina,

2679 3192 2838 3257 'nisi
2919 3212 3019 3255 me
3077 3190 3410 3259 Dominus
3487 3195 3660 3259 inter
3737 3197 3984 3278 primos
4060 3203 4299 3260 evocet
4411 3194 4657 3272 Nostri,

2707 3277 2821 3361 qui
2896 3278 3315 3360 suspicantur
3404 3289 3772 3364 susceptam
3861 3302 3900 3346 a
3983 3281 4170 3346 nobis
4261 3280 4659 3366 legationem

2708 3362 2834 3428 sibi
2895 3364 3248 3449 praecipue
3312 3365 3805 3432 adversaturam
3826 3420 3841 3447 ,
3902 3367 4367 3434 machinantur
4421 3367 4495 3431 in
4555 3386 4658 3431 me

2707 3447 3020 3532 quidquid
3064 3458 3358 3533 possunt.
3427 3452 3821 3519 Incredibile
3856 3475 4017 3537 quas
4060 3454 4130 3537 in
4166 3475 4273 3518 me
4308 3453 4660 3519 conflarint

2706 3534 3068 3601 calumnias
3114 3556 3198 3602 ex
3255 3536 3532 3620 epistola
3584 3538 3698 3602 illa
3750 3549 3884 3604 tam
3935 3538 4389 3623 imprudenter
4440 3539 4662 3605 invul-

2792 3619 2954 3705 ta‚⁵)
2999 3628 3069 3687 et
3108 3641 3269 3704 quas
3311 3622 3471 3688 mihi
3517 3625 3732 3690 conati
3768 3631 3924 3690 sunt
3957 3645 4223 3689 movere
4264 3624 4657 3708 tragoedias.

2776 3708 2936 3772 estri
2978 3708 3276 3775 homines
3332 3729 3451 3775 suo
3494 3709 3665 3775 facto
3708 3711 3953 3776 malum
3972 3762 3988 3790 ‚
4048 3710 4218 3793 quod
4262 3709 4489 3776 tollere
4537 3711 4661 3775 visi

2708 3801 2865 3858 sunt
2921 3793 3239 3872 voluisse,
3306 3795 3517 3860 multo
3560 3797 3774 3880 magis
3815 3804 4171 3874 auxerunt,
4230 3805 4299 3860 et
4339 3795 4655 3861 maiorem

2706 3877 3150 3963 praebuerunt
3191 3880 3636 3946 calumniandi
3678 3883 4042 3947 materiam.
4117 3880 4254 3946 Vix
4296 3880 4659 3964 quidquam

2705 3965 2863 4028 totis
2908 3964 3130 4031 decem
3179 3967 3371 4031 annis
3413 3967 3688 4052 contigit
3729 3968 3799 4031 iu
3836 3975 3975 4033 tota
4017 3967 4141 4033 hac
4175 3968 4443 4116 reffioue
4485 3963 4660 4051 quod

2706 4050 2898 4117 eitius
2934 4059 3002 4115 et
3035 4051 3386 4118 maioribus
3422 4052 3654 4118 studiis
3688 4071 3989 4136 sparsum
4025 4054 4111 4118 sit
4145 4063 4213 4118 et
4295 4053 4657 4136 ‘ssipatum,

2706 4144 2774 4199 et
2814 4135 3244 4219 iniquioribus
3287 4137 3545 4205 iudiciis
3598 4148 3945 4224 gravatum
4004 4148 4375 4204 nostrorum
4421 4138 4659 4205 adver-

2704 4221 3045 4287 sariorum.
3134 4222 3305 4287 Nam
3347 4223 3508 4290 alios
3563 4246 3693 4289 non
3752 4223 3976 4288 audivi
4037 4225 4236 4290 fuisse
4279 4232 4656 4290 commotos.

2706 4305 2782 4373 Si
2826 4306 3044 4390 palam
3090 4318 3428 4374 exstarent
3481 4310 3910 4395 exemplaria,
3973 4331 4106 4375 non
4152 4320 4338 4376 tauta
4394 4309 4660 4376 licentia

2704 4401 2772 4458 et
2826 4400 2962 4458 tam
3020 4394 3423 4461 calumniose
3489 4395 3748 4479 quidvis
3805 4396 4061 4462 fabulae
4126 4417 4166 4459 a
4230 4395 4658 4479 sycophantia

2705 4479 3112 4545 adiiceretur.
3202 4480 3430 4546 Nostri
3474 4490 3811 4564 praeterea
3853 4502 4091 4566 magno
4135 4481 4414 4548 fuissent
4456 4479 4658 4546 levati

2701 4564 2959 4644 labore,
3015 4567 3124 4649 qui
3169 4574 3427 4631 tantum
3484 4566 3980 4652 insumpserunt
4022 4589 4256 4650 operae
4297 4566 4368 4632 in
4412 4566 4656 4633 descri-

2702 4650 2935 4717 bendis
2990 4652 3492 4737 exemplaribus,
3556 4674 3639 4719 ne
3704 4655 3825 4720 sibi
3892 4652 4147 4719 deesset
4206 4652 4516 4718 materies
4571 4650 4655 4718 ad

2700 4942 2872 5001 ¹⁶¹⁸·
2906 4942 2967 5078 ἐξ
2995 4941 3377 5066 &ww-⁶⁸
3407 4950 3682 5068 mm·
4000 5013 4011 5026 ·
4301 5013 4452 5080 ..rw-

2701 5096 2746 5135 ο.
2781 5096 2962 5136 nense
2998 5079 3163 5134 Iulio.
3236 5028 3363 5148 (C't'.c
3381 5029 3492 5137 ff.
3497 5081 3680 5148 1509.)
3731 5020 3856 5080 pon
3889 5012 4117 5067 ndum
4153 5027 4268 5068 ἐκ
4455 5018 4565 5067 m
4600 5013 4653 5066 h

2907 5148 2970 5217 3)
3012 5146 3347 5218 Quibusnam
3379 5151 3651 5205 visitandi
3662 5147 3902 5217 officiam
3919 5150 4304 5218 imponendum
4333 5151 4508 5217 fuer-it
4539 5164 4656 5230 noa

2701 5218 2881 5289 liquet.
2941 5218 3282 5274 Lanuvinae
3312 5219 3421 5274 duo
3455 5224 3668 5275 mmm
3685 5218 3927 5273 ministri
3956 5224 4129 5274 aaut.
4187 5222 4277 5274 Aa
4312 5218 4414 5275 toti
4441 5216 4659 5275 chesn?

2905 5288 2969 5420 ἐξ
3004 5287 3266 5425 &affl
3271 5303 3409 5412 3321oe
3442 5288 3560 5343 eius
3591 5288 3863 5343 santium
3896 5287 3966 5342 de
4001 5286 4166 5343 Boea.
