4900 6167
708 400 835 463 323

1575 578 1769 649 1625.

1240 733 1645 802 VIRE'PUS
1694 729 2152 800 FARELLO.

882 905 1594 990 NomerGenevaefuit
1647 910 1704 971 et
1756 900 2646 1000 umoumGaluo‘nosentep·

704 988 2647 1162 mmmdeqfflonemafflmomaliipmpropoetta

670 1239 685 1254 '
710 1249 821 1315 (Ex
869 1247 1205 1319 autographo
1243 1246 1658 1369 Bibgpltgiteioaem
1668 1241 2457 1375 pss1t⁰r1¹q²m513¹⁶⁰⁰⁰m⁶n⁸im'
2505 1242 2646 1312 Epp.

710 1486 972 1552 Eximio
1013 1485 1165 1551 Iesu
1209 1484 1457 1552 Christi
1503 1504 1693 1550 servo
1737 1481 2090 1550 Guilielmo
2112 1479 2374 1545 Farello
2396 1477 2643 1547 Neoeo·

707 1574 950 1639 mensis
985 1570 1289 1639 ecelesiae
1325 1570 1562 1654 pastori
1601 1567 2101 1653 vigilantissimo
2136 1565 2324 1631 fratri
2357 1572 2425 1630 et
2466 1586 2643 1650 sym-

1115 1666 1367 1742 mystae
1410 1656 1763 1739 plurimum
1808 1651 2233 1719 observando.

877 1791 947 1860 S.
1011 1792 1214 1858 Eram
1250 1790 1559 1858 Genevae
1603 1810 1802 1873 quum
1850 1797 2001 1853 tuae
2035 1789 2199 1853 mihi
2234 1789 2463 1854 literae
2496 1788 2643 1854 red-

707 1876 882 1944 ditae
934 1888 1106 1943 sunt.
1132 1877 1180 1963 ¹)
1279 1875 1457 1957 Quid
1520 1898 1642 1961 ego
1699 1883 1768 1940 et
1828 1873 2129 1939 Calvinus
2185 1894 2381 1957 super
2445 1892 2645 1939 eausa

708 1964 891 2031 nobis
926 1963 1258 2046 proposita
1291 1963 1649 2027 sentiamus
1692 1980 1775 2025 ex
1810 1959 2050 2043 soripto
2083 1978 2430 2045 eognosees
2473 1959 2645 2042 quod

707 2060 978 2132 uterque
1017 2048 1523 2132 obsignavimus.
1611 2044 1687 2113 Si
1725 2045 1974 2111 iudiees
2009 2047 2442 2128 pronunoiaut
2497 2064 2645 2110 eon-

706 2135 957 2219 iugium
1013 2144 1229 2199 ratum
1273 2132 1467 2198 huius
1510 2129 1932 2198 ludificatoris
1976 2130 2274 2207 adulteri,
2319 2130 2642 2211 minister,

704 2228 930 2285 nostro
981 2217 1242 2302 quidem
1284 2217 1550 2295 iudieio‚
1616 2237 1919 2283 recusare
1981 2235 2113 2281 non
2172 2216 2428 2282 debebit.
2484 2217 2642 2299 quin

705 2305 790 2371 ad
854 2304 1403 2371 oonseerationem
1466 2302 1784 2368 admittat.
1892 2300 2065 2367 Nam
2143 2303 2197 2367 si
2267 2300 2643 2386 peooabitur

704 2389 887 2455 nulla
938 2390 1225 2455 ministri
1281 2387 1471 2470 eulpa
1513 2386 1909 2470 pensabitur,
1972 2389 2031 2453 si
2093 2388 2275 2470 prius
2328 2408 2449 2453 suo
2513 2389 2642 2454 erit

704 2477 966 2541 functus
1009 2478 1311 2548 munere,
1369 2472 1483 2538 sed
1541 2493 1763 2539 eorum
1821 2474 1930 2555 qui
1986 2493 2119 2538 non
2173 2493 2444 2557 aequam
2489 2495 2640 2558 pro-

704 2559 1085 2626 nunciarint
1118 2558 1526 2624 sententiam.
1591 2558 1859 2624 Etenim
1892 2579 2093 2642 quum
2130 2560 2409 2643 cognitio
2441 2559 2638 2625 huius

706 2665 942 2711 causae
1000 2644 1080 2709 ad
1133 2644 1506 2709 ministrum
1558 2664 1709 2710 non
1745 2644 2093 2726 pertineat,
2150 2644 2305 2729 quid
2364 2644 2639 2729 ageret?

703 2730 854 2796 Non
899 2737 1112 2813 potest
1156 2729 1236 2794 de
1277 2750 1476 2796 eausa
1515 2727 1659 2794 iure
1703 2727 2069 2808 decernere,
2113 2751 2232 2796 neo
2268 2731 2372 2795 ius
2413 2731 2483 2795 in
2528 2750 2638 2796 eos

704 2835 963 2881 sumere
1025 2814 1258 2899 quibus
1330 2814 1490 2879 haee
1558 2823 1715 2880 sunt
1780 2814 2124 2881 commissa
2185 2814 2450 2881 iudicia:
2525 2816 2637 2900 qui

705 2900 1216 2984 respondebunt,
1284 2922 1412 2966 non
1472 2921 1614 2966 esse
1665 2898 2115 2965 ministrorum
2175 2901 2495 2966 rationem
2552 2900 2637 2967 ad

703 3008 895 3053 suum
937 2986 1225 3052 tribunal
1282 2986 1545 3070 exigere
1599 2986 1892 3051 omnium
1947 2984 2332 3051 iudiciorum
2386 3006 2556 3069 quae
2598 3006 2638 3051 a

700 3072 1190 3158 magistratibus
1223 3073 1541 3139 feruntur.
1631 3070 1854 3152 Quum
1885 3069 2376 3150 admonueritis,
2420 3080 2638 3139 vestro

706 3161 890 3225 eritis
932 3158 1140 3225 functi
1182 3177 1474 3222 munere.

874 3245 978 3309 De
1020 3242 1213 3309 rebus
1255 3242 1497 3309 nostris
1514 3243 1572 3323 2)
1615 3241 1783 3306 nihil
1827 3261 2003 3306 nuno
2038 3239 2243 3305 habeo
2276 3241 2445 3323 quod
2481 3242 2639 3308 sori-

704 3329 871 3393 bam.
973 3326 1172 3392 Domi
1231 3348 1456 3393 omnes
1516 3334 1691 3392 reete
1756 3326 2052 3391 valemus
2107 3324 2235 3390 Dei
2308 3327 2638 3394 benefieio.

703 3414 887 3479 Bene
945 3412 1164 3478 valent
1218 3422 1285 3477 et
1340 3413 1573 3477 fratres
1628 3431 1871 3476 omnes.
1961 3410 2273 3476 Genevae
2292 3462 2307 3488 ‚
2369 3413 2496 3477 etsi
2539 3422 2642 3479 est

702 3498 946 3582 aliquid
990 3496 1159 3581 quod
1194 3495 1618 3576 desideres,⁸)
1662 3497 1851 3560 floret
1886 3504 2109 3560 tamen
2145 3496 2372 3561 invitis
2408 3497 2641 3588 adver-

704 3585 892 3650 sariis
947 3583 1234 3649 eeclesia.
1324 3582 1508 3647 Haeo
1610 3580 2005 3665 eregrinatio
2060 3602 2165 3647 me
2221 3602 2350 3646 non
2404 3603 2640 3666 parum

701 3672 1039 3735 recreavit.
1128 3666 1388 3735 Salutat
1432 3677 1498 3732 te
1658 3668 1862 3744 vinus,
1908 3666 2156 3751 eollega
2195 3687 2397 3746 meus,
2443 3667 2639 3748 Beza,

706 3754 1010 3904 Βίϋέκίιιιῗ,
1061 3754 1396 3836 Quintinae
1415 3803 1433 3834 ‚
1480 3751 1848 3831 corderam,
1895 3749 2242 3831 Merlinue,
2287 3774 2433 3818 mea
2477 3775 2645 3820 uxor

705 3847 773 3901 et
893 3839 952 3904 'o
980 3860 1071 3904 ae.
1131 3841 1215 3887 '—
1264 3873 2642 3888 ———————————

706 3922 873 3988 Vale
917 3923 1175 4007 optime.
1264 3926 1657 3992 Lausannae
1702 3925 1803 3989 25.
1840 3922 2000 3988 Maii
2052 3925 2234 3988 1552.

1671 4060 1854 4126 Tuus
1896 4059 2137 4125 Petrus
2179 4059 2469 4128 Viretus.

706 4347 884 4403 leae.
912 4348 967 4411 1)
1004 4348 1159 4419 Erqo
1206 4352 1365 4403 etiam
1410 4348 1487 4404 ad
1535 4348 1782 4405 Vir-etum
1827 4349 2108 4419 speciatim
2161 4349 2475 4417 scripserat.
2559 4351 2645 4417 Of.

709 4416 787 4472 Ε
827 4415 977 4551 ¹⁶²ss
1016 4484 1240 4540 vedetur
1272 4480 1422 4556 toque
1453 4485 1519 4540 ae
1552 4487 1795 4607 “⁸3⁰⁸
1829 4485 2087 4540 tractavit
2124 4484 2197 4538 N.
2239 4484 2382 4540 1581.

708 4622 888 4676 sm.
910 4552 2514 4692 tatwwffi2oefflmfflm3
2533 4555 2646 4680 {¹¹53

711 4690 790 4745 ad
817 4691 1237 4746 contr-omma·
1272 4690 1339 4745 de
1440 4690 1867 4747 namncticae
1896 4639 2061 4762 qeam
2095 4691 2173 4746 ad
2194 4692 2517 4749 &inscitiae
2544 4641 2647 4750 ὅσ·

713 4774 969 4816 mmet
998 4759 1142 4814 inter
1175 4765 1226 4815 et
1264 4759 1350 4814 Ga
1485 4759 1800 4831 inquilinos.

1466 5084 1869 5095 —u--——-—-—-

2204 385 2727 457 EPISTOLAE
2775 388 3192 452 1625—1627

4532 390 4633 450 324

3621 568 3815 641 162⁸.

3169 707 3724 776 BELLEMAJN
3765 710 3829 773 A
3895 705 4264 774 GALVIN.

2927 863 3436 948 Rbyularisation
3505 861 3579 927 de
3650 862 3715 928 la
3782 880 3921 927 corr
4298 910 4312 925 .
4415 860 4506 926 La
4564 862 4642 927 νέ·

2747 950 2947 1034 forme
2994 950 3072 1016 de
3128 948 3359 1033 l’eqlise
3413 947 3858 1032 &Anqleterra
3951 946 4111 1012 Note
4166 966 4280 1011 sur
4320 943 4385 1012 la
4429 945 4644 1031 lituryie

2751 1034 3026 1186 mmmm&
3089 1055 3163 1101 en
3228 1052 3293 1099 oe
3355 1038 3618 1098 moment
3678 1036 3869 1098 mente*
3871 1083 3885 1098 .
3975 1031 4171 1117 Eloye
4232 1031 4307 1096 de
4361 1031 4452 1097 sir
4504 1031 4644 1097 Jolm

2867 1272 3248 1344 (Autographe
3283 1272 3351 1326 de
3387 1272 3439 1324 la
3477 1271 3624 1326 Bibl.
3658 1271 3727 1325 de
3764 1269 3998 1336 Geneve,
4036 1269 4149 1324 MS.
4185 1268 4301 1333 109,
4333 1270 4423 1325 fol.
4452 1268 4552 1333 39.)

2920 1429 2981 1491 A
3048 1426 3515 1511 Monseigneur
3591 1435 3659 1491 et
3735 1425 4029 1491 tresoher
4103 1425 4274 1490 frere
4350 1424 4653 1488 Monsieur

2750 1511 2998 1577 Oalvin

4232 1594 4509 1661 Geneve.

2918 1715 3257 1782 Monsieur
3300 1729 3367 1781 et
3427 1717 3719 1783 tresoher
3759 1718 3961 1795 frere,
4016 1719 4369 1801 japperooy
4421 1735 4533 1798 par
4578 1713 4658 1780 les

2744 1800 2976 1867 lettres
3011 1822 3183 1887 quay
3220 1800 3701 1869 dernierement
3735 1823 3926 1869 reoeu
3963 1802 4043 1868 de
4078 1822 4262 1879 vous,
4306 1822 4429 1883 que
4467 1798 4658 1883 quand

2745 1886 2844 1951 les
2888 1887 3258 1953 eserivistes
3303 1909 3463 1955 vous
3521 1888 3754 1954 naviez
3814 1908 4010 1954 enoor
4063 1907 4256 1955 reoeu
4315 1886 4407 1952 les
4458 1885 4659 1950 lettres

2743 1974 3156 2056 responsives
3193 1981 3235 2039 a
3268 1973 3461 2040 selles
3495 1995 3620 2057 que
3654 1995 3845 2041 reoeu
3881 1973 3961 2040 de
3994 1993 4158 2040 vous
4192 1992 4316 2056 par
4350 1971 4441 2037 les
4473 1971 4658 2035 maim

2744 2056 2827 2123 de
2872 2057 3000 2123 Mr.
3048 2058 3128 2123 de
3171 2058 3464 2137 Bredcm,
3489 2062 3540 2142 ²)
3605 2059 3666 2126 16
3710 2059 3991 2143 premier
4036 2061 4188 2143 jour
4242 2058 4323 2124 de
4376 2056 4484 2122 lan
4530 2075 4657 2139 pre-

2746 2153 2922 2222 sent,
2990 2143 3227 2227 auquel
3292 2147 3447 2229 jour
3506 2166 3754 2212 mesme
3818 2145 3939 2210 seiz
4005 2161 4319 2228 response
4394 2162 4513 2225 que
4559 2142 4658 2226 lu)⁷

2744 2229 3007 2314 baillay.
3098 2230 3464 2297 'l'outesfois
3499 2235 3567 2314 je
3609 2252 3764 2315 croy
3809 2251 3935 2314 que
3978 2253 4052 2297 oe
4094 2251 4180 2294 ne
4223 2230 4325 2294 fut
4367 2249 4438 2294 sa
4477 2228 4658 2292 faute:

2745 2334 2858 2381 ear
2901 2315 2948 2380 il
2993 2336 3098 2381 me
3143 2317 3385 2401 promit
3426 2315 3520 2382 les
3565 2337 3854 2400 envoyer
3896 2314 4229 2381 ensemble
4267 2333 4425 2379 aveo
4466 2327 4661 2378 autres

2743 2399 2896 2485 qu’il
2942 2423 3104 2468 vous
3148 2401 3469 2479 maudoit,
3538 2412 3602 2467 et
3658 2423 3860 2486 pense
3914 2403 4101 2488 ainsy
4145 2422 4274 2485 que
4319 2421 4475 2465 vous
4515 2398 4659 2463 dites

2742 2507 2915 2571 quon
2961 2508 3042 2552 ne
3087 2497 3245 2570 peut
3287 2500 3355 2553 et
3388 2493 3566 2553 n’ose
3599 2509 3686 2552 on
3721 2508 3839 2571 pas
3881 2489 4032 2554 bien
4066 2506 4295 2571 passer
4338 2506 4482 2551 vers
4515 2504 4660 2549 vous

2740 2572 2956 2654 quand
3000 2593 3085 2637 on
3130 2572 3462 2649 voudroit,
3524 2583 3666 2638 tant
3709 2593 3877 2656 pour
3921 2574 4016 2639 les
4061 2593 4334 2656 guerres
4379 2570 4487 2654 qui
4529 2579 4661 2635 sont

2741 2659 3159 2723 maintenant
3224 2679 3549 2735 esmeues,
3626 2680 3753 2741 que
3831 2657 4289 2742 pareillement
4365 2677 4522 2740 pour
4579 2654 4662 2719 les

2742 2743 3057 2808 mouches
3100 2744 3210 2826 qui
3254 2753 3404 2809 sont
3449 2764 3536 2809 au
3581 2754 3756 2824 guet.
3823 2743 4218 2829 Toutesfoys
4259 2746 4331 2828 je
4389 2740 4661 2823 voudroy

2745 2826 2928 2907 bien,
2988 2828 3213 2913 sainsy
3271 2829 3464 2894 estoit
3524 2828 3802 2912 possible
3857 2840 3925 2896 et
3967 2829 4103 2914 quil
4147 2829 4367 2914 pleust
4410 2850 4450 2894 a
4488 2826 4660 2903 Dieu,

2742 2935 2867 2997 que
2909 2913 3253 2998 peussions
3293 2912 3445 2997 plus
3486 2925 3764 2980 souvent
3819 2916 4003 2981 avoir
4056 2915 4392 2981 nouvelles
4445 2913 4555 2978 lun
4595 2910 4662 2975 de

2742 3000 2973 3065 lautre,
3063 2997 3164 3064 Or
3203 2999 3350 3083 puis
3390 3007 3851 3083 quautrement
3892 3022 3976 3067 ne
4017 3009 4177 3085 peut
4220 3011 4396 3067 estre
4438 3005 4503 3065 et
4543 2994 4662 3081 quil

2739 3084 2908 3151 fault
2945 3104 3070 3169 que
3113 3104 3234 3149 noz
3271 3084 3497 3151 lettres
3538 3106 3657 3152 sen
3702 3087 3954 3153 voisent
3995 3108 4036 3152 a
4076 3086 4427 3153 laventure
4442 3136 4458 3164 ,
4511 3095 4664 3149 oeste

2741 3178 3045 3255 presente
3088 3191 3235 3236 sera
3278 3191 3318 3235 a
3360 3170 3683 3236 intention
3725 3169 3806 3238 de
3849 3193 4010 3238 vous
4054 3174 4304 3239 avertit
4347 3192 4516 3257 quay
4564 3167 4664 3232 fait

2742 3276 2898 3321 mon
2943 3256 3169 3321 devoir
3209 3255 3528 3323 touchant
3570 3256 3664 3322 les
3707 3259 4126 3323 meroiments
4169 3268 4236 3323 et
4281 3274 4664 3323 recomman-

2744 3341 2997 3408 dations
3038 3362 3163 3424 que
3204 3362 3310 3407 me
3353 3343 3528 3425 priez
3573 3342 3735 3407 faire
3790 3362 3907 3426 par
3964 3342 4124 3427 deea
4167 3351 4235 3408 et
4281 3366 4364 3409 en
4410 3335 4666 3424 espeoial

2744 3449 2785 3492 a
2839 3426 2906 3491 la
2956 3429 3226 3510 majeste
3292 3426 3377 3492 du
3443 3450 3564 3513 roy
3630 3448 3785 3494 mon
3845 3429 4114 3495 maistre
4180 3427 4431 3512 lequel,
4495 3426 4668 3505 ainsy

2742 3513 3173 3597 quautresfois
3216 3533 3380 3578 vous
3435 3533 3520 3599 ay
3576 3514 3834 3592 roserit,
3901 3534 3971 3579 se
4025 3515 4224 3597 plaist
4268 3517 4400 3580 fort
4442 3534 4523 3579 en
4565 3529 4666 3573 roz

2745 3618 3036 3663 oeuvres.
3125 3598 3430 3683 Parquoy
3476 3609 3704 3666 entant
3791 3621 3871 3666 ue
3918 3621 4014 3666 me
4070 3601 4248 3683 priez
4295 3619 4460 3667 vous
4501 3615 4667 3661 man·

2746 3682 2863 3750 der
2904 3683 3123 3767 quand
3166 3683 3216 3747 il
3258 3704 3406 3750 sera
3439 3683 3567 3750 bon
3599 3706 3727 3769 que
3794 3708 3884 3772 uy
3925 3686 4254 3765 eseriviez,
4299 3685 4528 3751 saohez
4561 3698 4672 3764 que

2749 3790 2908 3835 vous
2952 3768 3016 3834 le
3059 3789 3259 3851 povez
3297 3769 3460 3835 faire
3502 3771 3720 3854 quand
3758 3771 3888 3837 bon
3925 3793 4086 3838 vous
4122 3769 4468 3847 semblera,
4510 3784 4674 3833 oomo

2750 3875 2790 3919 a
2831 3853 3017 3940 celuy
3061 3855 3174 3937 qui
3216 3858 3542 3940 tousjours
3585 3876 3748 3922 vous
3785 3878 3867 3923 en
3911 3877 4143 3924 seaura
4186 3877 4324 3943 gre.
4412 3856 4505 3922 Et
4543 3864 4674 3918 tou·

2748 3938 2950 4006 ebant
2991 3938 3053 4005 16
3096 3942 3261 4024 petit
3303 3943 3496 4008 traite
3512 3940 3568 4027 ⁴²)
3611 3963 3735 4026 que
3793 3963 3953 4008 vous
4006 3965 4092 4029 ay
4145 3964 4404 4030 envoye
4448 3944 4518 4027 je
4571 3937 4676 4019 luy

2750 4046 2833 4110 ay
2876 4025 2995 4089 fait
3036 4025 3352 4092 entendre
3394 4048 3466 4096 66
3501 4048 3627 4111 que
3669 4048 3819 4092 men
3856 4049 4012 4094 avez
4046 4029 4273 4096 esorit:
4322 4028 4490 4093 mais
4523 4024 4570 4090 il
4602 4040 4677 4086 ne

2750 4108 2936 4176 voult
2979 4112 3125 4197 (pas
3167 4132 3332 4195 pour
3375 4121 3563 4178 autre
3605 4111 3799 4177 ohose
3841 4134 4092 4181 oomme
4139 4117 4209 4198 je
4251 4135 4456 4197 pense
4499 4112 4678 4177 sinon

2750 4216 2877 4279 que
2933 4216 3052 4280 par
3109 4206 3426 4263 aventure
3490 4199 3735 4264 anemis
3797 4197 3861 4264 le
3918 4199 4303 4284 pourroient
4357 4210 4545 4264 noter
4606 4191 4678 4257 de

2751 4282 2946 4346 vaine
2988 4280 3221 4365 gleire)
3266 4283 3401 4365 quil
3444 4283 3570 4348 soit
3611 4303 3755 4348 veu.
3843 4285 4208 4352 'l'outesfois
4250 4304 4422 4351 vous
4477 4282 4538 4348 16
4576 4298 4677 4363 po-

2751 4388 2866 4431 vez
2911 4365 3147 4452 garder
3189 4368 3460 4451 jusques
3525 4389 3565 4432 a
3625 4389 3757 4434 une
3814 4383 4003 4435 autre
4055 4371 4198 4436 fois.
4290 4369 4428 4437 Gar
4483 4388 4553 4433 oe
4605 4383 4682 4429 ne

2750 4461 2898 4519 sont
2940 4473 3067 4536 que
3112 4454 3307 4518 fleurs
3349 4452 3509 4518 dont
3549 4452 3645 4520 les
3688 4455 3882 4522 fruitz
3939 4469 4161 4524 seront
4205 4477 4371 4523 veuz
4425 4475 4510 4520 en
4551 4453 4681 4516 leur

2751 4539 2985 4619 saison,
3020 4538 3209 4623 ainsy
3251 4559 3378 4621 que
3411 4541 3699 4623 jespere,
3755 4549 3823 4607 et
3863 4564 3989 4625 que
4033 4541 4197 4609 Dieu
4241 4542 4340 4611 les
4399 4555 4683 4606 arrosera

2750 4634 2818 4689 et
2872 4624 3221 4690 arraohera
3276 4624 3373 4689 les
3425 4626 3983 4708 empesehementz
4041 4629 4152 4712 qui
4205 4651 4252 4714 y
4306 4625 4684 4713 pourroient

2750 4708 2959 4775 nuire.
3026 4709 3121 4776 Oe
3145 4708 3258 4792 qui
3300 4725 3401 4775 est
3443 4730 3566 4776 veu
3610 4710 3690 4776 de
3706 4713 3857 4796 jour
3898 4734 3979 4778 en
4016 4716 4168 4798 jour
4210 4734 4250 4779 a
4284 4733 4452 4781 veue
4489 4706 4678 4776 doeiI:

2750 4814 2862 4859 ear
2901 4793 3130 4879 leglise
3173 4794 3252 4860 de
3293 4814 3413 4880 par
3468 4795 3625 4862 deea
3667 4818 3737 4862 se
3791 4800 4068 4866 reforme
4110 4799 4291 4866 selon
4337 4799 4404 4864 la
4448 4794 4680 4882 parone

2753 4880 2834 4946 de
2875 4880 3052 4945 Dieu
3095 4900 3178 4945 au
3223 4879 3370 4965 plus
3413 4903 3563 4966 pres
3604 4880 3741 4965 quil
3774 4894 3875 4948 est
3915 4884 4212 4967 possible,
4256 4897 4409 4951 tant
4444 4905 4526 4949 au
4559 4900 4679 4945 ser·

2752 5020 2806 5027 -—

2750 5084 3234 5210 kmffip.
3287 5085 3365 5142 ,N-
3421 5085 3557 5141 1592
3623 5085 3732 5140 Len
3777 5086 3959 5143 1018?oe
4008 5089 4141 5147 dm
4187 5092 4232 5147 ss
4281 5096 4362 5145 en
4409 5085 4568 5159 park'
4615 5083 4686 5140 dd

2896 5220 3017 5358 93)
3090 5238 3127 5277 ιι
3149 5224 3317 5291 jaune
3347 5225 3439 5278 roi
3468 5229 3652 5280 contre
3682 5225 3731 5280 le
3755 5239 3915 5295 pape.
3970 5224 4077 5295 (N.
4105 5225 4253 5296 1499,
4287 5233 4402 5283 not.
4439 5224 4505 5293 7,·
4543 5219 4681 5284 1606,
