4900 6167
317 488 440 547 741

312 691 450 737 non
506 676 608 736 eet
663 668 794 734 Dei
849 666 1158 734 voluntas
1174 718 1194 746 ,
1251 686 1390 732 non
1439 674 1625 751 potes
1682 665 1828 731 eine
1884 664 2077 750 gravi
2129 665 2274 731 eius

310 755 559 822 iniuria
572 806 589 834 ‚
646 754 960 839 perplexo
1014 753 1236 819 animo
1278 752 1404 818 hoo
1457 760 1528 819 et
1590 751 1757 817 illud
1824 749 1938 817 diu
2002 750 2271 836 agitare.

314 841 513 910 Serio
554 839 763 927 igitur
803 846 1039 919 statue,
1083 836 1257 923 quod
1290 830 1478 905 Deus
1510 838 1833 922 praeoipit
1871 837 2100 904 statim
2133 856 2279 903 esee

314 926 841 1012 exsequendum,
906 933 976 993 et
1038 924 1240 991 simul
1306 933 1374 989 te
1429 925 1677 1009 absque
1741 943 1929 989 mora
1990 923 2275 1008 aooinge.

316 1014 460 1081 Neo
502 1023 569 1079 te
611 1012 946 1079 retineant
978 1031 1192 1078 vanae
1225 1018 1293 1077 et
1326 1009 1590 1076 fallaoee
1622 1008 1999 1087 blanditiae,
2042 1009 2280 1093 quibus

319 1100 447 1169 eibi
488 1099 784 1184 plerique
826 1097 1211 1164 adulantur:
1256 1095 1372 1163 sed
1400 1096 1477 1161 in
1516 1106 1807 1162 mentem
1842 1093 2124 1162 subinde
2166 1093 2284 1160 tibi

318 1194 639 1263 recurrat,
681 1181 837 1250 fidei
878 1184 1348 1250 confessionem
1392 1181 1539 1249 Deo
1596 1182 1809 1266 magis
1853 1202 1997 1248 esse
2040 1181 2284 1265 pretio-

318 1292 483 1352 sam,
528 1292 729 1355 quam
778 1278 856 1335 ut
894 1270 1043 1336 leve
1098 1268 1411 1336 delictum
1467 1270 1582 1346 eit,
1640 1269 1922 1352 impuris
1967 1267 2282 1351 supersti-

316 1358 616 1424 tionibus
658 1377 729 1422 se
773 1355 1080 1440 polluere.
1168 1355 1321 1422 Huc
1364 1355 1564 1421 etiam
1607 1353 1874 1431 aooedit,
1918 1351 2095 1437 quod
2137 1353 2284 1420 istie

318 1454 643 1528 tanquam
685 1444 831 1510 ovis
873 1441 1175 1507 famelica
1216 1449 1406 1507 extra
1446 1441 1618 1508 ovile
1660 1448 1726 1506 et
1768 1461 2011 1524 pascua
2033 1437 2288 1505 Christi

321 1531 400 1597 in
440 1529 653 1596 sterili
695 1528 950 1595 deserto
993 1529 1277 1612 vagaris,
1362 1526 1501 1594 Neo
1544 1548 1651 1592 me
1692 1526 1871 1605 latet,
1926 1546 2125 1609 quam
2170 1524 2289 1590 tibi

322 1615 598 1683 difficile
639 1633 717 1680 ao
758 1613 1110 1680 molestum
1152 1614 1239 1680 sit
1252 1666 1269 1694 ,
1329 1634 1413 1680 ex
1472 1614 1686 1696 patria
1726 1614 2012 1697 migrare
2026 1663 2041 1690 ,
2100 1618 2178 1677 ut
2216 1611 2290 1677 in

327 1702 542 1768 alieno
586 1700 724 1766 eolo
766 1700 995 1784 procul
1056 1721 1096 1765 a
1151 1699 1450 1785 eognatis
1492 1698 1776 1777 habites,
1843 1718 1919 1763 ao
1962 1698 2092 1763 iam
2138 1718 2287 1781 pro·

332 1795 555 1856 veotae
598 1786 837 1853 aetatis
870 1796 1172 1852 matrona
1214 1806 1352 1850 non
1385 1785 1577 1851 modo
1613 1794 1828 1851 mutes
1862 1782 2287 1863 domicilium,

332 1872 449 1941 aed
491 1872 694 1939 etiam
737 1870 1308 1938 commoditatibus
1352 1878 1417 1936 te
1461 1892 1683 1949 eltnae,
1729 1871 1963 1953 quibus
2011 1871 2086 1933 in
2129 1871 2289 1935 flore

332 1960 569 2027 aetatis
625 1979 849 2025 oarere
902 1957 1147 2023 durum
1202 1966 1271 2023 et
1324 1959 1635 2024 aoerbum
1689 1957 1872 2022 foret.
1974 1953 2081 2021 Ad
2125 1956 2288 2022 haee

328 2045 553 2112 omnia
593 2043 753 2129 quid
798 2044 1102 2110 obiioiam
1141 2066 1275 2110 non
1320 2045 1546 2121 habe0‚
1591 2053 1854 2127 praeter
1897 2042 2020 2108 hoo
2064 2062 2288 2122 unum,

330 2129 513 2217 quod
532 2138 775 2209 tamen,
811 2140 887 2196 ut
920 2151 1131 2214 spero,
1177 2130 1435 2195 abunde
1472 2129 1590 2194 tibi
1626 2128 1938 2195 sufficiet:
1984 2129 2043 2193 ei
2078 2129 2291 2211 sapiat

332 2218 524 2284 nobis
565 2217 865 2284 eoelestis
904 2218 1071 2294 vita,
1135 2216 1304 2282 nihil
1361 2218 1431 2281 in
1494 2223 1672 2280 terra
1714 2234 1858 2281 esee
1904 2214 2073 2280 tanti
2114 2212 2289 2298 quod

333 2303 418 2370 ab
461 2302 641 2368 illius
674 2303 892 2369 studio
931 2324 1049 2370 noe
1082 2300 1400 2369 retardet:
1445 2299 1700 2380 deinde,
1746 2300 1957 2366 filium
1990 2300 2121 2366 Dei
2154 2321 2289 2365 non

332 2388 552 2455 solum
585 2390 738 2472 quia
770 2389 853 2455 de
888 2387 1076 2455 nobis
1096 2389 1191 2454 ita
1224 2388 1500 2456 meritus
1536 2396 1655 2462 eet,
1691 2385 1806 2452 aed
1839 2387 1995 2470 quia
2028 2406 2286 2453 summo

2157 478 2321 541 1553
2364 496 2416 542 e.
2461 473 2524 540 d,

4233 480 4368 542 ‘142

2375 661 4351 839 ffifflssnffinffioffiffiffi,mtffiuffimssssfflssm‘ssaffi

2378 836 2845 921 praeferamus,
2935 834 3132 917 Quod
3185 836 3245 903 si
3286 836 3476 904 nobis
3532 838 3751 907 looum
3807 841 4094 908 inoolere
4144 843 4345 911 lioeat

2382 922 2499 989 ubi
2541 941 2704 1006 pure
2746 920 2984 987 oolitur
3036 930 3106 988 et
3146 922 3492 990 invocatur
3533 924 3721 994 Deus
3734 978 3752 1006 ,
3810 927 4008 1012 longe
4049 938 4355 1013 praestat

2383 1008 2522 1075 illio
2548 1006 2873 1087 exsulare,
2916 1026 3113 1091 quam
3153 1008 3230 1074 in
3272 1012 3485 1093 patria
3519 1013 3871 1095 quiescere,
3917 1015 4099 1081 unde
4123 1014 4360 1084 Ohris-

2383 1103 2496 1160 tus
2539 1116 2656 1160 rex
2700 1093 2866 1160 ooeli
2907 1101 2979 1158 et
3020 1101 3238 1160 terrae
3280 1096 3562 1163 exsulat.
3654 1096 3733 1165 Si
3776 1099 3961 1166 nulla
4003 1109 4070 1169 te
4113 1123 4343 1171 neees-

2385 1182 2547 1247 sitas
2587 1201 2627 1245 a
2671 1179 2828 1245 nido
2870 1178 3206 1247 dieoedere
3248 1191 3530 1268 cogeret,
3573 1184 3708 1250 filia
3751 1194 3974 1253 tamen
4018 1188 4150 1254 Dei
4204 1210 4346 1256 non

2385 1287 2580 1344 essee,
2622 1266 2751 1331 nisi
2788 1263 2908 1330 tibi
2940 1267 3380 1351 peregrinatio
3417 1279 3589 1336 efflet
3623 1278 3886 1338 terrena
3919 1274 4078 1339 vita.
4135 1274 4336 1341 Nune

2387 1373 2594 1438 quum
2636 1360 2702 1417 te
2743 1351 2925 1418 illino
2972 1351 3295 1419 violenter
3347 1356 3634 1440 expellat
3676 1358 3995 1444 sacrilega
4037 1363 4351 1445 tyrannia

2391 1438 2807 1518 Antichristi,
2863 1444 2931 1504 et
2973 1435 3305 1506 Dominus
3348 1441 3527 1508 olata
3572 1464 3728 1510 vooe
3771 1453 3838 1511 te
3876 1445 4062 1511 exire
4104 1446 4354 1526 iubeat,

2392 1546 2477 1591 ne
2518 1526 2639 1591 tibi
2669 1523 2830 1590 adeo
2864 1523 3142 1591 molesta
3174 1527 3263 1592 sit
3295 1529 3763 1612 peregrinandi
3802 1530 4103 1612 conditio,
4150 1532 4362 1601 donee

2390 1613 2463 1676 in
2506 1620 2841 1677 aeternam
2884 1610 3359 1678 haereditatem
3412 1635 3533 1682 nos
3591 1615 3787 1682 simul
3831 1615 4017 1684 Deus
4060 1618 4353 1704 oolligat.

2392 1697 2584 1777 Vale,
2626 1697 2866 1764 nobilis
2908 1705 2975 1762 et
3017 1698 3260 1764 eximia
3303 1700 3606 1781 Domina,
3666 1703 3960 1786 mihique
4002 1725 4083 1770 ex
4128 1707 4355 1772 animo

2391 1781 2682 1850 colenda.
2771 1781 3100 1849 Dominus
3144 1796 3208 1849 te
3251 1785 3490 1870 spiritu
3532 1788 3923 1871 prudentiae
3967 1799 4172 1876 regat,
4217 1792 4356 1858 for-

2392 1868 2744 1935 titudinem
2787 1878 2854 1935 et
2896 1872 3334 1937 oonetantiam
3389 1873 3509 1938 tibi
3554 1882 3811 1960 augeat,
3868 1895 4116 1960 suoque
4158 1898 4350 1961 prae·

2394 1955 2564 2020 sidio
2611 1962 2892 2021 tueatur.
2913 1958 2971 2038 ²)

2414 2148 2592 2157 ——-0——-

2595 2262 2656 2328 2)
2695 2265 2847 2320 Beza
2888 2265 3101 2320 exhibet
3143 2266 3291 2322 hanc
3334 2268 3620 2336 epistolam
3661 2271 3807 2326 inter
3840 2285 3936 2325 eas
3981 2286 4124 2340 quae
4169 2268 4342 2330 adu.

2389 2331 2528 2387 1553
2602 2333 2851 2414 minent.
2923 2334 3084 2390 Haec
3115 2336 3286 2392 unica
3318 2337 3480 2394 nobis
3524 2354 3637 2395 ease
3674 2340 3864 2409 pota-‘t
3896 2355 4071 2396 eausa
4105 2358 4207 2398 cur
4241 2340 4349 2401 hoc

2384 2415 2482 2457 ooo
2651 2419 2774 2458 eam
2802 2419 3253 2475 proponeremus.

1773 5348 2249 5417 BRUNSVIGAE,
2288 5350 2497 5406 TYPIS
2536 5350 2609 5405 M.
2647 5349 2968 5407 BRUHNII.
