4900 6167
665 409 795 470 227

668 591 844 659 Nam
890 611 1091 676 quum
1134 590 1245 656 hic
1300 589 1500 674 aliqui
1543 589 1677 655 sint
1731 588 1844 673 qui
1898 608 2112 671 neque
2165 606 2374 671 papae
2416 608 2628 671 neque

673 677 1012 763 evangelio
1067 676 1336 743 faveant
1350 727 1366 754 ,
1425 676 1535 741 alii
1591 695 1754 740 vero
1814 674 1927 758 qui
1983 693 2186 757 quum
2229 673 2629 757 evangelicis

670 763 1092 832 concionibus
1155 762 1465 828 intersint
1521 759 1785 845 quidem
1848 760 2067 844 priora
2117 766 2339 826 tamen
2405 767 2627 825 conta-

671 852 963 916 minatae
1006 850 1187 915 vitae
1247 847 1530 931 vestigia
1582 865 1715 912 non
1761 846 2171 930 relinquant,
2231 844 2350 910 1168
2395 865 2626 910 omnes

670 936 781 1003 ille
849 934 1117 1002 ascribit
1171 941 1396 999 nostro
1454 933 1697 1012 coetui,
1765 953 1892 1015 quo
1962 951 2079 996 nos
2134 930 2287 995 inde
2347 931 2625 1015 gravius

668 1021 846 1106 apud
890 1020 1299 1087 adversarios
1341 1026 1601 1085 nostros
1634 1018 1927 1083 infamet.
1997 1017 2311 1101 Hospites
2354 1018 2626 1099 insuper

668 1107 1020 1174 nonnullos
1074 1115 1269 1189 atque
1326 1104 1614 1170 advenas
1674 1105 1803 1169 huc
1861 1102 2154 1181 adducit,
2211 1103 2355 1187 qui,
2418 1125 2625 1186 quum

668 1215 809 1260 sese
877 1192 1090 1277 primo
1155 1192 1345 1257 nobis
1417 1189 1840 1256 adiunxerint
1916 1199 2229 1272 tanquam
2306 1189 2621 1273 integros,

666 1278 864 1364 paulo
906 1285 1056 1362 post
1097 1276 1299 1343 falsae
1359 1274 1689 1342 doctrinae
1731 1277 2006 1341 venenis
2071 1284 2139 1339 et
2189 1297 2259 1341 se
2318 1295 2464 1340 esse
2522 1277 2622 1340 in-

667 1365 874 1431 fectos
925 1362 1288 1430 ostendunt
1330 1371 1396 1427 et
1437 1362 1598 1428 alios
1655 1363 1920 1427 inficere
1987 1360 2156 1427 velle
2208 1382 2325 1444 pro
2370 1361 2622 1427 viribus

664 1458 1008 1519 conantur.
1097 1449 1454 1515 Praeterea
1508 1448 1823 1531 quosdam
1884 1448 2046 1513 alios
2103 1447 2212 1513 hic
2267 1446 2440 1530 apud
2500 1469 2621 1513 nos

665 1537 868 1603 habet
886 1588 901 1614 ,
976 1537 1087 1620 qui
1143 1555 1348 1619 quum
1407 1535 1541 1600 sint
1607 1534 1953 1600 haereseos
2009 1533 2265 1616 publice
2318 1534 2619 1611 convicti,

666 1621 1101 1688 nihilominus
1137 1629 1359 1686 tamen
1402 1640 1474 1686 86
1517 1618 1597 1685 de
1632 1621 1875 1687 nostris
1919 1641 2061 1685 6886
2096 1619 2308 1684 videri
2353 1619 2618 1684 volunt:

666 1708 827 1774 adeo
884 1715 962 1771 ut
1023 1729 1103 1772 ex
1163 1707 1399 1772 horum
1463 1709 1754 1772 omnium
1826 1708 2002 1789 turpi
2068 1705 2434 1772 colluvione
2492 1705 2621 1788 piis

668 1814 871 1877 aeque
914 1802 1109 1876 atque
1160 1793 1381 1876 impiis
1446 1813 1578 1858 non
1637 1792 1982 1858 minimum
2026 1790 2202 1856 idem
2247 1790 2460 1857 Satan
2504 1812 2619 1856 ex-

667 1881 938 1947 suscitet
971 1878 1363 1945 offendiculi.
1432 1879 1739 1963 Papistae
1774 1898 2053 1960 namque
2089 1878 2184 1943 sic
2218 1878 2618 1956 existimant,

667 1988 778 2032 668
823 1987 1052 2031 omnes
1097 1965 1179 2031 ad
1223 1975 1520 2031 nostram
1576 1964 1914 2029 ecclesiam
1974 1964 2332 2045 pertinere:
2391 1985 2621 2046 quam-

667 2053 888 2117 obrem
935 2053 1133 2117 etiam
1179 2050 1347 2116 nihil
1390 2050 1561 2115 hanc
1615 2050 1828 2133 ipsam
1873 2047 2051 2114 aliud
2094 2071 2290 2132 quam
2337 2050 2620 2115 haereti-

665 2157 888 2204 corum
931 2139 1535 2222 Epicureorumque
1579 2143 1975 2201 conventum
2019 2157 2160 2201 esse
2204 2136 2406 2200 aiunt.

836 2224 964 2289 His
1023 2225 1227 2308 igitur
1281 2221 1362 2287 116
1427 2222 1641 2288 causis
1704 2221 1973 2304 aliisque
2038 2241 2234 2304 quam
2299 2222 2620 2304 plurimis,

662 2308 898 2393 quibus
942 2309 1305 2375 referendis
1349 2330 1432 2373 ne
1486 2308 1688 2372 nimia
1744 2306 1924 2373 vobis
1968 2306 2423 2390 obstrepamus
2468 2328 2619 2391 pro-

666 2395 925 2460 lixitate
966 2392 1485 2477 supersedemus,
1532 2415 1730 2475 quum
1775 2414 2019 2476 parvae
2065 2393 2260 2458 huius
2305 2393 2621 2460 ecclesiae

661 2493 869 2548 status
915 2480 998 2544 ad
1034 2479 1391 2564 perniciem
1427 2487 1748 2563 vergeret,
1795 2480 2009 2544 visum
2046 2490 2146 2544 est
2190 2491 2256 2543 et
2295 2481 2621 2546 ministris

661 2579 730 2633 61
770 2564 1136 2631 senioribus
1180 2574 1246 2628 et
1288 2564 1579 2630 diaconis
1634 2563 1956 2647 quoddam
2025 2564 2386 2630 remedium
2432 2565 2620 2632 adhi-

658 2652 833 2728 bere,
880 2671 1000 2734 per
1034 2650 1206 2734 quod
1242 2651 1534 2716 venienti
1573 2651 1817 2730 morbo,
1861 2651 1968 2718 vel
2003 2651 2222 2735 potius
2257 2653 2390 2718 iam
2429 2673 2619 2734 prae·

660 2739 865 2816 senti,
927 2736 1033 2803 vel
1078 2759 1197 2820 pro
1233 2747 1419 2820 parte
1477 2736 1711 2802 saltem
1757 2736 2013 2804 occurri
2056 2745 2295 2822 posset.
2384 2737 2465 2803 Id
2507 2759 2622 2802 au-

659 2833 796 2888 tem
840 2824 1033 2906 quale
1077 2823 1306 2900 fuerit,
1361 2844 1398 2888 6
1441 2822 1699 2889 861161118
1743 2844 1907 2908 quas
1951 2824 2104 2891 111116
2148 2823 2459 2906 6111816186
2503 2823 2618 2889 811-

656 2910 999 2975 iunximus
1043 2908 1232 2976 facile
1276 2910 1577 2994 poteritis
1621 2929 1993 2995 agnoscere.
2084 2909 2338 2975 Verum
2384 2909 2615 2988 Satan,

656 2996 917 3080 publica
952 3003 1218 3062 nostrae
1261 2994 1415 3061 fidei
1458 2995 1885 3075 confessione,
1903 2997 1958 3075 ²)
2001 3016 2171 3081 quae
2214 2995 2474 3061 schedis
2515 2998 2617 3080 ip-

657 3083 750 3149 sis
786 3083 1157 3149 continetur
1211 3089 1279 3146 et
1337 3083 1440 3148 cui
1496 3083 1847 3165 proborum
1894 3103 2131 3147 manus
2171 3081 2278 3147 hic
2321 3083 2617 3147 omnium

659 3169 1134 3250 subscripsere,
1196 3167 1404 3233 multo
1461 3169 1672 3253 magis
1729 3170 2024 3235 irritatus
2080 3168 2361 3233 maiores
2417 3169 2616 3234 etiam

658 3254 987 3320 tumultus
1031 3275 1149 3337 per
1184 3253 1500 3336 quosdam
1544 3254 1903 3320 insolentes
1937 3254 2198 3337 quidem
2245 3252 2392 3320 illos
2436 3276 2616 3321 1111116

658 3341 917 3406 excitat.
1008 3338 1138 3407 Hic
1182 3341 1426 3405 etenim
1469 3349 1627 3405 sunt
1686 3341 1933 3425 aliquot
1976 3341 2105 3422 qui,
2152 3360 2356 3423 quum
2401 3361 2615 3424 neque

652 3425 738 3491 de
782 3425 1079 3491 trinitate
1123 3425 1460 3492 nobiscum
1502 3437 1676 3493 recte
1722 3427 2015 3493 sentiant
2064 3447 2273 3510 neque
2317 3439 2616 3494 veterum

653 3514 900 3596 11161816
959 3511 1321 3596 insignium
1375 3511 1714 3578 doctorum
1770 3512 2215 3596 expositiones
2258 3512 2382 3580 1186
2424 3514 2498 3578 in
2540 3534 2614 3579 re

860 3701 922 3766 2)
959 3701 1043 3766 Of.
1086 3701 1260 3755 Porta
1296 3699 1361 3754 11.
1397 3698 1484 3754 83.
1557 3700 1765 3772 Meyer,
1803 3700 2059 3758 Locomo
2094 3702 2137 3755 Ι.
2173 3698 2247 3754 48
2279 3714 2351 3754 οε.

2178 395 2696 465 EPIS'POLAE
2748 402 3169 465 1577—1578

4536 413 4644 475 228

2735 590 3023 654 sinceras
3066 587 3445 668 admittant,
3509 589 3803 655 contenti
3868 588 4173 655 videlicet
4217 594 4549 673 apostolico
4583 611 4650 661 ut

2733 681 3155 758 nuncupatur
3219 673 3542 759 symbolo,
3609 697 3645 741 6
3703 696 3821 742 8116
3875 683 4097 741 1811166
4140 677 4429 760 1118611116
4464 682 4649 765 capite

2733 780 2934 841 quum
2977 759 3308 826 intellecto
3363 767 3504 826 tum
3539 760 4000 845 interpretato,
4060 761 4337 845 impium
4389 786 4524 831 6886
4563 775 4649 832 81-

2732 866 2857 928 que
2913 846 3333 930 tyrannicum
3398 847 3726 931 sacrisque
3777 848 3988 914 literis
4045 850 4441 916 contrarium
4496 852 4650 916 affir-

2731 939 2918 996 mant
2960 951 3307 1014 exposcere
3371 942 3450 997 ut
3493 933 3605 1017 qui
3664 934 3872 999 velint
3922 935 4095 999 inter
4146 943 4406 1001 nostros
4446 958 4651 1002 nume·

2731 1017 2864 1082 rari
2908 1036 3028 1083 sua
3070 1037 3269 1082 manu
3305 1017 3697 1085 confessioni
3733 1027 3999 1084 nostrae
4033 1020 4459 1086 subscribant.
4522 1020 4650 1102 Quo

2730 1111 3073 1186 praetextu
3118 1102 3288 1168 nihil
3332 1104 3508 1169 aliud
3552 1105 3678 1171 sibi
3712 1105 3950 1171 volunt
3990 1126 4188 1188 quam
4222 1114 4298 1171 ut
4339 1107 4651 1174 institutus

2728 1189 2860 1253 iam
2906 1188 3065 1254 ordo
3102 1190 3596 1274 subscriptionis
3631 1191 3829 1257 huius
3874 1191 4244 1276 abrogetur,
4291 1213 4415 1274 quo
4448 1214 4512 1258 se
4553 1214 4651 1259 va·

2730 1274 2912 1340 leant
2967 1283 3193 1357 postea
3248 1278 3487 1342 nostris
3545 1276 3929 1343 orthodoxis
3986 1276 4387 1343 commodius
4426 1278 4652 1342 immis-

2728 1382 2893 1427 cere.
2984 1361 3182 1442 Quin,
3228 1361 3399 1444 quod
3445 1363 3628 1446 peius
3672 1373 3798 1440 est,
3856 1383 3963 1430 res
4007 1384 4082 1428 66
4128 1364 4259 1428 1816
4303 1363 4553 1428 devenit
4591 1372 4653 1427 ut

2728 1445 2974 1530 aliquot
3020 1468 3104 1513 ex
3148 1448 3410 1528 nostris,
3454 1469 3614 1531 quos
3657 1451 3929 1515 minime
3973 1449 4240 1515 decebat
4283 1451 4651 1531 minimeque

2728 1554 3206 1616 sperassemus,
3254 1534 3373 1599 1168
3414 1534 3592 1616 111868
3635 1536 3933 1613 foveant,
4001 1557 4200 1618 quum
4247 1544 4421 1600 stare
4462 1534 4653 1617 potius

2726 1640 2766 1684 a
2809 1620 2996 1685 nobis
3039 1619 3305 1684 omnino
3352 1620 3740 1686 debuissent.
3830 1620 4153 1702 Quocirca
4210 1621 4395 1685 nobis
4437 1619 4654 1702 placuit

2726 1705 2809 1769 ad
2853 1727 2969 1773 vos
3014 1707 3361 1790 confugere
3403 1707 3957 1789 vehementerque
4000 1708 4197 1771 etiam
4242 1716 4435 1790 atque
4476 1705 4653 1769 etiam

2726 1813 2914 1856 orare
2959 1799 3035 1856 ut
3078 1812 3197 1874 pro
3241 1812 3319 1857 ea
3361 1812 3527 1876 quae
3572 1795 3641 1858 in
3685 1792 3873 1858 vobis
3932 1802 4032 1859 681
4074 1794 4348 1857 68111816
4390 1801 4653 1856 nostram

2727 1878 2898 1943 11866
2932 1877 3407 1943 institutionem
3432 1878 3652 1944 velitis
3674 1879 4022 1962 diligenter
4056 1878 4428 1962 expendere
4450 1878 4651 1960 (quam

2724 1964 2794 2028 in
2840 1964 2963 2029 hoc
3006 1966 3223 2042 etiam,
3270 1971 3346 2028 ut
3387 1964 3457 2028 id
3497 1965 3755 2029 efficere
3798 1965 4201 2031 commodius
4246 1964 4542 2038 valeatis,
4582 1981 4654 2024 ex

2725 2049 2947 2114 italico
2992 2070 3292 2116 sermone
3339 2050 3612 2115 verbum
3657 2047 3737 2116 de
3779 2049 3981 2117 verbo
4025 2052 4096 2116 in
4141 2051 4419 2116 latinum
4464 2056 4654 2112 trans·

2725 2135 2930 2201 latam
2976 2136 3057 2201 ad
3104 2157 3224 2201 vos
3268 2136 3627 2214 misimus),
3696 2157 3772 2201 86
3825 2137 3882 2202 81
3937 2158 4080 2202 eam
4136 2158 4351 2218 neque
4392 2133 4654 2216 impiam,

2727 2242 2939 2305 neque
2983 2223 3412 2306 tyrannicam,
3461 2243 3674 2304 neque
3718 2222 3921 2288 verbo
3964 2221 4096 2287 Dei
4139 2220 4547 2296 contrariam,
4588 2224 4653 2281 ut

2725 2309 2914 2373 nobis
2949 2308 3267 2387 obiicitur,
3306 2307 3708 2386 inveneritis,
3748 2317 3965 2375 vestro
4000 2308 4254 2374 calculo
4291 2315 4656 2374 vestrarum·

2726 2415 2853 2477 que
2891 2414 3208 2461 manuum
3261 2395 3736 2476 subscriptione
3792 2396 3971 2459 illam
4015 2396 4296 2477 probare
4339 2392 4654 2458 confirma-

2725 2501 2927 2563 reque
2962 2479 3354 2564 dignemini:
3402 2489 3491 2560 ut,
3536 2502 3740 2563 quum
3776 2480 3898 2547 hoc
3935 2480 4177 2546 viderit
4218 2480 4484 2545 ecclesia
4522 2493 4655 2539 1168-

2726 2573 2847 2645 118,
2894 2566 3187 2633 securior
3231 2567 3311 2632 ab
3356 2566 3479 2632 1186
3522 2576 3710 2650 118116
3754 2567 4066 2632 reddatur
4109 2587 4184 2632 ac
4234 2561 4652 2646 tranquilliore

2726 2650 2989 2717 demum
3046 2653 3198 2718 inde
3261 2674 3419 2736 pace
3484 2654 3616 2717 frui
3672 2653 3905 2718 valeat.
4009 2652 4206 2733 Quod
4267 2653 4323 2718 si
4382 2657 4655 2714 nostrum

2724 2738 2851 2803 hoc
2892 2737 3081 2803 vobis
3126 2736 3634 2822 haudquaquam
3679 2738 3975 2804 arriserit
4010 2739 4408 2812 institutum,
4453 2750 4655 2816 preca·-

2725 2845 2875 2889 mur
2918 2824 3146 2889 itidem
3191 2825 3667 2908 impensissime
3713 2834 3788 2889 ut
3830 2845 3995 2907 quae
4039 2839 4263 2890 vestra
4307 2824 4394 2888 sit
4437 2822 4503 2884 in
4545 2816 4651 2913 1186

2725 2930 2797 2973 16
2854 2911 3181 2976 8611166118
3252 2911 3438 2975 661118
3504 2930 3624 2993 1161
3676 2910 3901 2976 literas
3969 2909 4303 2975 liberrime
4355 2905 4649 2976 indicens,

2724 2997 3009 3081 ingenue
3055 2996 3436 3080 pollicentes
3502 3015 3707 3080 aequo
3763 3018 3881 3061 uos
3938 2996 4160 3062 omnia
4205 2994 4651 3082 summissoquq

2724 3083 2943 3148 animo
2986 3081 3266 3149 libenter
3311 3089 3704 3165 accepturos.
3796 3083 4031 3148 Finem
4084 3083 4307 3166 itaque
4351 3069 4651 3172 scribend}

2720 3170 3065 3247 faciemus,
3120 3169 3244 3234 1166
3299 3190 3505 3234 unum
3553 3169 3611 3234 si
3655 3168 4130 3248 addiderimus,
4198 3190 4317 3233 vos
4371 3186 4481 3249 per
4518 3157 4651 3222 Vlssl

2721 3256 3170 3322 marchionem
3220 3254 3608 3334 Galeacium,
3654 3256 3850 3321 isthic
3894 3274 4075 3319 nunc
4118 3261 4457 3339 agentem,
4500 3264 4652 3340 sum:

2721 3363 2898 3494 ssglm
2936 3341 3131 3408 huius
3166 3360 3399 3407 causae
3432 3340 3692 3425 plenius
3729 3362 3935 3425 posse,
3981 3342 4037 3406 si
4073 3340 4358 3418 libuerit,
4404 3334 4651 3402 edocen-

2856 3437 2980 3495 ete.

2808 3566 3399 3652 obsequentissimi
3443 3566 3680 3633 fratres
3725 3566 3794 3631 in
3838 3564 4126 3630 Domino
4168 3574 4235 3630 et
4277 3559 4652 3646 symmystae

3029 3672 3207 3752 Aug.
3254 3668 3660 3735 Mainardus.
3751 3667 3984 3734 Simon
4031 3665 4368 3732 Florillus.
