4900 6167
300 409 393 476 178

291 603 370 666 est
421 618 499 662 ex
574 598 795 664 fieti-e.
906 595 1022 665 Sic
1097 609 1320 664 autem
1393 596 1756 663 rationibus
1830 596 2206 663 domesticis

289 684 459 753 eoacti
497 682 571 749 in
614 703 775 768 agro
828 683 1134 750 habitant
1190 697 1264 747 ut
1318 681 1601 748 libenter
1643 695 1863 749 tamen
1904 682 2203 765 frequenÎ‡

290 780 404 835 tent
437 769 611 834 hanc
651 767 883 834 urbem
925 771 1178 853 quoties
1220 775 1471 853 patitur
1512 769 1968 847 commoditas,
2010 766 2204 850 idque

289 854 500 922 duabus
545 855 833 921 maxime
875 853 957 920 de
991 855 1238 921 causis:
1280 876 1514 938 nempe
1548 864 1624 920 ut
1666 854 2005 920 audiendis
2046 875 2201 920 oon-

288 942 544 1007 cionibus
577 961 651 1006 se
684 941 756 1006 in
833 941 1035 1007 ietate
1068 942 1459 1007 confirment
1491 941 1681 1014 cuius
1715 955 1873 1005 sunt
1904 942 2201 1023 apprime

286 1026 557 1105 studiosi,
617 1026 769 1091 dein
817 1048 854 1092 e
899 1039 973 1092 ut
1013 1049 1100 1092 ex
1144 1028 1499 1092 amicorum
1545 1017 1883 1108 colloquiis
1939 1036 2009 1091 et
2064 1046 2200 1091 ser-

282 1132 443 1178 mone
486 1111 732 1196 aliquid
786 1113 1052 1196 capiant
1107 1113 1337 1179 solatii.
1426 1113 1519 1177 Et
1572 1125 1791 1177 tamen
1848 1112 2203 1178 effecerant

283 1197 426 1282 apud
469 1198 883 1264 Franci-ecum
937 1198 1124 1263 illum
1179 1207 1254 1262 ut
1296 1198 1402 1262 die
1446 1198 1756 1264 Mercurii
1821 1199 2198 1264 concionem

282 1283 833 1349 extraordinariam
875 1283 1164 1360 haberet,
1209 1285 1314 1350 cui
1355 1284 1535 1366 ipsos
1571 1283 1949 1368 diligentius
1992 1284 2198 1348 inter-

282 1371 446 1436 fuisse
482 1390 677 1453 quam
712 1369 827 1433 alii
862 1369 967 1435 die
1002 1369 1322 1435 dominico
1356 1368 1609 1435 soleant
1642 1389 1724 1434 ne
1758 1368 1900 1451 ipse
1935 1370 2197 1454 quidem

281 1454 515 1539 negabit
553 1457 670 1537 qui
712 1455 844 1519 11118
887 1467 1021 1521 tam
1067 1465 1169 1520 est
1203 1455 1515 1520 molestus
1535 1463 1603 1519 et
1637 1455 1929 1520 infestus.
2002 1456 2195 1521 Post-

280 1563 343 1606 ea
386 1540 651 1606 dubium
717 1561 844 1624 quo
894 1540 1169 1607 consilio
1227 1538 1490 1605 destitit.
1593 1539 1768 1620 Quia
1823 1553 2041 1605 autem
2091 1542 2195 1605 die

276 1648 439 1709 saepe
479 1627 804 1692 dominico
847 1637 1320 1692 consueverant
1360 1628 1431 1691 in
1478 1625 1704 1691 urbem
1728 1626 1967 1702 venire,
2005 1628 2195 1691 mise-

277 1735 397 1776 rum
446 1711 633 1777 illum
690 1712 1190 1778 homuncionem
1257 1711 1458 1777 stulta
1522 1712 1868 1777 aemulatio
1931 1713 2197 1795 impulit

275 1809 334 1861 ut
378 1819 495 1881 pro
549 1814 865 1883 suggestu
923 1800 997 1863 in
1055 1819 1166 1863 eos
1229 1798 1597 1864 clamitaret
1650 1799 1757 1881 qui
1821 1819 2046 1863 secum
2112 1797 2194 1864 de

274 1904 444 1948 coena
501 1904 635 1950 11011
691 1886 1075 1951 sentiebant.
1164 1884 1311 1948 Etsi
1366 1903 1583 1948 autem
1644 1883 1888 1948 nullius
1955 1905 2193 1947 nomen

270 1969 484 2035 diserte
527 1968 966 2053 exprimebat,
1010 1971 1197 2052 quasi
1241 1981 1460 2034 tamen
1503 1991 1612 2034 eos
1656 1970 1861 2053 digito
1904 1967 2193 2034 indicare

270 2056 453 2128 vellet,
496 2077 705 2139 usque
749 2056 832 2120 ad
877 2057 1155 2121 vestium
1202 2065 1390 2120 notas
1434 2055 1632 2119 semel
1679 2054 2029 2130 descendit,
2079 2076 2192 2137 pa-

268 2142 428 2223 pistis
471 2143 683 2225 magis
728 2142 1160 2209 exsecrandos
1194 2163 1335 2206 esse
1369 2141 1611 2205 dicens.
1684 2141 1829 2205 Imo
1872 2141 1939 2204 in
1984 2161 2192 2222 quan-

269 2225 392 2290 dam
425 2229 869 2293 anathematis
929 2226 1274 2292 formulam
1334 2229 1663 2310 prorupit,
1723 2225 2033 2291 adiurans
2077 2247 2194 2308 per

270 2333 481 2378 nomen
526 2316 733 2396 patris
777 2323 844 2379 et
880 2315 997 2379 filii
1044 2325 1113 2378 et
1155 2314 1429 2396 spiritus
1472 2313 1678 2376 sancti
1728 2322 1934 2375 tot-um
1983 2330 2189 2394 popu-

267 2399 378 2462 lum
412 2413 489 2464 ut
523 2399 643 2465 sibi
679 2422 720 2465 a
754 2411 891 2464 tam
927 2401 1273 2464 virulentis
1308 2400 1600 2481 pestibus
1636 2411 1913 2463 caveret.
1983 2396 2193 2478 Quor-

270 2503 390 2548 sum
439 2484 510 2549 id
569 2486 866 2551 tenderet
924 2507 1116 2551 nemo
1178 2487 1453 2550 sciebat:
1520 2504 1590 2550 80
1633 2485 1806 2549 0111111
1852 2484 1948 2548 1111
2005 2483 2193 2548 valde

266 2590 451 2635 comes
499 2581 567 2635 et
610 2570 934 2636 humanos
974 2569 1411 2654 praebuerant
1454 2569 1553 2634 illi
1594 2571 1667 2633 in
1711 2591 1874 2652 quos
1920 2570 2190 2633 invehe-

266 2654 442 2721 batur.
549 2655 843 2722 Tandem
898 2658 1200 2741 apparuit
1219 2708 1232 2731 ,
1301 2656 1456 2737 quia
1520 2677 1625 2720 me
1692 2656 1818 2721 sibi
1874 2657 2194 2737 praeferri

264 2741 511 2824 indigne
553 2743 788 2820 ferret,
846 2764 1031 2808 suam
1079 2744 1286 2807 vicem
1329 2741 1495 2807 velle
1541 2740 1782 2807 ulcisci.
1872 2739 2194 2806 Pudenda

267 2847 397 2891 sane
452 2838 521 2892 et
565 2827 845 2895 ridicula
889 2829 1187 2894 ambitio:
1247 2827 1360 2892 sed
1419 2829 1558 2909 ipse
1601 2827 1819 2910 palam
1864 2847 2193 2892 venenum

267 2931 429 2977 suum
473 2916 798 2979 evomuit.
901 2914 1123 2994 Quum
1188 2911 1510 2979 vocandos
1582 2912 1664 2978 ad
1736 2914 2192 2979 consistorium

266 2996 487 3065 nobiles
534 3001 697 3064 istos
752 3010 1076 3076 curasset,
1135 2999 1571 3082 expostulavit
1623 2998 1794 3082 quod
1851 3000 1987 3064 suis
2041 3019 2192 3064 con-

269 3083 531 3151 tionibus
612 3087 833 3151 minus
898 3087 1274 3169 frequenter
1344 3084 1664 3149 adessent.
1772 3086 2189 3167 Responsum

266 3176 346 3232 est
382 3172 459 3236 ab
502 3170 641 3237 illis
683 3169 990 3248 modeste,
1035 3171 1101 3235 id
1146 3191 1358 3253 neque
1401 3171 1603 3253 impio
1645 3171 1773 3235 Dei
1814 3180 2192 3251 contemptu

267 3254 399 3332 fieri,
456 3278 674 3340 neque
728 3258 799 3321 in
856 3258 1143 3322 ministri
1202 3256 1662 3322 contumeliam
1707 3277 2012 3338 vergere,
2076 3255 2191 3320 sed

266 3341 443 3406 iustas
505 3342 632 3407 sibi
706 3344 904 3409 fuisse
968 3363 1199 3409 causas
1264 3363 1384 3406 our
1454 3342 1794 3407 Genevam
1861 3341 2188 3406 interdum

265 3426 450 3503 potius
483 3431 807 3494 venirent.
879 3430 1227 3495 Caeterum
1261 3449 1464 3512 quum
1501 3427 1678 3493 domi
1714 3440 1933 3492 essent
1967 3427 2191 3492 sedulo

265 3530 319 3573 80
367 3534 630 3595 operam
692 3514 945 3580 dedisse
1011 3536 1096 3579 ne
1160 3524 1378 3579 essent
1430 3536 1513 3579 ex
1575 3515 1933 3596 postremis.
2037 3513 2190 3579 Non

265 3607 583 3667 contentus
627 3600 745 3665 illa
800 3599 1056 3683 placida
1112 3611 1178 3665 et
1231 3602 1441 3664 amica
1496 3601 1919 3665 excusatione
1975 3600 2189 3664 acrius

265 3680 481 3750 instare
514 3688 749 3771 coepit,
791 3686 1056 3770 vulpem
1093 3706 1165 3751 se
1198 3707 1280 3750 ex
1315 3684 1584 3751 latebris
1630 3686 1801 3750 velle
1843 3685 2189 3751 extrahere

266 3766 614 3838 thrasonico
656 3771 833 3838 fastu
874 3772 1141 3838 iactans.
1232 3771 1398 3836 Tum
1436 3770 1820 3853 simpliciter
1863 3770 2187 3849 dixerunt,

264 3854 470 3923 melius
512 3860 841 3925 facturum
899 3860 956 3922 81
1001 3858 1436 3924 contentiosas
1481 3855 1955 3940 disputationes
1997 3857 2189 3921 omit-

263 3947 423 4017 teret.
467 3966 637 4027 quae
680 3942 848 4009 nihil
892 3942 1222 4009 habebant
1263 3943 1745 4020 aedificationis,
1791 3942 2187 4008 labefactan-

265 4020 346 4089 dis
393 4029 675 4095 infirmis
729 4030 1144 4095 conscientiis
1214 4029 1569 4112 plurimum
1640 4029 1978 4093 nocebant.
2081 4027 2186 4093 Ad

264 4107 365 4175 hoc
395 4116 649 4182 nullam
707 4115 802 4180 1111
846 4115 1046 4180 fuisse
1089 4136 1351 4180 causam
1397 4136 1517 4180 eur
1560 4124 1898 4197 tantopere
1942 4112 2188 4178 tumul-

264 4203 564 4279 tuaretur,
625 4201 754 4266 nisi
819 4200 1014 4266 vellet
1056 4201 1224 4265 forte
1281 4221 1428 4265 011111
1483 4199 1717 4266 umbra
1772 4220 1893 4265 sua
1936 4199 2184 4265 luctari.

260 4277 580 4352 Postremo
624 4288 862 4352 factam
906 4284 1029 4352 sibi
1073 4308 1214 4352 esse
1256 4287 1565 4352 iniuriam
1611 4283 1807 4369 quod,
1842 4286 2026 4352 nulla
2068 4307 2188 4351 sua

262 4368 427 4453 eulpa
470 4394 590 4456 pro
632 4372 978 4438 haereticis
1030 4372 1250 4456 palam
1307 4373 1593 4438 traducti
1649 4385 1884 4438 essent.
1977 4372 2187 4439 Exce-

260 4456 340 4536 pit
386 4457 532 4537 ille,
606 4459 839 4524 merito
898 4458 1020 4523 sibi
1078 4480 1220 4522 esse
1278 4467 1610 4541 suspectos
1669 4458 1781 4542 qui
1839 4457 2185 4533 Calvinum,

260 4545 393 4607 novi
438 4544 595 4612 falsi
637 4545 820 4627 impii
866 4543 1189 4628 dogmatis
1232 4544 1719 4623 fabricatorem,
1777 4545 1989 4611 instar
2032 4544 2186 4609 idoli

258 4627 538 4696 colerent.
628 4629 735 4695 Ab
779 4651 854 4695 eo
894 4640 1187 4712 tempore
1244 4650 1377 4693 non
1445 4632 1724 4698 cessavit
1780 4653 1987 4696 meam
2035 4630 2186 4694 doc-

259 4714 478 4781 trinam
523 4716 758 4801 quibus
800 4716 1017 4799 potuit
1058 4715 1316 4799 probris
1358 4714 1663 4782 lacerare.
1746 4715 1964 4795 Quum
2010 4711 2182 4779 dice-

258 4812 385 4865 rent
406 4802 526 4881 illi,
570 4823 642 4869 se
686 4823 805 4867 nec
828 4801 1025 4867 aliam
1062 4822 1102 4866 a
1121 4823 1228 4867 me
1252 4801 1616 4869 doctrinam
1654 4800 1927 4875 audisse,
1973 4818 2184 4881 neque

258 4883 430 4952 aliam
489 4890 691 4974 sequi,
759 4908 954 4971 quam
999 4907 1166 4971 quae
1225 4889 1292 4951 in
1362 4897 1587 4951 nostra
1643 4907 1791 4952 cum
1850 4884 2185 4968 Tigurinis

258 5135 664 5274 taram
692 5123 2187 5316 Â§guwerraoessrmsaagffl

258 5261 588 5316 watonem
632 5270 753 5319 erat
791 5264 1029 5330 fortasse
1062 5265 1240 5320 Laur.
1286 5265 1352 5318 de
1387 5261 1777 5319 Nor-uanam?
1844 5262 1915 5315 L.

258 5325 367 5381 oliÎ‡-
395 5332 506 5396 fuit
539 5332 747 5401 teactae
784 5333 951 5403 Regis
985 5336 1045 5387 in
1082 5333 1315 5390 comdiis
1350 5333 1481 5402 Hoq
1835 5329 1986 5385 1540.
2008 5265 2188 5335 nufias

1926 411 2092 475 1551
2141 406 2594 476 SEPTEMB.

4135 413 4254 476 1Â¹74

2305 595 2650 663 concordia
2690 596 2949 682 legitur,
2986 618 3152 680 quae
3194 604 3263 663 et
3304 595 3488 665 vobis
3531 605 3600 663 et
3641 596 3943 664 omnibus
3976 598 4253 665 helveti-

2305 687 2400 749 018
2440 683 2764 749 ministris
2809 684 3080 766 probata
3123 684 3289 748 foret
3303 735 3318 762 ,
3361 682 3475 749 ille
3518 705 3696 750 nunc
3739 685 3924 768 quasi
3967 684 4255 751 fucatam

2305 779 2371 833 et
2406 766 2704 835 fallacem
2739 767 2921 833 illam
2957 766 3360 835 concordiam
3397 769 3678 849 eludere,
3714 790 3891 836 nunc
3923 778 4254 856 contemp-

2306 855 2425 918 tim
2473 854 2797 920 cavillari:
2852 853 3020 919 nihil
3079 875 3200 919 sua
3257 855 3498 920 referre
3551 853 3707 938 quid
3768 854 3896 921 duo
3961 866 4076 921 aut
4119 875 4254 923 tres

2302 942 2373 1004 in
2417 941 2661 1023 angulo
2703 940 3006 1024 egissent.
3098 939 3398 1023 Denique
3452 962 3580 1005 non
3635 941 3856 1007 minus
3898 944 4254 1009 insolenter

2303 1045 2375 1090 se
2416 1025 2553 1092 illic
2594 1026 2866 1094 iactavit
2909 1046 3103 1109 quam
3161 1026 3218 1091 si
3259 1027 3330 1091 in
3376 1026 3582 1092 veteri
3622 1028 3963 1110 gurgustio
4009 1029 4251 1094 fuisset.

2303 1110 2512 1176 Plura
2555 1110 2753 1196 longe
2793 1131 2987 1194 quam
3035 1112 3275 1190 refero,
3332 1125 3398 1175 et
3441 1113 3790 1192 atrociora,
3833 1116 4252 1180 continentur

2303 1197 2374 1261 in
2418 1199 2597 1264 actis.
2686 1196 2871 1279 Quin
2929 1198 3125 1264 etiam
3170 1200 3449 1281 scriptas
3490 1219 3690 1262 manu
3733 1217 3852 1262 sua
3894 1200 4254 1266 invectivas

2302 1304 2521 1347 coram
2581 1282 2900 1350 iudicibus
2957 1281 3089 1348 illis
3143 1283 3441 1367 protulit,
3512 1284 3626 1348 ubi
3683 1305 3786 1348 me
3845 1305 3974 1349 non
4029 1287 4252 1351 minus

2300 1367 2628 1434 hostiliter
2672 1378 2871 1434 vexat
2920 1389 3116 1451 quam
3175 1368 3641 1435 furiosissimus
3700 1369 3932 1452 aliquis
3977 1373 4251 1453 papista,

2301 1463 2369 1519 et
2412 1455 2577 1519 mihi
2621 1455 2954 1537 aliquanto
2995 1453 3395 1536 petulantius
3438 1455 3727 1520 insultat.

2471 1540 2662 1606 Nunc
2705 1548 2844 1605 tota
2884 1542 3334 1606 controversia
3376 1550 3444 1605 et
3485 1542 3624 1605 eius
3667 1543 3949 1625 cognitio
3993 1540 4078 1606 ad
4118 1545 4248 1610 cla-

2296 1626 2631 1691 rissimum
2677 1633 2973 1691 senatum
3022 1635 3313 1692 vestrum
3350 1625 3565 1691 delata
3608 1638 3726 1690 est.
3814 1628 3977 1712 Ego,
4022 1631 4250 1712 optimi

2298 1710 2555 1790 fratres,
2602 1713 2658 1776 si
2702 1712 2966 1793 privata
3001 1711 3215 1776 solum
3249 1711 3519 1777 honoris
3553 1714 3684 1776 mei
3728 1733 3885 1778 cura
3920 1722 4245 1798 tangerer,

2295 1796 2485 1862 facile
2542 1796 2736 1862 nihili
2795 1796 3327 1872 homuncionem,
3393 1798 3615 1862 ieiuna
3683 1809 3944 1864 tantum
4000 1801 4248 1884 gloriae

2298 1882 2657 1965 cupiditate
2699 1884 3033 1958 inflatum,
3092 1903 3240 1947 cum
3292 1882 3669 1967 obstrepere
3725 1906 3844 1950 suo
3909 1907 4247 1955 murmure

2297 1977 2795 2034 contemnerem.
2891 1967 3025 2034 Sed
3086 1990 3190 2034 me
3255 1969 3386 2033 duo
3441 1970 3723 2034 maxime
3777 1982 3984 2036 urunt
4027 1980 4093 2037 et
4133 1995 4248 2039 ex-

2299 2055 2626 2120 cruciant:
2695 2055 2910 2137 prius,
2970 2055 3142 2137 quod
3195 2055 3290 2139 pii
3332 2055 3567 2121 fratres
3613 2055 3787 2120 domi
3831 2078 4088 2140 semper
4131 2060 4248 2124 ho-

2297 2148 2487 2204 neste
2533 2140 2772 2217 habiti,
2833 2140 2990 2205 dum
3033 2161 3103 2204 se
3147 2139 3480 2225 religionis
3522 2161 3718 2206 causa
3760 2143 3842 2207 ad
3897 2162 4017 2208 nos
4061 2148 4248 2227 quasi

2298 2226 2366 2289 in
2388 2245 2648 2291 sacrum
2672 2225 2930 2310 asylum
2967 2226 3333 2305 conferunt,
3372 2236 3505 2290 tam
3543 2226 3812 2310 indigne
3847 2238 4246 2296 tractantur:

2297 2311 2610 2383 alterum.
2671 2312 2846 2394 quod
2890 2312 3167 2377 ludibrio
3212 2312 3559 2395 impiorum
3607 2313 4022 2395 prostituitur
4063 2336 4248 2381 sacra

2294 2395 2422 2460 Dei
2463 2398 2724 2474 veritas,
2761 2396 3149 2463 scinduntur
3185 2398 3407 2480 pravis
3442 2397 3678 2464 studiis
3712 2399 4042 2479 ecclesiae,
4086 2400 4246 2467 fide-

2298 2483 2471 2548 libus
2528 2483 2725 2547 etiam
2784 2484 2978 2548 datur
3049 2482 3398 2549 vacillandi
3467 2485 3733 2549 occasio.
3837 2485 4007 2549 Nam
4073 2487 4248 2553 illius

2298 2569 2661 2633 consistorii
2737 2568 3014 2646 indicos,
3082 2590 3282 2654 quum
3350 2572 3525 2634 intus
3596 2578 3907 2653 papatum
3962 2569 4245 2651 foveant,

2297 2653 2610 2719 videntur
2652 2653 2776 2719 81111
2821 2675 3139 2740 magnum
3182 2656 3400 2721 nescio
3441 2655 3598 2744 quid
3653 2659 4030 2740 consequuti
4075 2658 4248 2741 quod

2297 2762 2402 2804 me
2450 2738 2739 2807 habeant
2781 2741 3024 2805 erroris
3068 2742 3168 2806 sui
3212 2741 3457 2805 socium
3504 2748 3570 2806 et
3613 2741 4126 2825 approbatorem,
4172 2753 4249 2808 ut

2298 2825 2537 2891 nebulo
2599 2825 2862 2910 quidem
2928 2828 3056 2891 iste
3132 2826 3497 2908 persuadet.
3602 2826 3954 2912 Spargitur
4016 2828 4248 2912 cupide

2297 2909 2429 2976 huc
2488 2911 2642 2979 illuc
2699 2912 2901 2992 fama,
2974 2934 3108 2977 non
3175 2913 3422 2978 mutuis
3476 2918 3736 2977 tantum
3789 2912 4071 2980 dissidiis
4129 2936 4248 2981 nos

2296 3005 2581 3074 certare,
2640 2996 2752 3062 sed
2822 2999 2932 3081 qui
2985 2999 3318 3082 praecipui
3376 2997 3706 3064 habentur
3771 2999 3898 3063 iam
3967 3009 4247 3084 papatus

2298 3082 2619 3148 desiderio
2657 3086 2879 3149 teneri.

2466 3169 2613 3234 Hoc
2655 3178 2830 3235 certe
2873 3170 3038 3234 mihi
3083 3171 3251 3236 citra
3305 3171 3684 3237 iactantiam
3788 3170 4032 3237 rofiteri
4074 3170 4244 3252 licet,

2293 3253 2555 3321 fidelem
2599 3276 2707 3321 me
2749 3265 2815 3321 et
2856 3255 3187 3322 assiduam
3219 3276 3484 3339 operam
3518 3257 3737 3338 impen
3786 3276 3895 3322 ere
3934 3266 4007 3321 ut
4042 3257 4245 3324 eccle-

2295 3339 2432 3405 siae
2474 3338 2607 3405 Dei
2651 3342 2912 3423 prosim.
3001 3339 3182 3406 Dum
3229 3361 3352 3425 ego
3393 3363 3546 3409 cum
3603 3341 3901 3408 hostibus
3943 3344 4128 3425 quasi
4170 3346 4244 3410 in

2293 3428 2433 3491 acie
2478 3426 2791 3511 confligo,
2838 3445 2943 3493 me
2987 3451 3026 3492 a
3071 3427 3350 3507 triariis,
3396 3448 3559 3511 quos
3602 3428 3687 3494 ad
3729 3429 4093 3494 subsidium
4135 3451 4242 3495 ac-

2293 3534 2558 3578 currere
2594 3513 2881 3590 decebat,
2922 3534 2963 3578 a
2992 3527 3176 3597 tergo
3214 3513 3491 3593 confodi,
3534 3514 3683 3598 plus
3717 3535 3915 3596 quam
3949 3516 4245 3597 iniquum

2295 3613 2411 3663 est.
2502 3598 2581 3663 Id
2626 3607 2848 3664 autem
2891 3619 3013 3664 vos
3058 3602 3309 3682 quietos
3364 3612 3431 3665 et
3472 3601 3703 3666 tacitos
3743 3600 3878 3683 pati
3898 3651 3913 3675 â€š
3971 3621 4056 3664 an
4099 3601 4243 3666 offi-

2294 3687 2392 3750 cio
2450 3695 2668 3749 vestro
2725 3684 2996 3768 dignum
3058 3687 3173 3760 sit,
3231 3684 3470 3751 videte.
3575 3684 3793 3766 Quam
3851 3705 4108 3768 semper
4171 3687 4243 3752 in

2294 3769 2647 3836 asserenda
2688 3771 2970 3836 veritate
3011 3770 3178 3837 liber
3222 3785 3289 3837 et
3323 3774 3613 3839 sincerus
3649 3770 3908 3848 fuerim,
3952 3771 4243 3855 locuples

2294 3856 2459 3920 mihi
2504 3858 2691 3920 testis
2734 3859 2861 3921 erit
2902 3858 3190 3939 optimus
3240 3859 3445 3923 frater
3486 3867 3711 3922 noster
3755 3857 3838 3922 D.
3887 3856 4239 3923 Masculus.

2293 3940 2512 4022 Quam
2557 3941 2890 4008 studiosus
2944 3945 3122 4026 pacis
3177 3957 3245 4008 et
3304 3939 3684 4008 concordiae
3727 3942 3959 4008 fuerim
3982 3995 3997 4020 ,
4059 3945 4242 4010 bonis

2293 4028 2601 4094 omnibus
2643 4027 2923 4094 libenter
2965 4029 3278 4096 iudicium
3315 4026 3552 4104 defero,
3598 4040 3666 4093 et
3701 4027 3929 4094 videor
3968 4029 4136 4094 mihi
4169 4051 4243 4094 re

2291 4115 2436 4196 ipsa
2471 4114 2942 4196 comprobasse.
3016 4115 3100 4179 In
3134 4112 3257 4179 hac
3292 4116 3637 4197 praecipue
3671 4134 3869 4180 causa
3902 4136 4242 4198 nunquam

2294 4199 2607 4265 adversae
2651 4200 2858 4283 partis
2893 4199 3178 4264 invidiae
3212 4211 3281 4264 et
3324 4198 3491 4265 odiis
3533 4221 3639 4264 me
3683 4222 4010 4283 exponere
4054 4201 4242 4266 dubi-

2291 4286 2431 4351 tavi
2477 4296 2551 4351 ut
2584 4285 2908 4368 placarem
2956 4298 3020 4350 et
3055 4285 3538 4351 reconciliarem
3576 4284 3919 4352 helveticis
3953 4286 4239 4352 ecclesiis

2290 4374 2400 4455 qui
2422 4373 2714 4437 maxime
2737 4372 2974 4436 infensi
2997 4378 3204 4435 erant.
3244 4371 3348 4435 Ex
3379 4393 3508 4454 quo
3531 4372 3762 4454 'sigui-i
3787 4373 3858 4435 in
3886 4372 4238 4438 formulam

2291 4457 2603 4541 utrinque
2648 4480 2688 4522 a
2730 4457 2915 4522 nobis
2959 4457 3201 4521 editam
3247 4476 3639 4522 consensum
3685 4458 3836 4532 fuit,
3896 4460 4046 4540 quia
4080 4458 4239 4522 duo-

2291 4544 2413 4609 bus
2470 4546 2542 4607 in
2600 4544 2756 4608 locis
2799 4543 3134 4625 Epistolae
3176 4542 3413 4626 prioris
3457 4541 3538 4606 ad
3582 4541 3963 4607 Corinthios
4017 4542 4238 4608 admo-

2290 4629 2471 4694 nitus
2529 4630 2779 4693 fueram
2797 4679 2811 4704 ,
2879 4627 3189 4711 quiddam
3255 4630 3520 4694 subesse
3574 4628 3746 4711 quod
3803 4629 4006 4694 bonos
4064 4630 4236 4693 viros

2288 4715 2593 4780 nonnihil
2650 4712 3039 4790 offenderet,
3108 4714 3276 4798 quod
3343 4715 3638 4796 asperius
3707 4713 3957 4780 dictum
4027 4715 4236 4778 fuerat

2289 4801 2606 4885 mitigavi.
2633 4804 2682 4874 â¸)
2769 4798 3069 4865 Insulsus
3129 4812 3348 4864 tamen
3407 4800 3514 4867 hic
3556 4811 3839 4884 nugator
3879 4799 4236 4866 sententias

2290 4905 2371 4949 ex
2416 4888 2580 4952 meis
2639 4885 3195 4952 lucubrat-ionibus
3253 4906 3586 4968 nunquam
3650 4910 3690 4952 a
3741 4906 3813 4952 se
3878 4882 4237 4950 intellectas

2290 4972 2527 5054 accipit
2567 4991 2642 5037 ac
2686 4970 2965 5049 mutilat,
3002 4970 3180 5036 unde
3215 4971 3446 5055 probet
3476 4972 3751 5055 impium
3787 4992 3829 5035 a
3861 4991 3966 5034 me
4001 4967 4237 5052 dogma

2289 5063 2357 5121 et
2412 5054 2613 5124 verbo
2667 5056 2794 5120 Dei
2840 5056 3098 5139 penitus
3168 5057 3567 5124 contrarium
3631 5058 4017 5122 fabricatum
4073 5076 4235 5128 esse,

2497 5326 2554 5392 5)
2588 5326 2784 5384 Altera
2805 5329 2969 5385 huius
2986 5330 3360 5387 commentarii
3389 5328 3556 5385 edit-'o
3584 5327 3792 5397 prodiit
3810 5327 3910 5384 hoe
3929 5330 4052 5397 ipso
4069 5345 4235 5388 anno.
