4900 6167
604 437 683 498 31
758 456 766 464 ·
2277 424 2746 493 EPISTOLA
2796 429 2955 489 1443
4539 422 4624 483 32

602 639 782 687 nune
827 616 1196 685 adulterina
1237 615 1712 684 deformatione
1756 636 1889 681 non
1943 634 2131 681 secus
2176 613 2444 681 Christo
2486 614 2564 677 il-

604 703 845 771 ludunt
914 703 1167 772 romani
1229 701 1620 768 Antichristi
1678 701 1995 767 satellites
2009 751 2025 780 ‚
2103 720 2300 783 quam
2364 700 2421 764 si
2501 706 2568 764 et

604 790 1000 856 arundinem
1034 788 1278 872 sceptri
1311 788 1454 854 loco
1490 787 1590 852 illi
1631 788 1700 852 in
1737 808 2010 852 manum
2047 786 2280 851 darent
2322 793 2391 850 et
2431 786 2566 867 spi-

605 895 804 941 neam
839 896 1141 941 coronam
1185 875 1600 957 imponerent
1643 872 1787 937 eius
1830 873 2047 955 capiti.
2138 871 2266 937 His
2312 870 2567 936 artibus

606 982 809 1045 quum
866 959 1190 1044 evangelii
1256 960 1610 1043 puritatem
1670 958 1918 1024 versuti
1977 957 2090 1021 isti
2156 963 2568 1038 corruptores

606 1045 929 1131 paulatim
983 1045 1381 1111 exstinctum
1452 1043 1537 1107 iri
1595 1051 1887 1125 sperent,
1955 1041 2038 1107 ad
2093 1050 2233 1106 tam
2288 1039 2568 1125 indigna

607 1131 865 1198 christi
906 1128 1192 1196 ludibria
1224 1137 1473 1214 quanta
1508 1127 1779 1193 mollitie
1814 1128 2171 1193 connivent
2206 1127 2317 1210 qui
2354 1127 2567 1190 vitam

606 1217 828 1299 potius
872 1236 1060 1281 suam
1102 1214 1350 1282 centies
1395 1233 1724 1298 opponere
1765 1212 2089 1278 debebant
2104 1263 2118 1290 ,
2177 1231 2373 1295 quam
2416 1212 2565 1276 bre-

607 1324 756 1368 vem
803 1301 1023 1367 nescio
1066 1309 1226 1383 quot
1269 1299 1524 1365 dierum
1559 1318 1828 1363 usuram
1870 1297 2118 1381 perfido
2153 1296 2418 1362 silentio
2463 1317 2566 1361 re·

608 1386 905 1452 dimere?
994 1386 1149 1469 Ipse
1191 1386 1457 1450 interim
1501 1404 1702 1467 papa,
1762 1392 1839 1448 ut
1881 1383 2091 1448 filium
2135 1383 2268 1448 Dei
2310 1383 2567 1448 crucifi·

607 1472 821 1556 gendo
864 1481 1234 1536 extremum
1285 1468 1659 1553 tragoediae
1701 1477 1918 1534 actum
1962 1468 2280 1542 absolvat,
2347 1467 2565 1532 larva-

608 1564 752 1622 tum
795 1576 988 1621 suum
1034 1555 1378 1622 concilium
1425 1575 1653 1620 rursus
1692 1554 2053 1620 subornare
2089 1553 2346 1618 dicitur.
2436 1554 2565 1617 'Pa-

607 1642 805 1707 metsi
862 1641 1038 1705 enim
1105 1639 1190 1705 ad
1247 1639 1598 1705 delendum
1657 1639 1908 1706 Christi
1967 1659 2201 1703 nomen
2262 1637 2564 1721 iugulan-

609 1727 889 1808 damque
933 1725 1272 1792 ecclesiam
1324 1725 1598 1790 efferato
1640 1724 1985 1790 latrocinio
2030 1730 2397 1808 grassatur,
2463 1722 2564 1787 illi

607 1819 832 1877 tamen
878 1811 960 1875 ad
1005 1811 1342 1876 solennem
1387 1811 1802 1877 mactationis
1846 1809 2050 1874 ritum
2093 1808 2567 1891 qualiscunque

607 1896 867 1963 concilii
908 1896 1158 1979 species
1200 1896 1390 1979 quasi
1432 1917 1617 1962 sacer
1657 1894 1917 1979 gladius
1960 1903 2080 1960 est.
2169 1894 2317 1959 Hoc
2373 1891 2566 1958 modo

613 1981 865 2048 Paulus
921 1982 1155 2046 tertius
1212 2002 1415 2063 quum
1458 1979 1837 2046 mactandos
1881 2002 1957 2046 ac
2005 1977 2428 2046 trucidandos
2472 1977 2568 2042 lo·-

608 2073 824 2133 casset
867 2086 1095 2131 omnes
1148 2067 1384 2149 quibus
1443 2067 1583 2130 vita
1625 2085 1741 2131 sua
1804 2065 2017 2148 potior
2050 2073 2224 2130 esset
2266 2064 2566 2129 veritatis

609 2152 918 2225 defensio,
964 2151 1265 2234 putidum
1309 2150 1474 2216 illud
1517 2159 1845 2234 spectrum
1883 2150 2321 2233 qualicunque
2354 2150 2570 2232 potuit

606 2236 824 2304 colore
879 2238 1170 2303 fucatum
1216 2234 1515 2301 Tridenti
1571 2237 1959 2313 ostentavit,
2015 2245 2095 2300 ut
2150 2234 2565 2319 evangelium

606 2321 732 2387 hoe
775 2324 963 2406 quasi
984 2321 1215 2387 ultimo
1259 2321 1536 2386 fulmine
1573 2321 1888 2390 afflictum
1923 2319 2286 2404 dissiparet.
2315 2322 2364 2398 ¹)
2418 2318 2567 2385 Sed

603 2416 783 2472 totus
803 2408 916 2471 ille
939 2416 1305 2489 apparatus,
1352 2427 1560 2488 quum
1580 2406 1738 2471 boni
1763 2413 1983 2489 patres
2019 2406 2408 2489 quibusdam
2430 2427 2566 2470 ses-

606 2494 869 2558 sionum
914 2492 1215 2576 fulgetris
1252 2493 1644 2573 simplicium
1681 2491 1905 2558 oculos
1938 2492 2384 2577 perstringere
2419 2511 2567 2557 coe-

606 2579 876 2661 pissent,
922 2597 1162 2643 arcano
1206 2586 1470 2642 sanctae
1514 2576 1688 2642 sedis
1731 2577 1960 2643 afflatu
1981 2584 2251 2659 repente
2285 2577 2567 2642 excitato

609 2662 945 2730 discussus
986 2662 1054 2727 in
1096 2662 1357 2727 fumum
1400 2662 1696 2728 evanuit:
1756 2663 1884 2728 nisi
1927 2661 2096 2746 quod
2140 2662 2221 2727 ad
2267 2663 2567 2729 continu-

610 2747 861 2814 andum
904 2757 1223 2812 terrorem
1268 2746 1593 2814 nubecula
1652 2747 1735 2813 ad
1780 2757 2039 2831 tempus
2080 2748 2419 2814 Bononiae
2462 2747 2567 2812 in-

609 2833 855 2899 cubuit.
949 2831 1169 2898 Iulius
1210 2852 1370 2917 ergo
1414 2853 1763 2912 successor,
1809 2834 1916 2916 qui
1964 2834 2213 2916 primas
2257 2834 2326 2898 in
2371 2853 2568 2899 scena

608 2916 1004 2983 Tridentina
1045 2924 1266 3001 partes
1310 2918 1466 3002 egit,
1522 2918 1741 3003 (quasi
1794 2917 1918 2985 hoc
1962 2917 2046 2983 ad
2091 2917 2437 2984 delendam
2482 2938 2568 2984 ex

610 3003 953 3068 hominum
1011 3005 1325 3067 memoria
1382 3003 1710 3088 evangelii
1768 3003 2128 3070 doctrinam
2198 3025 2402 3070 unum
2459 3026 2567 3069 su·-

609 3088 830 3174 persit,
879 3088 1040 3154 diris
1086 3108 1161 3153 ac
1203 3089 1507 3154 terrificis
1550 3088 1807 3155 concilii
1851 3088 2126 3156 decretis
2170 3090 2242 3154 in
2287 3109 2407 3154 nos
2441 3088 2568 3153 ful-

613 3176 901 3250 minare)
946 3173 1027 3237 ad
1086 3173 1211 3238 boc
1254 3182 1655 3258 stratagema
1700 3196 1871 3240 nunc
1914 3195 1986 3240 se
2028 3174 2364 3259 accingere
2407 3173 2569 3240 dici-

610 3267 741 3324 tur.
830 3259 1227 3342 Quanquam
1284 3271 1443 3324 sunt
1498 3259 1804 3341 permulti
1863 3261 1980 3343 qui
2023 3259 2190 3324 nihil
2235 3280 2434 3342 quam
2479 3260 2569 3325 si-

607 3343 865 3409 mulare
907 3343 1126 3427 ipsum
1162 3351 1417 3427 putant.
1507 3344 1645 3410 Nec
1690 3364 1846 3410 vere
1881 3344 2166 3410 multum
2211 3345 2410 3410 refert
2453 3346 2569 3412 fic-

608 3438 764 3495 tene
806 3449 892 3493 an
928 3450 1012 3493 ex
1047 3429 1269 3494 animo
1309 3429 1655 3497 concilium
1691 3450 1889 3496 suum
1932 3442 2175 3497 evocet.
2242 3431 2381 3495 Res
2423 3432 2569 3514 qui-

609 3513 760 3580 dem
807 3513 1128 3579 hactenus
1171 3515 1352 3580 clara
1394 3535 1471 3580 ac
1516 3521 1756 3581 testata
1796 3514 1941 3593 fuit,
1986 3537 2072 3580 ex
2113 3537 2243 3597 quo
2287 3516 2567 3583 labefac-

607 3602 738 3667 tari
771 3607 1055 3684 papatus
1094 3600 1304 3682 coepit
1361 3619 1402 3663 a
1448 3599 1731 3679 Luthero,
1767 3606 2083 3685 quotquot
2116 3600 2299 3667 illam
2336 3609 2567 3687 tyran-

610 3685 786 3749 nidis
828 3704 1045 3751 aroem
1088 3693 1513 3769 occuparunt,
1557 3707 1760 3769 quum
1782 3686 2167 3752 nonnullam
2214 3707 2253 3752 a
2274 3687 2567 3766 concilio,

608 3770 804 3851 quale
845 3770 1093 3836 scilicet
1127 3770 1417 3836 habituri
1472 3779 1666 3837 erant
1680 3821 1696 3850 ‚
1753 3771 2069 3837 fulturam
2111 3792 2377 3855 sperare
2419 3794 2566 3856 pos·

609 3864 776 3933 sent,
821 3875 955 3920 non
1009 3875 1200 3922 secus
1255 3866 1481 3922 tamen
1525 3856 1649 3923 hoc
1703 3857 1976 3924 remedii
2032 3878 2243 3943 genus
2297 3858 2568 3941 fugisse,

611 3961 688 4008 ac
732 3960 929 4024 aeger
970 3941 1039 4005 in
1083 3962 1350 4024 corpore
1396 3943 1633 4027 ubique
1676 3941 1969 4010 ulceroso
2008 3963 2273 4009 omnem
2316 3943 2425 4009 vel
2467 3945 2566 4010 in-

612 4025 1099 4110 dulgentissimi
1181 4026 1419 4094 medici
1493 4035 1741 4094 tactum
1817 4027 2217 4093 reformidat.
2332 4029 2570 4112 Itaque

611 4113 771 4176 trita
816 4112 1039 4195 pueris
1103 4113 1301 4177 etiam
1361 4113 1689 4180 cantilena
1747 4121 1880 4187 est,
1937 4134 2072 4179 non
2133 4113 2323 4179 aliter
2378 4136 2569 4198 posse

612 4195 885 4263 concilio
927 4198 1143 4262 iuvari
1183 4206 1497 4282 papatum
1540 4217 1738 4280 quam
1781 4198 2071 4264 cauterio
2108 4199 2211 4265 vel
2259 4203 2566 4266 sectione.

610 4283 817 4364 Atqui
866 4281 1034 4346 nihil
1076 4303 1314 4349 causae
1357 4282 1548 4349 video
1582 4305 1701 4350 cur
1743 4283 1869 4350 sibi
1904 4292 2244 4367 tantopere
2278 4304 2319 4349 a
2352 4286 2569 4351 conci-

610 4366 723 4432 liis
757 4387 965 4452 papae
1007 4375 1326 4446 metuant,
1372 4368 1502 4434 nisi
1536 4367 1709 4451 quod
1744 4369 1956 4435 malae
1988 4370 2428 4437 conscientiae
2471 4372 2571 4437 in-

613 4451 885 4518 dividua
926 4473 1145 4521 comes
1188 4464 1291 4520 est
1334 4453 1704 4538 trepidatio.
1792 4453 1969 4534 Quid
2014 4456 2190 4521 enim
2204 4506 2220 4530 ,
2281 4455 2569 4534 obsecro,

612 4558 826 4621 nuper
876 4537 1001 4604 fuit
1041 4538 1433 4606 Tridentina
1472 4537 1592 4604 illa
1647 4539 1991 4614 colluvies,
2048 4540 2155 4607 cui
2197 4547 2421 4608 tamen
2466 4562 2570 4608 sa-

611 4632 994 4690 crosanctae
1035 4624 1365 4709 generalis
1422 4634 1490 4690 et
1536 4626 1995 4693 oecumenicae
2048 4624 2286 4710 synodi
2329 4648 2570 4694 nomen

609 4708 1006 4788 indiderant,
1051 4730 1248 4794 quam
1289 4712 1487 4776 inane
1521 4707 2169 4778 terriculamentum?
2240 4712 2411 4795 quod
2454 4732 2570 4797 pa-

610 4814 736 4878 pae
791 4792 1127 4867 delitias2)
1181 4817 1315 4862 non
1373 4797 1586 4881 magis
1638 4795 1937 4863 turbaret
1999 4818 2199 4881 quam
2257 4797 2569 4864 tubarum

610 4981 798 5037 14⁴³.
830 4985 884 5048 1)
922 4982 1140 5037 Paulas
1174 4981 1299 5039 111.
1333 4984 1620 5040 concam
1665 4982 2044 5040 maest-’sm
2085 4982 2432 5052 convocavit,
2478 4998 2569 5040 or-

635 5051 679 5104 ἰ.
816 5049 855 5105 1
961 5052 991 5105 ⁸!
1284 5052 1309 5106 ς
1481 5052 2046 5122 Ἱ,Μ“..εᾱ..ιῦ
2170 5053 2326 5107 Γ,
2433 5053 2566 5107 wit·

616 5116 828 5174 emera
860 5135 981 5175 eum
1014 5119 1223 5176 Noster
1338 5122 1350 5133 '
1498 5122 1811 5191 scrip-serm

820 5186 875 5252 2)
911 5187 1003 5242 Dc
1048 5189 1191 5243 Iulio·
1276 5188 1360 5243 ΙΙ.
1405 5191 1648 5245 moribus
1691 5192 1850 5245 multi
1893 5190 2415 5257 circumferebantur
2471 5205 2565 5243 nc·

608 5271 808 5337 gam-es.
880 5254 1044 5311 aeid.
1081 5257 1176 5313 111.
1214 5256 1337 5313 19⁷:
1385 5275 1495 5328 quo
1528 5265 1774 5330 tempore
1810 5260 2084 5314 Bononiae
2128 5260 2310 5314 fluerat
2353 5259 2372 5311 l
2475 5262 2567 5313 tus

610 5341 673 5378 in
707 5323 913 5379 delini·
945 5326 1213 5381 habuerat
1235 5327 1635 5384 adolescentem
1669 5328 1941 5399 quendam
1957 5329 2353 5384 Innocentium.
2461 5344 2566 5382 unc

2669 613 2936 697 clangor
2979 622 3095 678 aut
3138 625 3611 697 tympanorum
3653 611 3908 678 sonitus
3950 609 4186 693 quibus
4229 628 4301 673 se
4335 605 4628 691 quotidie

2670 698 2966 766 oblectat.
3057 696 3134 763 Si
3176 698 3440 780 quando
3486 695 3772 780 undique
3815 694 4105 780 synodus
4148 695 4317 762 serio
4359 713 4629 777 cogere-

2670 796 2798 862 tur,
2844 786 3144 850 subesset
3184 784 3351 849 forte
3396 782 3617 867 aliqua
3660 790 3873 847 metus
3918 801 4137 859 causa,
4182 801 4267 846 ne
4312 778 4630 845 subortus
4683 819 4684 822 =

2670 870 2740 934 in
2785 888 3027 953 magna
3069 870 3268 935 turba
3318 870 3622 935 fremitus
3679 867 3994 934 maiorem
4039 865 4401 931 tumultum
4445 864 4629 930 exci-

2671 964 2859 1020 taret.
2905 954 3159 1020 Verum
3180 954 3426 1019 fictitiis
3446 953 3756 1034 conciliis,
3779 951 3970 1036 quale
3993 950 4462 1017 Tridentinum
4480 950 4630 1026 fuit,

2670 1040 2816 1124 quis
2863 1061 3101 1123 papam
3145 1039 3358 1122 magis
3399 1061 3596 1122 quam
3645 1038 4060 1124 crepitaculis
4106 1036 4341 1102 terreri
4377 1034 4630 1113 credat,

2670 1147 2747 1192 ac
2768 1146 2900 1190 non
2924 1125 3138 1208 potius
3161 1131 3474 1208 tanquam
3518 1124 3857 1207 quietioris
3877 1123 4096 1190 somni
4119 1121 4456 1187 blanditiis
4477 1141 4633 1187 sua·

2670 1211 2843 1277 viter
2895 1209 3295 1276 indormire?
3400 1211 3654 1292 Nempe
3712 1210 3841 1274 duo
3898 1218 4015 1273 aut
4073 1218 4209 1274 tres
4265 1216 4464 1273 erunt
4508 1226 4630 1290 pa-

2670 1317 2794 1380 pae
2839 1296 3110 1364 arbitrio
3154 1295 3383 1362 delecti
3439 1305 3506 1362 et
3563 1316 3647 1360 ex
3702 1294 3938 1360 intimo
3996 1295 4136 1359 eius
4194 1293 4345 1359 sinu
4402 1291 4632 1358 emissi

2670 1381 3054 1459 cardinales,
3112 1381 3224 1464 qui
3266 1381 3711 1465 gubernacula
3752 1381 4089 1446 tenebunt.
4172 1377 4350 1444 Idem
4394 1387 4632 1468 tyranss

2668 1489 2799 1532 nus
2845 1488 2929 1532 ex
2972 1476 3241 1533 caterva
3281 1488 3405 1532 sua
3469 1466 3680 1533 aulica
3731 1466 4027 1531 ieiunum
4069 1465 4354 1547 aliquem
4398 1463 4636 1547 paucis

2670 1554 2741 1617 in
2777 1552 3074 1636 singulos
3107 1572 3367 1617 menses
3403 1553 3655 1618 ducatis
3690 1550 4025 1628 conducet,
4071 1551 4183 1634 qui
4217 1547 4635 1632 patriarchae

2667 1638 2853 1704 larva
2888 1637 3158 1703 indutus
3202 1637 3377 1720 quod
3401 1638 3717 1702 dictatum
3760 1638 3890 1702 erit
3922 1636 4248 1702 serviliter
4290 1634 4431 1700 loco
4476 1654 4635 1699 sen-

2669 1724 2914 1789 tentiae
2956 1723 3205 1789 recitet.
3295 1721 3526 1804 Qualis
3572 1721 3870 1788 Tridenti
3916 1722 4045 1787 fuit
4091 1720 4396 1786 Robmus
4415 1723 4471 1797 ³)
4516 1718 4636 1783 ille

2671 1829 2919 1884 caecus,
2962 1828 3158 1891 quem
3201 1829 3322 1893 ego
3359 1809 3633 1874 ridicule
3667 1828 3797 1872 non
3842 1809 4063 1872 minus
4100 1827 4295 1890 quam
4328 1803 4638 1889 improbe

2635 1913 2792 1978 ‚pro
2857 1914 3039 1977 papa·
3100 1901 3507 1978 satagentem
3571 1892 3921 1975 aliquando
3997 1892 4402 1975 Ratisponae
4471 1888 4638 1967 vidi,

2671 1999 2874 2062 quum
2917 1999 3024 2044 me
3066 1980 3202 2045 suis
3245 1978 3585 2046 lenociniis
3629 1977 3712 2045 ad
3762 1976 4098 2046 cantarem·
4118 1979 4172 2059 ⁴)
4231 1975 4640 2059 colloquium

2671 2064 2976 2150 pellicere
3019 2063 3330 2130 studeret.
3421 2063 3848 2129 Advolabunt
3900 2084 3984 2128 ex
4049 2070 4185 2128 tota
4227 2061 4424 2126 Italia
4470 2061 4639 2127 trio-

2669 2148 2924 2216 bolares
2967 2150 3282 2234 episcopi,
3351 2171 3629 2232 quorum
3680 2148 3814 2215 illic
3858 2149 4019 2214 satis
4062 2148 4234 2213 bona
4276 2147 4466 2230 copia
4511 2154 4638 2213 est.

2670 2235 2965 2301 Venient
3006 2236 3206 2301 etiam
3249 2235 3416 2301 forte
3479 2255 3563 2299 ex
3608 2234 3832 2301 Gallia
3887 2244 3954 2299 et
3994 2232 4328 2318 Hispania
4369 2232 4640 2299 ventosi

2669 2328 2789 2387 aut
2827 2320 2998 2387 fatui
3040 2320 3331 2404 quidam:
3389 2320 3500 2385 alii
3558 2321 3758 2385 etiam
3813 2320 4166 2402 superioris
4224 2320 4395 2385 vitae
4437 2317 4640 2402 flagi·

2669 2407 2780 2472 tiis
2823 2406 3123 2482 infames,
3169 2406 3282 2488 qui
3324 2413 3551 2488 postea
3586 2404 3850 2470 domum
3887 2404 4136 2471 reversi
4171 2405 4410 2469 bonam
4452 2423 4531 2469 se
4568 2411 4643 2468 et

2669 2490 2931 2559 fidelem
2989 2512 3253 2574 operam
3307 2491 3664 2558 catholicae
3724 2490 4032 2557 ecclesiae
4089 2509 4367 2556 navasse
4425 2488 4643 2572 glori-

2671 2586 2883 2643 entur.
2973 2577 3082 2641 Ex
3137 2576 3439 2643 omnibus
3508 2598 3702 2659 porro
3772 2576 4240 2642 monachorum
4298 2572 4642 2658 speluncis

2670 2662 2966 2747 prosiliet
3006 2682 3288 2745 magnus
3343 2683 3658 2728 ranarum
3712 2664 4060 2729 confluxus
4101 2661 4176 2726 in
4216 2659 4401 2725 illam
4442 2658 4642 2742 palu-

2671 2747 2840 2826 dem,
2884 2767 3051 2830 quae
3084 2749 3378 2813 certatim
3416 2767 3535 2812 sua
3568 2748 3949 2813 coaxatione
3982 2767 4246 2811 omnem
4284 2746 4645 2811 veritatem

2672 2832 2900 2917 procul
2945 2831 3230 2916 abigant
3319 2831 3499 2913 Quid
3520 2832 3551 2895 ‘l
3609 2855 3696 2898 an
3738 2853 3860 2917 ego
3903 2852 4145 2897 novam
4188 2831 4300 2896 hic
4342 2831 4645 2912 speciem

2672 2920 2938 3003 affingo,
2984 2937 3060 2982 ao
3102 2939 3236 2983 non
3281 2918 3498 3001 potius
3540 2919 3744 2984 oculis
3786 2918 4063 2984 subiicio
4106 2928 4518 2983 conventum
4565 2916 4649 2980 il-

2671 3005 2812 3069 lum
2856 3004 2966 3087 qui
3011 3002 3314 3068 Tridenti
3376 3023 3583 3085 nuper
3641 3004 3825 3069 visus
3867 3004 3994 3068 fuit
4011 3001 4045 3065 ⁴?
4135 2999 4319 3083 Quid
4360 3008 4463 3066 est
4509 3003 4646 3086 igi-

2672 3100 2784 3155 tur
2825 3087 2999 3172 quod
3042 3088 3167 3154 sibi
3208 3089 3292 3153 ab
3336 3089 3481 3154 istis
3534 3089 3638 3155 sui
3683 3088 4032 3154 tribunalis
4073 3085 4448 3154 custodibus
4496 3107 4645 3153 me-

2672 3183 2820 3241 tuat
2861 3195 3031 3258 papa
3047 3224 3062 3252 ,
3122 3195 3282 3256 quos
3317 3175 3443 3239 sibi
3495 3194 3722 3240 omnes
3764 3173 4055 3258 primum
4098 3170 4388 3239 addictos
4432 3172 4648 3240 habet

2673 3281 2749 3326 ac
2791 3260 3196 3341 mancipatos
3216 3308 3230 3336 ‚
3295 3257 3528 3325 deinde
3573 3260 3742 3324 nihil
3783 3258 3964 3325 aliud
4006 3266 4343 3342 captantes
4385 3258 4520 3324 nisi
4567 3269 4647 3324 ut

2671 3346 2815 3412 eius
2859 3346 3141 3429 gratiam
3183 3344 3310 3409 sibi
3352 3346 3586 3427 quovis
3624 3343 3816 3410 modo
3857 3342 4252 3411 concilient?
4319 3344 4648 3411 Praeser-

2672 3431 2791 3497 tim
2838 3431 3055 3496 Iuleas
3095 3438 3335 3507 noster,
3383 3433 3496 3513 qui
3536 3432 3606 3495 in
3650 3430 3775 3496 hoc
3811 3429 4189 3514 negotiandi
4233 3450 4475 3514 genere
4521 3450 4646 3496 ve·

2671 3525 2916 3583 terator
2955 3525 3076 3592 est,
3123 3516 3253 3582 tale
3296 3514 3420 3582 sibi
3463 3515 3812 3582 concilium
3846 3516 4099 3598 quoties
4133 3515 4394 3581 libitum
4427 3513 4648 3581 fuerit

2670 3600 3071 3668 ludibundus
3112 3611 3457 3685 componet
3499 3613 3574 3665 ut
3616 3602 3869 3667 interea
3908 3621 3993 3667 ex
4026 3621 4210 3667 more
4249 3601 4452 3667 iocari
4498 3621 4645 3667 non

2671 3687 2944 3754 desinat.
3032 3687 3126 3751 Et
3167 3708 3325 3752 sane
3369 3686 3538 3769 quod
3598 3686 3782 3753 brevi
3839 3687 4151 3770 temporis
4195 3687 4408 3768 spatio
4451 3705 4643 3752 com-

2671 3773 2891 3856 plures
2937 3772 3405 3838 Dominicanos
3449 3773 3644 3838 rubro
3689 3770 3861 3854 pileo
3899 3772 4134 3849 induit,
4179 3772 4321 3837 eius
4355 3772 4449 3836 rei
4497 3792 4646 3838 non

2670 3859 3017 3925 obscurum
3077 3878 3221 3922 esse
3272 3857 3684 3942 praeludium
3744 3858 4023 3923 videtur.
4111 3857 4276 3921 Fuit
4332 3857 4441 3922 hic
4483 3859 4643 3939 qui-

2673 3944 2820 4010 dem
2865 3941 3052 4018 ordo,
3097 3953 3172 4007 ut
3215 3944 3417 4020 aiunt,
3460 3943 3555 4007 illi
3600 3964 3861 4026 semper
3902 3944 3976 4007 in
4019 3942 4274 4009 delitiis.
4364 3939 4501 4008 Sed
4548 3964 4646 4010 ox

2671 4029 2902 4094 altiore
2944 4047 3143 4094 causa
3197 4028 3409 4093 oritur
3467 4036 3654 4093 tanta
3697 4028 4000 4111 profusio.
4089 4027 4421 4093 Nimirum
4465 4031 4642 4097 satis

2672 4124 2857 4180 tenet
2890 4113 3203 4180 eiusmodi
3241 4113 3708 4180 mendicabulis
3743 4113 3913 4178 nihil
3946 4134 4091 4179 esse
4112 4114 4639 4196 imprudentius:

2674 4209 2749 4266 ut
2787 4220 2982 4283 saepe
3025 4199 3451 4265 illiberalibus
3494 4221 3569 4265 ac
3611 4197 3891 4264 sordidis
3926 4219 4149 4264 eorum
4182 4198 4511 4284 obsequiis
4546 4200 4645 4266 ad

2673 4298 2911 4352 nutum
2975 4306 3169 4351 suum
3235 4285 3477 4350 abusus
3542 4293 3659 4350 est.
3760 4284 4053 4351 Rursum
4070 4336 4085 4359 ,
4143 4285 4257 4349 ubi
4309 4284 4393 4349 ad
4449 4282 4642 4353 hunc

2673 4506 2892 4588 tametsi
2929 4505 3126 4587 reliqui
3162 4505 3349 4586 minus·
3373 4506 3684 4588 probarent,
3731 4505 3841 4560 imo
3876 4505 4252 4589 reclamarent,
4284 4507 4356 4588 in·
4378 4505 4638 4561 cardina-

2672 4575 2806 4628 lium
2842 4574 3128 4643 adoptavit
3159 4575 3444 4643 collegium
3479 4581 3538 4628 et
3569 4593 3628 4629 m
3661 4575 4013 4629 domesticam
4041 4574 4485 4629 consuetudinem
4510 4591 4640 4629 rur-

2672 4660 2765 4698 sus
2800 4644 3035 4710 admisit,
3074 4643 3233 4711 eique
3255 4659 3552 4724 cognomen
3575 4661 3731 4698 suum
3768 4651 3827 4698 et
3859 4644 4092 4725 insignia
4115 4659 4343 4725 quoque·
4353 4643 4639 4702 attribuit.

2673 4713 2879 4766 Romae
2914 4713 3058 4764 fama
3090 4720 3248 4792 erat,
3286 4720 3344 4791 et
3378 4713 3572 4766 libellis
3619 4728 3835 4783 quoque
3870 4728 4077 4782 persen
4117 4721 4235 4766 tum
4268 4711 4388 4793 fnit,
4424 4729 4459 4766 a
4493 4713 4640 4769 Iovc

2668 4780 3041 4987 ζθὲιῖἑὲνίἶ
3054 4780 3251 4973 {fg-{3¹
3280 4781 3417 4903 2¹2⁶ss
3445 4779 4037 4918 gziss‘ffiffiff·
4052 4778 4543 4916 afflfffflss
4573 4798 4635 4906 ἲ.

2669 5060 2866 5110 eontra
2875 4984 3130 5109 31)an
3168 4986 3564 5109 whom}
3573 4985 3884 5134 agry-ipsine
3936 4983 4142 5110 elwino·-
4187 5054 4272 5108 vel
4305 5001 4498 5110 salem
4529 5002 4640 5111 g:

2666 5125 2946 5179 clamasse.
3008 5122 3081 5176 1¹·
3101 5122 3255 5177 Aeas
3276 5123 3768 5178 Rambonenabus
3798 5137 3994 5178 nomen
4025 5138 4140 5176 non
4173 5128 4412 5179 aeonem
4443 5122 4641 5193 (Saliq

2669 5192 2741 5384 ζ
2781 5191 2935 5384 ἓξὲξ
2961 5190 3326 5315 wascum
3366 5259 3631 5316 cmm·
3632 5274 3726 5314 um
3760 5259 3973 5315 obvim
4007 5258 4254 5314 aarum
4288 5258 4650 5317 amnas·
