4900 6167
283 434 392 498 549

282 620 427 690 saris
469 620 818 698 exercitus,
864 620 1214 689 Avenione
1251 621 1435 691 Galli
1470 629 1538 688 et
1571 622 1696 706 ipsi
1739 622 2218 707 periclitantur.

281 715 459 774 Anno
509 712 675 772 1540
718 720 1114 790 reparantur
1156 711 1226 775 in
1269 710 1635 776 Brabantia
1692 718 1763 775 et
1804 710 2081 776 Austris
2122 710 2219 775 le-

279 817 379 879 ges
418 793 955 870 Diocletianicae,
1003 794 1120 860 sed
1163 816 1321 860 mox
1365 795 1450 861 ad
1491 795 1842 880 Argieram
1885 795 2045 864 facit
2094 794 2219 864 Ca-

278 880 437 946 rolus
457 882 779 945 iacturam
799 880 1314 962 irreparabilem.
1363 880 1818 948 Ferdinandus
1853 891 1992 948 tota
2027 881 2217 948 exui-

277 979 375 1031 tur
413 966 530 1031 Hu
702 967 716 980 “
765 1016 779 1030 .
870 965 1339 1049 Superioribus
1391 967 1586 1033 annis
1627 967 1818 1051 gravi
1861 968 2217 1052 tyrannide

277 1053 502 1135 pressit
619 1073 806 1118 aesar
862 1051 1294 1119 Germaniam
1353 1074 1429 1120 ac
1501 1054 1878 1136 praetexuit
1948 1053 2216 1137 quidem

277 1138 569 1203 honestae
625 1139 932 1205 rationes.
1025 1137 1276 1205 Verum
1339 1138 1561 1205 odium
1623 1139 1921 1205 veritatis
1965 1150 2033 1204 et
2074 1159 2216 1205 mo-

277 1224 568 1290 narchiae
614 1223 907 1290 studium
966 1224 1346 1291 verissimae
1400 1226 1672 1291 fuerunt
1716 1223 2092 1309 tyrannidis
2134 1224 2215 1290 il-

274 1310 389 1375 lius
434 1329 686 1376 causae.
760 1308 956 1376 Unde
991 1310 1278 1376 vidimus
1313 1311 1632 1393 superiori
1675 1331 1852 1376 anno
1896 1312 2215 1378 victorem

275 1397 460 1460 istum
502 1396 822 1461 invictum
858 1396 1243 1480 turpissima
1283 1397 1442 1480 fuga
1475 1395 1559 1461 ab
1591 1395 1970 1480 Oeniponto
2006 1397 2217 1463 Villa-

273 1501 406 1546 cum
451 1503 657 1564 usque
699 1482 769 1546 in
806 1481 1225 1548 Oarinthiam
1271 1483 1503 1565 panico
1549 1482 1920 1566 perculsum
1966 1495 2217 1551 terrore

273 1570 478 1633 rotari.
570 1566 925 1651 Quumque
979 1569 1158 1633 vires
1211 1580 1584 1652 reparasset
1637 1578 1702 1633 et
1756 1570 2220 1653 resumpsisset

272 1655 563 1736 spiritum
582 1705 598 1730 ,
653 1653 1116 1738 maculamque
1169 1654 1354 1721 illam
1395 1656 1688 1720 inustam
1730 1653 1933 1721 vellet
1973 1654 2214 1733 eluere,

270 1740 608 1823 splendida
671 1759 712 1802 a
776 1741 1234 1822 potentissimo
1295 1761 1453 1824 rege
1519 1740 1792 1806 victoria
1864 1749 2216 1823 reportata,

271 1826 546 1892 vidimus
607 1827 851 1890 iterum
913 1837 1163 1909 quanto
1218 1847 1367 1892 cum
1438 1823 1751 1891 dedecore
1821 1827 2217 1910 quantisque

271 1934 408 1979 cnm
451 1910 940 1978 calamitatibus
985 1912 1356 1978 Metensem
1413 1908 1818 1976 obsidionem
1876 1928 2217 1994 sumptuo-

271 1999 590 2063 sissimam
636 1996 935 2063 deserere
979 2011 1242 2064 coactus
1276 1997 1378 2061 sit.
1452 1996 1721 2061 Interea
1761 2016 1898 2061 non
1932 2016 2216 2062 comme-

270 2105 440 2149 moro
503 2082 772 2166 quantis
843 2083 1222 2148 morborum
1293 2081 1504 2166 plagis
1562 2091 1946 2165 torqueatur
1996 2082 2216 2149 miser.

271 2170 564 2234 Vexatur
609 2169 690 2234 ab
749 2168 1062 2252 epilepsia
1080 2220 1094 2244 ,
1156 2168 1430 2233 artetica
1451 2171 1502 2245 8)
1561 2179 1627 2232 et
1767 2165 1970 2250 dag-ra
2025 2181 2093 2233 et
2135 2166 2217 2233 ab

269 2255 405 2321 aliis
465 2254 534 2320 id
589 2276 797 2338 genus
857 2254 1261 2324 Antiochicis
1319 2254 1586 2319 morbis.
1743 2252 1898 2317 allia
1950 2253 2217 2336 quidem

271 2353 482 2407 vestra
527 2362 607 2406 su
690 2342 845 2405 riori
883 2361 1057 2405 anno
1091 2351 1317 2406 contra
1349 2340 1568 2422 ipsum
1604 2337 2058 2421 triumphavit,
2101 2337 2218 2406 sed

268 2443 523 2510 quanta,
568 2448 607 2493 o
688 2448 854 2500 ecro,
880 2446 1031 2491 cum
1052 2423 1624 2491 incommoditate?
1693 2422 1891 2506 Quot,
1935 2446 2067 2502 oro,
2115 2445 2218 2490 ar-

268 2525 494 2579 serunt
536 2514 735 2578 urbes
779 2525 846 2577 et
891 2511 1087 2578 villae
1128 2512 1200 2576 in
1242 2510 1576 2589 Picardia,
1623 2521 1922 2577 vastatae
1966 2510 2049 2576 ab
2091 2510 2220 2576 im-

269 2602 364 2682 pio
404 2599 524 2665 illo
565 2598 975 2681 Rosshemnio
1011 2595 1345 2663 Martino'?
1368 2599 1422 2674 θ)
1495 2596 1679 2678 Quot
1720 2597 1967 2663 morbis
2011 2598 2219 2663 inter-

269 2688 427 2769 cepti
488 2708 572 2751 ex
645 2683 971 2750 nobilibus
1045 2681 1486 2749 interierunt?
1593 2681 1862 2763 Quanta
1933 2683 2222 2749 militum

268 2775 439 2855 copia
503 2772 744 2855 partim
804 2771 1004 2835 armis
1073 2770 1317 2853 partim
1378 2768 1487 2834 lue
1544 2770 1614 2832 in
1673 2768 1927 2851 gallicis
1986 2770 2220 2835 castris

267 2859 494 2941 periit?
571 2858 709 2923 Res
750 2857 897 2939 ipsa
939 2855 1179 2922 clamat
1222 2854 1390 2920 iram
1427 2852 1696 2920 Domini
1743 2854 1905 2919 haec
1941 2856 2219 2938 operari,

267 2946 550 3009 maxime
598 2955 865 3027 propter
909 2943 1251 3007 innoxium
1300 2942 1688 3025 sanguinem
1726 2938 2017 3007 fidelium
2063 2942 2222 3007 effu-

267 3053 421 3095 sum.
517 3033 613 3096 At
655 3039 876 3094 metuo
937 3050 1019 3093 ne
1073 3027 1187 3093 illa
1244 3028 1378 3093 sint
1437 3029 1875 3092 maximorum
1919 3025 2220 3092 dolorum

267 3117 460 3182 initia.
555 3116 830 3183 Utinam
879 3136 1089 3179 vanus
1134 3115 1259 3179 sim
1307 3124 1503 3179 vates.
1593 3113 1867 3179 Utinam
1914 3134 2034 3178 rex
2073 3134 2223 3178 ›ves-

270 3215 362 3267 ter
417 3202 685 3269 iuvenis
741 3200 959 3266 adhuc
1018 3201 1087 3265 in
1148 3199 1374 3265 vetulo
1419 3198 1586 3281 Imp.
1636 3198 1872 3266 Carolo
1931 3199 2076 3280 plus
2119 3198 2220 3262 ul-

270 3299 493 3354 traneo
539 3299 606 3353 et
650 3288 837 3372 gravi
882 3285 1068 3353 hoste
1126 3286 1438 3353 ecclesiae
1484 3284 1610 3350 Dei
1674 3284 1957 3350 disceret
1999 3284 2221 3351 mode-

269 3385 442 3440 ratus
505 3395 648 3439 esse
703 3384 766 3437 et
812 3393 947 3437 non
1112 3372 1296 3454 sequi
1338 3372 1706 3436 veritatem.
1798 3368 1976 3450 Quid
2021 3391 2060 3434 a
2105 3371 2220 3435 tri-

267 3463 448 3546 ginta
493 3460 686 3525 annis
731 3470 798 3525 et
840 3478 993 3542 amp
1021 3459 1123 3524 ius
1158 3456 1570 3541 gravissimis
1605 3458 1740 3521 suis
1776 3458 2221 3538 persequutio·

269 3548 456 3612 nibus
528 3547 889 3612 effecerunt
961 3544 1398 3627 potentissimi
1473 3561 1663 3627 reges
1721 3548 1789 3606 et
1846 3540 2217 3626 principes?

265 3634 442 3698 Nihil
489 3634 618 3698 nisi
662 3630 834 3715 quod
881 3650 1037 3696 suas
1081 3639 1410 3695 auxerunt
1454 3627 1884 3693 calamitates.
1958 3627 2050 3692 Et
2091 3647 2221 3711 quo

267 3720 629 3803 impensius
673 3718 1022 3782 veritatem
1068 3715 1422 3781 voluerunt
1460 3714 1854 3780 exstinetam
1900 3713 2221 3798 sanguine

269 3799 671 3882 sanctorum,
739 3804 861 3868 hoc
915 3801 1136 3868 illuxit
1193 3804 1419 3885 magis.
1522 3799 1698 3865 Illud
1755 3799 1968 3884 ipsum
2029 3820 2222 3883 porro

265 3894 392 3970 fiet,
438 3891 877 3975 peribuntque
931 3896 1250 3972 quotquot
1295 3887 1520 3952 nolent
1563 3906 1840 3969 regnare
1876 3883 2222 3950 Christum

267 3999 456 4062 super
503 3999 591 4042 se.
671 3977 836 4039 Nam
881 3975 1126 4039 veritas
1160 3986 1261 4038 est
1294 3973 1542 4038 invicta
1581 3982 1648 4036 et
1683 3969 1994 4036 Christus
2044 3972 2222 4037 vivet

263 4065 326 4129 in
369 4061 638 4130 saecula
681 4061 1111 4127 saeculorum.

427 4149 615 4215 Haec
659 4148 1000 4213 verbosius
1056 4159 1272 4212 tecum
1334 4165 1529 4229 agere
1585 4143 1763 4228 cogit
1820 4163 2003 4208 amor
2061 4164 2223 4227 erga

263 4249 323 4302 te
365 4257 556 4300 meus
600 4243 669 4300 et
711 4253 869 4317 erga
913 4243 1117 4298 totam
1164 4230 1483 4304 Galliam,
1542 4250 1821 4313 regnum
1882 4236 2059 4294 certe
2103 4229 2222 4294 flo-

263 4322 728 4388 rentissimum.
818 4317 996 4400 Quia
1039 4320 1216 4383 enim
1263 4317 1666 4385 certissimus
1712 4335 1877 4392 sum,
1925 4313 2219 4382 Galliam

266 4430 391 4474 non
451 4409 649 4475 citius
718 4405 932 4489 perire
988 4417 1055 4470 et
1116 4404 1188 4469 in
1247 4423 1485 4468 manus
1545 4400 1836 4467 hostium
1905 4399 2219 4466 devenire

264 4516 466 4577 posse,
513 4494 896 4576 Regemque
930 4491 1172 4556 iratum
1211 4489 1420 4554 Deum
1464 4488 1725 4565 habere,
1772 4508 1969 4569 quam
2014 4508 2219 4571 quum

266 4580 680 4664 evangelium
724 4577 871 4643 vult
927 4578 1359 4659 exstirpatum
1417 4585 1483 4639 et
1526 4571 1872 4638 innoxium
1916 4593 2218 4638 cruorem

263 4667 564 4740 effusum,
611 4666 918 4729 miseram
955 4671 1177 4728 autem
1226 4662 1396 4726 hanc
1440 4669 1684 4725 sortem
1721 4657 1819 4722 illi
1862 4656 2216 4737 invideam,

268 4762 329 4817 et
370 4754 661 4819 maxime
718 4760 1049 4815 servatum
1111 4747 1405 4829 cupiam,
1468 4756 1567 4810 tot
1607 4758 1673 4810 et
1716 4745 1917 4809 tantis
2129 4755 2219 4810 te·

266 4859 443 4912 cum,
508 4839 608 4903 vir
651 4835 1084 4919 amplissime.
1131 4834 1316 4899 cuius
1360 4831 1681 4915 suffragia
1723 4838 1789 4895 et
1832 4830 2008 4894 oons'
2040 4830 2105 4895 ia
2147 4831 2218 4896 in

266 4923 486 4991 Gallia
528 4925 662 4991 scio
703 4923 987 4988 multum
1031 4919 1273 4986 habere
1317 4917 1638 5001 ponderis.
1731 4916 1826 4982 ΤΘ
1869 4935 2027 5000 ergo
2070 4916 2220 4981 hor-

268 5021 398 5091 tor,
457 5023 523 5075 te
564 5029 681 5075 oro
724 5019 800 5075 ut
841 5008 1005 5074 haec
1060 5026 1211 5072 mea
1261 5004 1420 5072 boni
1474 5002 1779 5071 consulas
1823 5001 2217 5068 amicissimo

411 5187 548 5194 --u—
627 5187 666 5192 -—

648 5318 703 5356 e·-
733 5300 1036 5357 arthrifioe.

636 5409 647 5421 .
688 5369 842 5436 1629,
874 5377 988 5425 not.
1020 5369 1072 5426 2.

470 5303 532 5364 5)

470 5371 530 5436 6)

2089 438 2249 501 1553
2295 437 2480 506 ῙΠΝ.

2263 2161 2270 2310 *fl-

4156 451 4284 514 550

2443 626 2617 694 fecta
2652 632 2917 713 pectore
2959 635 3029 697 et
3069 650 3190 714 pro
3234 637 3348 697 tua
3390 630 3571 698 virili
3615 633 3832 714 iuves,
3876 655 3963 701 ne
4004 636 4102 704 ita
4139 657 4287 703 cru-

2434 713 2559 779 ‘ter
2602 716 2934 782 saeviatur
2985 717 3056 782 in
3110 716 3467 784 veritatem
3519 728 3586 785 et
3639 720 3885 787 fideles.
3977 725 4063 786 At
4104 724 4283 807 quod

2319 798 2533 865 literis
2588 800 2696 867 hic
2751 810 2969 868 tecum
3025 822 3182 887 ago,
3238 803 3309 868 id
3368 805 3590 887 ipsum
3733 807 3746 820 ⁶
3804 828 4016 891 nuper
4057 829 4282 876 coram

2321 905 2476 950 cum
2533 886 2941 971 amplissimo
2996 888 3144 953 viro
3186 887 3273 953 D.
3322 888 3517 955 Oard.
3572 890 3641 956 B
3764 894 3862 970 io,
3919 895 4064 959 viro
4118 916 4280 978 pru-

2321 970 2518 1037 dente
2575 981 2641 1038 et
2701 993 2834 1039 non
2894 974 3127 1058 ignaro
3185 974 3480 1041 sincerae
3540 976 3852 1044 veritatis.
3951 980 4281 1047 Dominus

2320 1057 2629 1141 spiritum
2675 1071 2742 1126 et
2782 1068 3076 1127 mentem
3114 1060 3449 1140 concedat,
3493 1082 3660 1146 quae
3694 1062 3858 1130 haec
3889 1085 4010 1148 pro
4052 1086 4279 1133 neces·

2319 1144 2517 1210 sitate
2558 1158 2786 1212 exacte
2827 1145 3211 1230 perpendat.
3266 1184 4277 1202 ————————

2319 1229 2551 1313 'Piguri
2593 1233 2806 1314 prima
2848 1231 3018 1298 lunii
3070 1237 3251 1298 1553.

3453 1370 3885 1458 Bullingerus
3930 1380 4100 1439 tuus.

3205 1898 3392 1970 1748.

2708 2050 3227 2119 TRAHERON
3268 2054 3907 2122 BULLINGERO.

2495 2219 2781 2287 Disscvit
2840 2222 2916 2288 de
2955 2224 3527 2305 praedestinatione
3569 2226 3883 2309 quaedam
3920 2228 3991 2294 in
4036 2249 4283 2313 κειμενα

2323 2303 2689 2391 Bullinyeri
2732 2309 3105 2391 arpos-itione
3147 2310 3454 2394 doqmatis
3496 2311 3965 2394 reprehendens

2326 2476 2441 2543 (Ex
2491 2479 2827 2549 autographo
2872 2480 3033 2534 Arch.
3081 2479 3257 2535 Turio.
3306 2481 3449 2534 Plut.
3498 2480 3588 2535 VI.
3627 2481 3746 2536 Vol.
3802 2480 3926 2549 109,
3974 2484 4102 2539 olim
4137 2486 4223 2556 Ep
4264 2527 4279 2541 .

2323 2547 2476 2602 Tom.
2523 2547 2623 2602 IV.
2671 2548 2733 2602 P.
2779 2546 2840 2614 2,
2888 2548 2983 2604 fol.
3030 2546 3147 2602 782.
3184 2577 3251 2589 —
3286 2548 3499 2604 Simler.
3545 2550 3662 2604 Vol.
3714 2548 3799 2612 79.
3879 2552 4046 2606 Edita
4089 2560 4174 2608 est

2380 2615 2522 2686 Epp.
2560 2617 2833 2687 Tigurinis
2869 2617 2936 2671 N.
2977 2615 3092 2671 156.
3128 2633 3182 2686 p.
3217 2616 3322 2671 215
3357 2625 3415 2671 et
3450 2619 3660 2689 anglice
3696 2619 3850 2673 Tom.
3887 2622 3934 2675 1.
3971 2638 4026 2691 p.
4059 2621 4210 2688 326.)

2496 2787 2763 2872 Optimo
2801 2787 3304 2872 doctissimoque
3346 2791 3524 2869 viro,
3572 2791 3655 2856 D.
3702 2789 4056 2859 Heinricho
4112 2793 4280 2859 Bul-

2323 2872 2597 2957 lingero‚
2642 2874 2828 2939 fratri
2874 2882 2942 2940 et
2984 2874 3246 2941 domino
3290 2897 3448 2942 vere
3492 2875 3762 2942 colendo

3854 2980 4105 3064 Tiguri.

2500 3110 2924 3197 Singularem
2970 3119 3151 3180 tuam
3196 3115 3697 3196 humanitatem,
3744 3119 3988 3200 optime
4022 3117 4283 3184 Bullin-

2321 3220 2484 3284 ,ιιι-νε,
2529 3218 2829 3283 agnosse,
2875 3199 2988 3282 qui
3028 3209 3106 3265 ut
3148 3201 3311 3265 mihi
3358 3203 3530 3267 serio
3576 3203 3898 3286 flagitanti
3944 3203 4280 3270 satisface-

2325 3306 2432 3351 res
2491 3293 2629 3351 tam
2686 3283 2832 3351 fuse
2887 3296 3155 3370 tamque
3225 3297 3524 3353 accurate
3583 3285 3663 3353 de
3726 3288 4155 3355 Providentia
4211 3299 4279 3356 et

2323 3369 2936 3437 Praedestinatione
2979 3370 3111 3437 Dei
3168 3372 3454 3439 scribere
3513 3371 3680 3438 nihil
3725 3374 3818 3439 sis
3860 3383 4194 3459 gravatus.
4226 3375 4280 3460 ¹)

2325 3455 2654 3537 Quamvis
2710 3465 2931 3523 autem
2996 3458 3068 3522 in
3127 3458 3258 3524 illis
3330 3459 3460 3525 tuis
3515 3459 3776 3544 scriptis
3848 3462 4157 3526 eximiam
4215 3469 4284 3527 et

2325 3542 2766 3608 eruditionem
2809 3549 2879 3608 et
2919 3541 3308 3609 modestiam
3364 3544 3681 3620 admirer,
3748 3553 3976 3612 tamen
3994 3597 4009 3624 ,
4054 3556 4129 3612 ut
4173 3567 4289 3612 ve-

2327 3650 2475 3693 rum
2517 3628 2757 3706 fatear,
2821 3639 3036 3693 tecum
3082 3650 3200 3711 per
3242 3631 3464 3696 omnia
3520 3632 3767 3698 sentire
3812 3653 3948 3696 non
3991 3653 4282 3716 possum.

2326 3713 2499 3778 Nam
2543 3712 2865 3798 quaedam
2909 3715 3002 3778 ita
3046 3713 3266 3780 Deum
3309 3718 3690 3800 permittere
3746 3715 4010 3795 scribis,
4067 3728 4143 3783 ut
4181 3717 4283 3787 illi

2327 3819 2594 3866 omnem
2636 3798 2958 3865 actionem
2995 3799 3226 3866 tollere
3260 3801 3567 3869 videaris.
3626 3803 4026 3869 Permittere
4060 3801 4285 3871 Deum

2323 3885 2540 3951 multa
2584 3905 2704 3951 nos
2747 3895 2895 3951 tum
2938 3885 3248 3966 dicimus,
3308 3908 3513 3970 quum
3556 3908 3674 3953 suo
3718 3888 3954 3972 spiritu
4001 3909 4134 3954 non
4179 3911 4285 3954 re-

2327 3978 2562 4048 novat,
2630 3968 2747 4036 sed
2813 3971 3115 4038 homines
3170 3972 3642 4056 cupiditatibus
3698 3974 3837 4040 suis
3895 3973 4285 4043 auferendos

2326 4057 2549 4123 tradit.
2637 4057 2730 4123 Et
2786 4077 3159 4141 quanquam
3205 4059 3387 4124 Deus
3443 4060 3585 4142 ipse
3639 4061 3848 4125 malas
3892 4060 4283 4144 cupiditates

2326 4144 2397 4209 in
2441 4141 2630 4209 nobis
2674 4163 2809 4208 non
2854 4151 3061 4224 creat,
3106 4165 3272 4227 quae
3316 4144 3565 4228 alioqui
3609 4145 3948 4212 nobiscum
3993 4167 4280 4213 nascun-

2327 4238 2468 4308 tur,
2531 4239 2751 4294 tamen
2794 4229 3045 4306 locum,
3102 4245 3365 4315 tempus
3411 4242 3478 4296 et
3519 4230 3787 4296 modum
3832 4232 4277 4315 praescribere

2326 4316 2714 4392 asserimus,
2773 4323 2852 4381 ut
2909 4315 3074 4381 nihil
3137 4314 3331 4382 aliter
3371 4316 3491 4382 fiat
3531 4337 3728 4399 quam
3770 4316 4093 4399 quomodo
4135 4318 4277 4400 ipse

2326 4407 2521 4466 antea
2580 4402 2885 4467 statuerit
2941 4402 3102 4467 fieri.
3204 4402 3375 4467 Nam
3391 4452 3407 4483 ‚
3465 4409 3542 4467 ut
3586 4403 4002 4487 Augustinus
4057 4401 4298 4483 habet,-

2324 4487 2528 4552 etiam
2584 4488 2889 4554 tenebras
2948 4486 3223 4552 ordinat.
3326 4488 3636 4554 Breviter
3707 4489 3995 4554 actiones
4051 4508 4278 4554 omnes

2323 4571 2469 4639 Deo
2511 4571 2886 4653 tribuimus,
2931 4572 3167 4637 vitium
3212 4584 3452 4653 autem,
3500 4575 3555 4638 si
3598 4573 3770 4657 quod
3813 4576 4019 4651 inest,
4063 4572 4276 4637 homi-

2320 4659 2390 4723 ni
2399 4658 2519 4725 bus
2576 4657 3030 4742 relinquimus.
3133 4656 3332 4739 Quod
3391 4661 3623 4744 opinor
3680 4658 3786 4727 his
3856 4657 4077 4727 verbis
4130 4660 4274 4725 Au-

2322 4746 2629 4828 gustinus
2672 4744 2935 4811 extulit:
2982 4743 3262 4811 Peccare
3296 4754 3398 4811 est
3434 4746 3502 4811 in
3550 4747 3892 4812 hominum
3935 4751 4275 4829 potestate,

2320 4838 2396 4895 ut
2460 4838 2680 4898 autem
2749 4828 3076 4914 peccando
3139 4830 3263 4895 hoc
3330 4830 3439 4898 vel
3504 4831 3668 4897 illud
3733 4851 3898 4915 opus
3976 4828 4278 4896 homines

2319 4916 2540 4997 edant,
2583 4937 2723 4982 non
2757 4924 2857 4982 est
2888 4916 3204 5001 ipsorum,
3249 4915 3363 4982 sed
3388 4918 3514 4983 Dei
3549 4917 3914 4983 ordinantis
3949 4913 4275 4982 tenebras.

2320 5003 2651 5070 Rursum:
2698 5002 2882 5068 Deus
2915 5001 3234 5086 quasdam
3278 5002 3652 5070 voluntates
3694 5025 3848 5068 suas
3893 5002 4114 5085 utique
4158 4999 4281 5067 bo·

2321 5111 2442 5156 nas
2475 5087 2707 5172 implet
2740 5107 2860 5172 per
2893 5086 3222 5153 malorum
3258 5088 3597 5155 hominum
3634 5087 4005 5155 voluntates
4037 5085 4283 5163 malas,

2562 5265 2727 5272 -Ψ

2320 5363 2501 5419 1⁷48.
2531 5363 2589 5431 1)
2627 5363 2711 5431 Of.
2751 5363 2827 5420 N.
2865 5361 3001 5418 1650
3034 5368 3083 5417 ct
3121 5359 3270 5417 1707.
