4900 6167
656 407 784 470 615

656 592 965 677 auspiciis
1022 588 1371 674 appulsum
1429 609 1602 654 unus
1657 608 1741 654 ex
1786 584 2098 673 Syndicis
2154 609 2263 654 me
2315 595 2545 654 autore
2562 591 2621 668 ⁴)

653 679 730 744 in
789 696 1114 744 carcerem
1191 675 1341 742 duci
1399 674 1607 741 iussit.
1710 673 1944 758 Neque
2013 675 2191 741 enim
2258 671 2619 753 dissimulo,

656 763 814 848 quin
861 762 1059 828 officii
1102 762 1235 826 mei
1293 759 1626 839 duxerim,
1683 759 2020 826 hominem
2064 758 2217 844 plus
2261 780 2459 843 quam
2506 759 2620 825 ob-

655 850 976 915 stinatum
1022 854 1091 912 et
1131 845 1544 924 indomitum,
1593 844 1808 929 quoad
1850 846 1921 910 in
1965 866 2073 910 me
2118 854 2279 923 erat,
2324 866 2621 930 compes-

653 954 823 1013 cere,
866 956 953 999 ne
996 932 1262 1018 longius
1304 941 1606 997 manaret
1649 932 1973 1016 contagio.
2067 929 2376 997 Videmus
2420 952 2621 1014 quam

648 1020 993 1085 licentiose
1066 1019 1315 1101 passim
1384 1025 1725 1102 grassetur
1780 1017 2086 1115 impietas
2102 1067 2120 1097 ,
2193 1026 2272 1082 ut
2341 1014 2621 1082 subinde

651 1106 809 1172 novi
866 1125 1122 1171 errores
1176 1105 1567 1170 scaturiant:
1629 1113 1876 1185 quanta
1934 1104 2020 1167 sit
2076 1123 2306 1168 eorum
2348 1102 2621 1186 ignavia

650 1212 816 1276 quos
857 1192 1043 1256 Deus
1088 1187 1308 1274 gladio
1354 1188 1638 1273 armavit
1693 1188 1776 1252 ad
1823 1186 2287 1255 vindicandam
2332 1188 2618 1254 nominis

651 1276 759 1342 sui
799 1276 1096 1361 gloriam.
1188 1274 1413 1357 Quum
1458 1282 1596 1339 tam
1640 1294 1825 1339 acres
1883 1274 2018 1339 sint
2074 1279 2140 1338 et
2179 1273 2460 1338 animosi
2504 1294 2618 1338 su-

649 1362 1114 1447 perstitionum
1157 1380 1432 1426 suarum
1472 1357 1765 1424 vindices
1808 1360 2134 1442 papistae,
2192 1366 2266 1424 ut
2310 1360 2620 1426 atrociter

650 1449 954 1514 saeviant
1013 1446 1094 1513 ad
1150 1443 1561 1511 fundendum
1617 1445 1967 1509 innoxium
2011 1445 2433 1528 sanguinem,
2492 1465 2616 1527 pu-

650 1533 806 1600 deat
863 1532 1259 1599 christianos
1315 1531 1745 1614 magistratus
1802 1529 1874 1593 in
1930 1528 2176 1595 tuenda
2221 1539 2401 1595 certa
2443 1531 2616 1596 veri-

648 1626 789 1685 tate
833 1617 1001 1683 nihil
1042 1638 1311 1701 prorsus
1355 1616 1599 1682 habere
1635 1616 1859 1682 animi.
1881 1616 1940 1697 6“)
2010 1615 2254 1682 Fateor
2293 1614 2613 1698 equidem,

648 1703 821 1769 nihil
863 1703 1087 1768 minus
1131 1723 1274 1768 esse
1331 1710 1880 1779 consentaneum,
1925 1721 2124 1784 quam
2180 1707 2258 1766 ut
2298 1701 2614 1766 furiosam

650 1809 884 1855 eorum
940 1787 1401 1870 intemperiem
1458 1788 1815 1857 imitemur.
1918 1785 2175 1851 Verum
2234 1796 2336 1853 est
2393 1786 2616 1870 aliqua

647 1873 1118 1939 moderationis
1152 1872 1338 1950 ratio,
1384 1894 1468 1937 ne
1507 1873 1732 1956 impiis
1765 1874 1963 1940 liceat
1996 1873 2262 1956 quasvis
2295 1873 2367 1937 in
2389 1872 2613 1938 Deum

651 1957 795 2024 blas
842 1959 1094 2024 hemias
1153 1958 1424 2042 impune
1478 1979 1814 2037 evomere,
1879 1957 1995 2024 ubi
2053 1965 2153 2024 est
2208 1957 2612 2041 impediendi

646 2045 792 2111 facu
824 2056 942 2110 tas.
1051 2045 1134 2108 In
1200 2044 1324 2109 hoc
1382 2044 1648 2108 homine
1715 2043 1844 2109 tria
1901 2047 2057 2109 sunt
2115 2042 2609 2110 consideranda.

650 2129 871 2212 Quam
926 2128 1322 2214 prodigiosis
1379 2128 1710 2195 erroribus
1767 2136 1970 2193 totam
2029 2129 2411 2214 religionem
2470 2150 2612 2196 cor-

645 2215 931 2298 ruperit,
993 2216 1124 2279 imo
1168 2234 1369 2299 quam
1413 2213 1814 2279 detestandis
1859 2213 2158 2280 ludibriis
2202 2223 2480 2281 conatus
2526 2215 2614 2280 sit

644 2310 945 2367 evertere
989 2322 1252 2366 omnem
1312 2300 1659 2383 pietatem,
1719 2320 1917 2382 quam
1961 2298 2169 2365 foedis
2213 2299 2465 2366 deliriis
2508 2301 2610 2365 in-

642 2385 928 2454 volverit
969 2386 1555 2463 christianismum,
1601 2392 1668 2449 et
1702 2385 1923 2449 omnia
1958 2386 2298 2470 religionis
2345 2394 2611 2451 nostrae

644 2472 969 2556 principia
1011 2469 1310 2537 funditus
1354 2473 1686 2536 everterit.
1767 2469 2092 2551 Secundo,
2140 2491 2336 2554 quam
2385 2492 2457 2537 se
2500 2469 2613 2536 ob-

643 2557 887 2623 stinate
929 2557 1206 2640 gesserit
1223 2608 1237 2634 ‚
1297 2577 1492 2639 quam
1549 2554 1868 2622 diabolico
1911 2557 2090 2622 fastu
2134 2557 2611 2640 contempserit

641 2663 874 2709 omnes
919 2643 1330 2721 monitiones,
1377 2662 1575 2724 quam
1620 2641 1965 2726 desperata
2005 2642 2374 2725 pervicacia
2418 2663 2607 2725 prae-

642 2749 797 2812 ceps
840 2733 1025 2792 aetus
1069 2727 1268 2793 fuerit
1312 2725 1396 2791 ad
1441 2728 1624 2792 virus
1670 2749 1867 2794 suum
1912 2726 2375 2812 spargendum.
2446 2729 2607 2793 Ter-

641 2813 769 2891 tio,
826 2822 1074 2895 quanto
1118 2811 1312 2877 hodie
1356 2812 1529 2878 fastu
1573 2834 1728 2879 suas
1773 2813 2292 2880 abominationes
2336 2823 2606 2880 asserat.

643 2897 931 2964 Tantum
991 2899 1165 2963 enim
1226 2897 1414 2963 abest
1469 2917 1509 2961 a
1575 2920 1691 2980 spe
1748 2899 2268 2981 resipiscentiae,
2339 2909 2415 2965 ut
2472 2920 2607 2966 non

641 2982 895 3050 dubitet
937 2984 1184 3050 sanctis
1227 2984 1390 3051 viris
1438 2981 1729 3067 Capitoni
1773 2994 1841 3049 et
1891 2984 2371 3066 Oeoolmnpadio
2387 2987 2445 3063 ⁶)
2503 3006 2606 3051 as-

638 3090 917 3155 pergere
961 3069 1132 3136 hanc
1175 3069 1539 3147 maculam,
1585 3071 1772 3152 quasi
1820 3072 1977 3135 socii
2024 3072 2288 3135 fuerint.
2379 3068 2608 3151 Quum

640 3165 944 3225 ostensae
991 3161 1215 3222 essent
1266 3155 1730 3237 Oecolampadii
1773 3156 2103 3237 epistolae,
2151 3156 2325 3220 dixit
2367 3177 2438 3222 se
2483 3157 2607 3221 mi-

639 3244 805 3323 rari,
881 3263 1009 3323 quo
1078 3242 1314 3324 spiritu
1379 3241 1702 3306 abductus
1769 3241 1936 3306 foret
2000 3262 2040 3304 a
2104 3242 2321 3323 priore
2384 3262 2606 3306 sensu.

641 3327 776 3395 Sed
822 3328 976 3409 quia
1020 3325 1140 3390 tibi
1177 3347 1376 3392 curae
1411 3327 1552 3391 fore
1595 3346 1807 3409 spere,
1850 3337 1926 3392 ut
1969 3327 2256 3392 hominis
2301 3327 2607 3408 impietas

635 3414 877 3498 quibus
922 3420 1215 3477 meretur
1254 3412 1481 3498 elogiis
1524 3412 1867 3496 pingatur,
1926 3412 2122 3494 plura
2164 3432 2303 3479 non
2346 3411 2605 3478 addam.

639 3501 931 3565 Tantum
979 3498 1180 3563 unius
1225 3499 1322 3561 rei
1365 3505 1431 3562 te
1488 3496 1903 3563 admonitum
1947 3497 2128 3575 volo,
2190 3505 2607 3581 quaestorem

638 3585 859 3664 urbis,
878 3584 936 3670 ⁷)
1003 3584 1117 3667 qui
1177 3582 1295 3647 tibi
1353 3583 1475 3649 has
1533 3583 1757 3649 literas
1802 3582 2061 3664 reddet,
2118 3585 2191 3649 in
2237 3584 2363 3650 hac
2405 3605 2608 3651 causa

637 3681 818 3738 recto
864 3691 1008 3736 esse
1055 3670 1275 3734 animo
1297 3720 1312 3746 ,
1370 3677 1446 3732 ut
1490 3669 1725 3734 saltem
1767 3670 2019 3735 exitum
2059 3691 2256 3753 quem
2301 3677 2606 3754 optamus

639 3778 775 3824 non
829 3757 1056 3840 fugiat.
1145 3755 1424 3820 Utinam
1480 3761 1735 3820 veteres
1792 3756 1889 3819 tui
1936 3754 2239 3840 discipuli
2266 3760 2318 3836 ⁸)
2375 3755 2605 3821 eodem

643 3841 836 3908 modo
882 3841 1157 3906 animati
1203 3842 1436 3905 forent.

816 3928 922 3992 De
966 3928 1163 3993 rebus
1210 3925 1485 3992 Gallicis
1540 3925 1711 3990 nihil
1767 3925 2015 4004 scrib0,
2076 3927 2228 4009 quia
2284 3927 2457 3992 nihil
2498 3926 2608 3992 hie

646 4033 792 4078 esse
847 4011 1005 4079 novi
1059 4010 1374 4091 arbitror,
1450 4011 1626 4094 quod
1679 4031 1816 4076 non
1871 4032 2077 4094 aeque
2135 4011 2319 4078 vobis
2374 4019 2610 4077 notum

644 4099 763 4164 sit:
811 4096 943 4163 nisi
987 4095 1161 4181 quod
1204 4097 1508 4179 proximo
1554 4095 1856 4163 sabbathi
1903 4096 2006 4161 die
2051 4105 2187 4164 tres
2230 4098 2324 4182 pii
2367 4097 2610 4163 fratres

644 4181 964 4268 Lugduni
999 4185 1215 4248 exusti
1252 4191 1429 4262 sunt,
1455 4187 1508 4263 ⁹)
1545 4193 1821 4266 quartus
1856 4182 1929 4246 in
1964 4182 2258 4249 vicinum
2294 4182 2610 4267 oppidum

850 4419 911 4485 4)
956 4420 1096 4489 Opp.
1134 4421 1285 4475 VIII.
1321 4420 1437 4486 726,
1473 4427 1583 4477 not.
1624 4419 1673 4475 2.

847 4490 910 4557 5)
954 4488 1148 4558 Qualis
1182 4492 1293 4544 ista
1327 4506 1423 4543 ars
1456 4491 1669 4559 loyica!
1711 4492 1871 4559 quale
1915 4496 2216 4545 monstrum
2264 4499 2610 4559 aramenta-

643 4561 854 4615 tionie!
920 4560 1001 4613 Et
1032 4558 1218 4628 qualis
1250 4574 1442 4613 sensus
1475 4559 1792 4628 relaeyionis!

850 4627 908 4695 6)
947 4626 1095 4682 Sane
1134 4626 1352 4681 Serveto
1388 4627 1609 4682 nn‘nime
1644 4627 1972 4695 adstipulati
2005 4633 2133 4684 eunt
2170 4627 2281 4692 isti,
2316 4629 2413 4684 sed
2445 4630 2610 4685 initio

642 4711 756 4749 non
790 4696 929 4752 adeo
967 4695 1140 4750 solide
1177 4695 1461 4749 Nicaenae
1502 4696 1640 4763 fidei
1681 4695 2068 4764 adhaerebant,
2106 4702 2168 4752 ut
2193 4703 2406 4767 postea,
2442 4715 2611 4768 quum

640 4780 819 4821 meroe
851 4765 1291 4899 gymnas-{08
1321 4765 1648 4833 impaqnare
1679 4771 2015 4834 eoqerentur.

1018 4876 1028 4886 .
1108 4849 1145 4885 u
1234 4849 1326 4887 an.

847 4902 909 4969 8)
950 4901 1033 4966 Cf.
1084 4899 1299 4955 Sulzeri
1343 4903 1754 4969 responsionem
1788 4901 1856 4957 N.
1891 4902 2045 4956 1801.
2140 4901 2252 4971 Qui
2283 4903 2414 4958 inde
2447 4906 2519 4960 ab
2555 4921 2607 4960 a.

644 4968 776 5023 1531
824 4971 1051 5024 Rernae
1092 4976 1240 5024 artes
1284 4970 1532 5025 liberales
1576 4970 1816 5027 docebat.
1889 4972 2270 5042 (Haqenbach,
2316 4980 2456 5028 erate
2491 4972 2607 5028 Ba-

643 5040 778 5094 soler
818 5038 973 5105 Conf.
1006 5055 1064 5107 p.
1092 5038 1175 5091 90.
1248 5036 1585 5103 Kirehhofer
1620 5040 1689 5094 B.
1726 5040 1924 5095 Haller
1955 5057 2011 5110 p.
2047 5039 2191 5109 203.)
2278 5042 2443 5097 Vides
2485 5040 2606 5099 Cal-

640 5110 829 5162 vinum
867 5108 1206 5162 Bernataetus
1239 5107 1508 5173 dt‘ffidere.

849 5176 908 5241 9)
947 5176 1122 5230 Ambo
1172 5175 1427 5231 Marsaci
1483 5182 1533 5231 et
1595 5176 1671 5230 St.
1723 5176 1949 5232 Gravot.
2034 5178 2161 5233 Iam
2217 5180 2345 5235 hinc
2390 5179 2608 5260 colliqes

644 5245 943 5299 combustos
982 5244 1159 5310 fuisse
1206 5246 1259 5299 d.
1294 5244 1342 5298 2.
1383 5245 1527 5313 Sept.
1566 5246 1853 5316 Pelloqm‘n
1900 5248 1952 5301 d.
2012 5246 2091 5300 11.
2148 5246 2291 5317 Sept.
2338 5249 2401 5304 in
2448 5249 2607 5303 Velle·

642 5312 846 5366 rane-he
880 5314 1066 5382 periit.
1144 5311 1325 5377 (Hm.
1365 5316 1485 5370 eccl.
1522 5314 1562 5369 1.
1598 5314 1712 5381 90.)

2171 397 2702 468 EPISTOLAE
2752 403 2829 464 17
2834 402 3039 464 93-1
3051 401 3175 464 796

4561 404 4677 468 616

2725 587 2970 654 missus
3032 586 3116 653 ad
3182 586 3398 655 simile
3462 588 3877 687 supplicium.
3988 587 4126 653 Vix
4190 587 4504 655 credibile
4567 602 4680 670 est,

2725 694 2930 756 quum
2972 672 3280 742 homines
3326 683 3548 741 essent
3590 673 3908 753 illiterati,
3954 681 4202 758 quanta
4245 676 4515 759 spiritus
4559 676 4684 741 Dei

2723 759 2871 826 luce
2916 759 3001 826 ad
3046 780 3376 826 summam
3435 758 3770 827 doctrinae
3824 760 4295 843 perfectionem
4350 760 4682 839 illustrati,

2725 845 2944 928 quoad
2987 864 3096 911 res
3139 845 3395 912 ferebat
3410 897 3427 925 ,
3473 853 3541 911 et
3582 867 3712 929 qua
3756 846 4000 912 virtute
4047 845 4133 911 ad
4175 845 4498 912 invictam
4541 867 4686 913 con-

2725 932 3036 996 stantiam
3080 932 3389 999 instructi
3442 931 3704 997 fuerint.
3794 930 3989 999 Unus
4012 931 4097 1018 ¹⁰)
4153 941 4335 998 metu
4393 940 4685 998 conster-

2723 1026 2919 1081 natus
2963 1017 3152 1082 initio
3190 1038 3231 1082 a
3273 1019 3529 1084 sincera
3570 1016 3980 1083 confessione
4017 1016 4393 1084 deflexerat.
4462 1017 4688 1100 Quum

2722 1101 3050 1169 iudicibus
3095 1112 3352 1171 certum
3395 1102 3568 1169 foret
3610 1123 3763 1168 eum
3817 1102 4159 1169 absolvere
4174 1155 4191 1182 ,
4252 1102 4332 1169 de
4376 1126 4498 1170 sua
4542 1126 4687 1188 per-

2722 1187 2857 1253 fida
2920 1189 3336 1255 simulatione
3399 1188 3737 1273 praefatus
3808 1188 4115 1255 alacriter
4180 1208 4252 1254 se
4317 1189 4401 1254 ad
4462 1191 4689 1275 ignem

2722 1272 2981 1340 obtulit.
3071 1274 3156 1340 In
3216 1275 3365 1341 aliis
3420 1294 3677 1359 quoque
3722 1273 3985 1340 Galliae
4045 1274 4341 1358 partibus
4401 1276 4690 1360 flagrant

2724 1359 2971 1424 similia
3036 1359 3375 1428 incendia:
3457 1381 3579 1427 nec
3652 1380 3802 1444 spes
3876 1359 4011 1426 ulla
4075 1368 4177 1426 est
4240 1360 4687 1446 mitigationis.

2721 1445 2911 1511 Vale.
3004 1444 3341 1526 Genevae,
3390 1450 3448 1512 5.
3492 1445 3657 1511 Idus
3700 1444 4071 1529 Septembr.
4126 1448 4307 1510 1553.

3513 1731 3916 1747 ——a--.-...

3606 1988 3793 2059 1794.

3237 2143 3645 2212 VIRE'PUS
3688 2143 4156 2211 FARELLO.

2900 2314 3205 2396 Quaestor
3254 2315 3629 2382 Genevensis
3674 2316 3761 2380 ad
3802 2315 4090 2382 ecclesias
4138 2316 4501 2385 Helveticae
4544 2322 4688 2386 mit-

2716 2400 2875 2466 titur
2920 2400 2995 2465 de
3032 2400 3280 2466 Serveto
3316 2403 3584 2468 consilia
3614 2402 3951 2484 petiturus.
4659 2438 4670 2447 »

2716 2570 2827 2638 (Ex
2877 2571 3217 2641 autographo
3263 2572 3405 2627 Bibl.
3437 2578 3740 2696 ffllelfl
3765 2571 4260 2707 1ἑἿσῡὲοςηιιειιιείῐιιιι,
4305 2532 4452 2646 Epp.
4501 2578 4688 2633 Virofi

2888 2810 3154 2876 Eximio
3197 2810 3354 2876 Iesu
3398 2810 3653 2878 Christi
3698 2834 3888 2878 servo
3923 2812 4006 2878 D.
4035 2813 4370 2883 Guilelmo
4413 2817 4689 2884 Farello

2715 2895 3184 2975 Neocomensis
3244 2897 3557 2964 ecclesiae
3598 2899 3851 2981 pastori
3897 2898 4088 2964 fratri
4143 2911 4208 2966 et
4268 2914 4690 2989 symmystae

2715 2980 3308 3049 observandissime

4035 3071 4366 3140 Neocomi.

2886 3203 2956 3271 S.
3047 3203 3359 3270 Nondum
3373 3195 3561 3273 hinc
3618 3205 3855 3290 pedem
3898 3205 4144 3275 dimovi
4189 3210 4342 3293 quia
4403 3232 4480 3295 eo
4535 3214 4686 3298 ipso

2714 3289 2820 3356 die
2862 3311 2990 3374 quo
3026 3289 3107 3356 ad
3151 3298 3216 3357 te
3261 3290 3495 3374 scripsi
3519 3296 3570 3373 1)
3616 3303 3685 3358 et
3727 3290 3811 3356 ad
3855 3301 3920 3358 te
3966 3292 4222 3361 Calvina·
4264 3295 4493 3364 literas
4527 3300 4689 3367 misi

2712 3376 2897 3443 venit
2963 3376 3239 3444 Geneva
3309 3375 3619 3461 Ooqnatus
3684 3378 4223 3447 Paterniacensis
4289 3381 4685 3465 diaconus2)

2712 3462 2826 3546 qui
2883 3462 3228 3529 nunciavit
3294 3463 3518 3528 omnia
3582 3462 3796 3530 adhuc
3855 3465 4121 3552 integra
4176 3488 4321 3534 esse
4377 3470 4685 3557 nihilque

2711 3548 3132 3613 immutatum
3171 3570 3210 3612 a
3254 3548 3578 3615 dominico
3616 3549 3719 3615 die
3755 3560 4002 3617 exacto.
4070 3552 4393 3637 Exspecto
4428 3558 4499 3622 in
4539 3558 4687 3626 dies

2711 3641 3128 3717 quaestorem
3153 3633 3613 3701 Genevensem
3649 3657 3845 3720 quem
3881 3637 4077 3704 audio
4112 3640 4302 3707 brevi
4341 3643 4508 3710 istac
4550 3645 4685 3711 iter

2715 3720 3060 3785 facturum.
3082 3719 3135 3805 ³)
3200 3721 3495 3787 Mittitur
3539 3722 3717 3787 enim
3753 3724 4091 3790 Basileam
4135 3746 4210 3792 ac
4254 3727 4489 3793 eadem
4523 3750 4683 3814 pro·

2711 3807 2990 3872 fectione
3034 3805 3325 3871 Bernam
3371 3815 3439 3873 et
3481 3808 3804 3893 Tigurum
3864 3812 4470 3880 communicaturus
4529 3838 4683 3883 cum

2710 3891 2844 3957 illis
2888 3891 3177 3957 ecclesiis
3222 3891 3303 3958 de
3347 3914 3545 3960 causa
3593 3891 3847 3961 Servati.
3936 3897 4085 3962 Non
4147 3898 4432 3964 arbitror
4490 3902 4685 3968 illum

2713 3978 3148 4042 transiturum
3191 3999 3297 4044 me
3342 4001 3470 4044 non
3518 3977 3849 4046 admonito
3866 4033 3883 4060 ,
3947 3983 4073 4048 nisi
4134 3983 4191 4049 si
4232 4005 4486 4051 morem
4531 4009 4684 4054 mu-

2712 4063 2875 4128 tarit
2915 4069 3031 4127 aut
3075 4063 3205 4128 alia
3249 4065 3358 4130 via
3400 4066 3727 4148 profectus
3771 4068 3874 4131 sit.
3964 4066 4176 4152 Spero
4212 4068 4294 4134 ab
4333 4071 4447 4137 illo
4492 4074 4684 4140 audi-

2713 4155 2942 4214 turum
2988 4170 3095 4213 me
3146 4150 3369 4215 omnia
3423 4151 3503 4217 de
3561 4158 3741 4216 statu
3785 4153 4115 4220 ecclesiae.
4207 4157 4380 4221 'rum
4425 4160 4482 4224 si
4525 4182 4681 4227 sen-

2641 4280 2660 4293 ..
2716 4256 2861 4300 sero
2906 4254 3122 4299 meam
3164 4238 3605 4317 praesentiam
3663 4237 3909 4321 aliquid
3970 4240 4321 4308 allaturam
4365 4244 4681 4313 utilitatis

2716 4341 2862 4387 eam
2906 4342 3040 4385 non
3094 4322 3310 4405 patiar
3367 4321 3723 4389 desiderari
3779 4360 4678 4380 -------

2885 4492 3286 4558 Lausannae
3331 4497 3387 4556 9.
3434 4491 3767 4576 Septemb.
3824 4501 4001 4563 1553.

3779 4634 3964 4699 Tuus
4008 4636 4252 4702 Petrus
4296 4636 4586 4707 Viretus.

2889 4902 2977 4970 10)
3016 4902 3170 4956 Alter
3207 4902 3608 4961 Mai-saeorum.
3682 4905 3853 4971 (Hi-et.
3891 4908 3944 4963 d.
3983 4907 4186 4977 Mart.)

2710 4971 2888 5027 1794.
2919 4973 2974 5037 l)
3013 4969 3090 5025 N.
3128 4969 3281 5025 1791.

2916 5040 2979 5104 2)
3017 5039 3157 5096 Fuit
3190 5041 3394 5110 aliquio
3430 5041 3549 5095 Ich.
3596 5044 3797 5097 cousin
3843 5045 4095 5099 minister
4142 5048 4204 5101 in
4251 5064 4385 5117 ayro
4434 5049 4674 5104 Vadenei

2710 5115 2842 5165 teste
2875 5109 3150 5177 Herminj.
3183 5109 3274 5162 IV.
3309 5110 3426 5164 230.
3484 5109 3641 5165 Idem
3677 5127 3869 5167 nomen
3903 5114 4083 5182 legisti
4098 5115 4174 5170 N.
4198 5114 4283 5170 56.
4340 5118 4668 5185 Paterniaei,

2713 5180 2810 5234 ubi
2853 5179 3070 5233 Viretus
3103 5194 3314 5248 quoque
3348 5180 3703 5235 concionatus
3730 5181 3944 5249 fuerat,
3993 5184 4316 5250 reformatio
4352 5191 4491 5242 satie
4524 5187 4667 5253 dtffi-

2712 5249 2880 5303 ωηεν
2911 5249 3214 5381 {gagetas
3246 5317 3352 5371 iter
3384 5316 3665 5386 ingressae
3699 5321 3790 5370 est.
3871 5319 4008 5374 Vide
4039 5320 4211 5386 infra.
