<?xml version="1.0" encoding="UTF-8"?>
<!DOCTYPE html PUBLIC "-//W3C//DTD XHTML 1.0 Transitional//EN"
    "http://www.w3.org/TR/xhtml1/DTD/xhtml1-transitional.dtd">
<html xmlns="http://www.w3.org/1999/xhtml" xml:lang="en" lang="en">
 <head>
  <title>
</title>
<meta http-equiv="Content-Type" content="text/html;charset=utf-8" />
  <meta name='ocr-system' content='tesseract 3.04.00' />
  <meta name='ocr-capabilities' content='ocr_page ocr_carea ocr_par ocr_line ocrx_word'/>
</head>
<body>
  <div class='ocr_page' id='page_1' title='image "./ioanniscalvinio03unkngoog_0250.png"; bbox 0 0 4900 6167; ppageno 0'>
   <div class='ocr_carea' id='block_1_1' title="bbox 693 435 815 494">
    <p class='ocr_par' dir='ltr' id='par_1_1' title="bbox 693 435 815 494">
     <span class='ocr_line' id='line_1_1' title="bbox 693 435 815 494; baseline 0 0"><span class='ocrx_word' id='word_1_1' title='bbox 693 435 815 494; x_wconf 80' lang='grc'>471</span> 
     </span>
    </p>
   </div>
   <div class='ocr_carea' id='block_1_2' title="bbox 687 618 2643 1735">
    <p class='ocr_par' dir='ltr' id='par_1_2' title="bbox 687 618 2643 1735">
     <span class='ocr_line' id='line_1_2' title="bbox 687 618 2638 704; baseline -0.003 -15"><span class='ocrx_word' id='word_1_2' title='bbox 687 623 804 689; x_wconf 80' lang='lat' dir='ltr'>vie</span> <span class='ocrx_word' id='word_1_3' title='bbox 840 622 966 688; x_wconf 91' lang='lat' dir='ltr'>soit</span> <span class='ocrx_word' id='word_1_4' title='bbox 999 641 1084 687; x_wconf 91' lang='lat' dir='ltr'>en</span> <span class='ocrx_word' id='word_1_5' title='bbox 1122 640 1237 686; x_wconf 91' lang='lat' dir='ltr'>vos</span> <span class='ocrx_word' id='word_1_6' title='bbox 1270 620 1504 699; x_wconf 89' lang='lat' dir='ltr'>mains,</span> <span class='ocrx_word' id='word_1_7' title='bbox 1549 639 1719 704; x_wconf 87' lang='lat' dir='ltr'>pour</span> <span class='ocrx_word' id='word_1_8' title='bbox 1749 619 1816 686; x_wconf 90' lang='lat' dir='ltr'>la</span> <span class='ocrx_word' id='word_1_9' title='bbox 1849 619 2098 704; x_wconf 90' lang='lat' dir='ltr'>quitter</span> <span class='ocrx_word' id='word_1_10' title='bbox 2132 626 2386 687; x_wconf 74' lang='lat' dir='ltr'>atoute</span> <span class='ocrx_word' id='word_1_11' title='bbox 2412 618 2638 684; x_wconf 90' lang='lat' dir='ltr'>heure.</span> 
     </span>
     <span class='ocr_line' id='line_1_3' title="bbox 689 705 2640 792; baseline -0.002 -18"><span class='ocrx_word' id='word_1_12' title='bbox 689 708 786 774; x_wconf 84' lang='lat' dir='ltr'>Et</span> <span class='ocrx_word' id='word_1_13' title='bbox 824 708 974 792; x_wconf 86' lang='lat' dir='ltr'>puis</span> <span class='ocrx_word' id='word_1_14' title='bbox 1031 706 1188 790; x_wconf 86' lang='lat' dir='ltr'>qu&#39;il</span> <span class='ocrx_word' id='word_1_15' title='bbox 1247 705 1549 791; x_wconf 82' lang='lat' dir='ltr'>employe</span> <span class='ocrx_word' id='word_1_16' title='bbox 1604 713 1825 772; x_wconf 88' lang='lat' dir='ltr'>vostre</span> <span class='ocrx_word' id='word_1_17' title='bbox 1878 706 1984 772; x_wconf 89' lang='lat' dir='ltr'>vie</span> <span class='ocrx_word' id='word_1_18' title='bbox 2044 713 2087 772; x_wconf 76' lang='lat' dir='ltr'>a</span> <span class='ocrx_word' id='word_1_19' title='bbox 2142 726 2274 771; x_wconf 89' lang='lat' dir='ltr'>une</span> <span class='ocrx_word' id='word_1_20' title='bbox 2331 724 2528 771; x_wconf 88' lang='lat' dir='ltr'>cause</span> <span class='ocrx_word' id='word_1_21' title='bbox 2584 705 2640 771; x_wconf 92' lang='lat' dir='ltr'>si</span> 
     </span>
     <span class='ocr_line' id='line_1_4' title="bbox 687 790 2639 878; baseline -0.002 -18"><span class='ocrx_word' id='word_1_22' title='bbox 687 794 891 878; x_wconf 84' lang='lat' dir='ltr'>digne</span> <span class='ocrx_word' id='word_1_23' title='bbox 934 797 1145 877; x_wconf 88' lang='lat' dir='ltr'>qu’est</span> <span class='ocrx_word' id='word_1_24' title='bbox 1187 791 1250 857; x_wconf 92' lang='lat' dir='ltr'>le</span> <span class='ocrx_word' id='word_1_25' title='bbox 1288 791 1739 878; x_wconf 86' lang='lat' dir='ltr'>tesmoignage</span> <span class='ocrx_word' id='word_1_26' title='bbox 1762 790 1842 858; x_wconf 87' lang='lat' dir='ltr'>de</span> <span class='ocrx_word' id='word_1_27' title='bbox 1865 793 2099 858; x_wconf 79' lang='lat' dir='ltr'>l&#39;Evan</span> <span class='ocrx_word' id='word_1_28' title='bbox 2151 791 2165 805; x_wconf 86' lang='lat'>‘</span> <span class='ocrx_word' id='word_1_29' title='bbox 2197 813 2253 871; x_wconf 93' lang='lat' dir='ltr'>e,</span> <span class='ocrx_word' id='word_1_30' title='bbox 2297 812 2383 857; x_wconf 90' lang='lat' dir='ltr'>ne</span> <span class='ocrx_word' id='word_1_31' title='bbox 2406 790 2639 857; x_wconf 76' lang='lat' dir='ltr'>doutez</span> 
     </span>
     <span class='ocr_line' id='line_1_5' title="bbox 688 878 2643 964; baseline -0.002 -20"><span class='ocrx_word' id='word_1_32' title='bbox 688 898 812 964; x_wconf 87' lang='lat' dir='ltr'>pas</span> <span class='ocrx_word' id='word_1_33' title='bbox 865 878 1100 963; x_wconf 87' lang='lat' dir='ltr'>qu&#39;elle</span> <span class='ocrx_word' id='word_1_34' title='bbox 1153 899 1239 943; x_wconf 92' lang='lat' dir='ltr'>ne</span> <span class='ocrx_word' id='word_1_35' title='bbox 1294 878 1390 943; x_wconf 90' lang='lat' dir='ltr'>lui</span> <span class='ocrx_word' id='word_1_36' title='bbox 1455 879 1583 944; x_wconf 91' lang='lat' dir='ltr'>soit</span> <span class='ocrx_word' id='word_1_37' title='bbox 1649 878 2005 961; x_wconf 89' lang='lat' dir='ltr'>precieuse.</span> <span class='ocrx_word' id='word_1_38' title='bbox 2170 897 2207 941; x_wconf 92' lang='lat' dir='ltr'>e</span> <span class='ocrx_word' id='word_1_39' title='bbox 2271 885 2484 960; x_wconf 87' lang='lat' dir='ltr'>temps</span> <span class='ocrx_word' id='word_1_40' title='bbox 2541 882 2643 943; x_wconf 92' lang='lat' dir='ltr'>est</span> 
     </span>
     <span class='ocr_line' id='line_1_6' title="bbox 690 963 2641 1048; baseline -0.002 -17"><span class='ocrx_word' id='word_1_41' title='bbox 690 964 1010 1048; x_wconf 89' lang='lat' dir='ltr'>prochain</span> <span class='ocrx_word' id='word_1_42' title='bbox 1052 983 1177 1048; x_wconf 90' lang='lat' dir='ltr'>que</span> <span class='ocrx_word' id='word_1_43' title='bbox 1221 963 1288 1030; x_wconf 91' lang='lat' dir='ltr'>la</span> <span class='ocrx_word' id='word_1_44' title='bbox 1330 971 1504 1029; x_wconf 90' lang='lat' dir='ltr'>terre</span> <span class='ocrx_word' id='word_1_45' title='bbox 1548 963 1968 1031; x_wconf 88' lang='lat' dir='ltr'>descouvrira</span> <span class='ocrx_word' id='word_1_46' title='bbox 2009 963 2073 1030; x_wconf 94' lang='lat' dir='ltr'>le</span> <span class='ocrx_word' id='word_1_47' title='bbox 2116 983 2282 1047; x_wconf 90' lang='lat' dir='ltr'>sang</span> <span class='ocrx_word' id='word_1_48' title='bbox 2326 964 2438 1047; x_wconf 90' lang='lat' dir='ltr'>qui</span> <span class='ocrx_word' id='word_1_49' title='bbox 2481 982 2641 1028; x_wconf 88' lang='lat' dir='ltr'>aura</span> 
     </span>
     <span class='ocr_line' id='line_1_7' title="bbox 694 1048 2639 1134; baseline -0.002 -17"><span class='ocrx_word' id='word_1_50' title='bbox 694 1059 835 1117; x_wconf 84' lang='lat' dir='ltr'>este</span> <span class='ocrx_word' id='word_1_51' title='bbox 879 1050 1097 1130; x_wconf 85' lang='lat' dir='ltr'>cache,</span> <span class='ocrx_word' id='word_1_52' title='bbox 1142 1056 1210 1115; x_wconf 92' lang='lat' dir='ltr'>et</span> <span class='ocrx_word' id='word_1_53' title='bbox 1253 1070 1382 1133; x_wconf 87' lang='lat' dir='ltr'>que</span> <span class='ocrx_word' id='word_1_54' title='bbox 1424 1069 1594 1116; x_wconf 90' lang='lat' dir='ltr'>nous</span> <span class='ocrx_word' id='word_1_55' title='bbox 1610 1100 1628 1130; x_wconf 87' lang='lat'>,</span> <span class='ocrx_word' id='word_1_56' title='bbox 1673 1070 1864 1134; x_wconf 91' lang='lat' dir='ltr'>apres</span> <span class='ocrx_word' id='word_1_57' title='bbox 1907 1050 2092 1116; x_wconf 91' lang='lat' dir='ltr'>avoir</span> <span class='ocrx_word' id='word_1_58' title='bbox 2134 1056 2270 1116; x_wconf 84' lang='lat' dir='ltr'>este</span> <span class='ocrx_word' id='word_1_59' title='bbox 2314 1048 2639 1132; x_wconf 89' lang='lat' dir='ltr'>despouil-</span> 
     </span>
     <span class='ocr_line' id='line_1_8' title="bbox 693 1133 2639 1221; baseline -0.002 -19"><span class='ocrx_word' id='word_1_60' title='bbox 693 1137 791 1202; x_wconf 76' lang='lat' dir='ltr'>lez</span> <span class='ocrx_word' id='word_1_61' title='bbox 827 1133 907 1203; x_wconf 88' lang='lat' dir='ltr'>de</span> <span class='ocrx_word' id='word_1_62' title='bbox 940 1155 1047 1201; x_wconf 91' lang='lat' dir='ltr'>ces</span> <span class='ocrx_word' id='word_1_63' title='bbox 1080 1154 1269 1220; x_wconf 90' lang='lat' dir='ltr'>corps</span> <span class='ocrx_word' id='word_1_64' title='bbox 1302 1133 1650 1219; x_wconf 90' lang='lat' dir='ltr'>caduques,</span> <span class='ocrx_word' id='word_1_65' title='bbox 1694 1157 1920 1202; x_wconf 86' lang='lat' dir='ltr'>serens</span> <span class='ocrx_word' id='word_1_66' title='bbox 1951 1135 2351 1221; x_wconf 90' lang='lat' dir='ltr'>pleinement</span> <span class='ocrx_word' id='word_1_67' title='bbox 2383 1146 2639 1200; x_wconf 88' lang='lat' dir='ltr'>restau-</span> 
     </span>
     <span class='ocr_line' id='line_1_9' title="bbox 692 1219 2639 1306; baseline -0.002 -17"><span class='ocrx_word' id='word_1_68' title='bbox 692 1243 820 1289; x_wconf 84' lang='lat' dir='ltr'>rez.</span> <span class='ocrx_word' id='word_1_69' title='bbox 907 1220 1001 1288; x_wconf 87' lang='lat' dir='ltr'>Oe</span> <span class='ocrx_word' id='word_1_70' title='bbox 1049 1219 1297 1288; x_wconf 87' lang='lat' dir='ltr'>endant</span> <span class='ocrx_word' id='word_1_71' title='bbox 1350 1241 1477 1304; x_wconf 91' lang='lat' dir='ltr'>que</span> <span class='ocrx_word' id='word_1_72' title='bbox 1519 1241 1638 1304; x_wconf 90' lang='lat' dir='ltr'>par</span> <span class='ocrx_word' id='word_1_73' title='bbox 1694 1230 1918 1287; x_wconf 90' lang='lat' dir='ltr'>nostre</span> <span class='ocrx_word' id='word_1_74' title='bbox 1979 1219 2301 1306; x_wconf 88' lang='lat' dir='ltr'>opprobre</span> <span class='ocrx_word' id='word_1_75' title='bbox 2361 1220 2423 1286; x_wconf 93' lang='lat' dir='ltr'>le</span> <span class='ocrx_word' id='word_1_76' title='bbox 2468 1219 2639 1286; x_wconf 90' lang='lat' dir='ltr'>Nom</span> 
     </span>
     <span class='ocr_line' id='line_1_10' title="bbox 692 1243 2639 1392; baseline -0.001 -19"><span class='ocrx_word' id='word_1_77' title='bbox 692 1307 784 1374; x_wconf 90' lang='lat' dir='ltr'>du</span> <span class='ocrx_word' id='word_1_78' title='bbox 818 1306 962 1374; x_wconf 82' lang='lat' dir='ltr'>Fils</span> <span class='ocrx_word' id='word_1_79' title='bbox 1002 1243 1086 1373; x_wconf 60' lang='lat' dir='ltr'>ge</span> <span class='ocrx_word' id='word_1_80' title='bbox 1105 1308 1281 1373; x_wconf 91' lang='lat' dir='ltr'>Dieu</span> <span class='ocrx_word' id='word_1_81' title='bbox 1323 1306 1451 1373; x_wconf 93' lang='lat' dir='ltr'>soit</span> <span class='ocrx_word' id='word_1_82' title='bbox 1493 1307 1763 1392; x_wconf 82' lang='lat' dir='ltr'>glorifie,</span> <span class='ocrx_word' id='word_1_83' title='bbox 1808 1317 1875 1373; x_wconf 89' lang='lat' dir='ltr'>et</span> <span class='ocrx_word' id='word_1_84' title='bbox 1917 1328 2081 1373; x_wconf 90' lang='lat' dir='ltr'>nous</span> <span class='ocrx_word' id='word_1_85' title='bbox 2126 1314 2513 1373; x_wconf 73' lang='lat' dir='ltr'>contentane</span> <span class='ocrx_word' id='word_1_86' title='bbox 2560 1305 2639 1372; x_wconf 94' lang='lat' dir='ltr'>de</span> 
     </span>
     <span class='ocr_line' id='line_1_11' title="bbox 692 1392 2638 1479; baseline -0.002 -18"><span class='ocrx_word' id='word_1_87' title='bbox 692 1414 770 1461; x_wconf 93' lang='lat' dir='ltr'>ce</span> <span class='ocrx_word' id='word_1_88' title='bbox 803 1394 1271 1479; x_wconf 86' lang='lat' dir='ltr'>tesmoignage,</span> <span class='ocrx_word' id='word_1_89' title='bbox 1314 1392 1423 1477; x_wconf 91' lang='lat' dir='ltr'>qui</span> <span class='ocrx_word' id='word_1_90' title='bbox 1461 1413 1627 1458; x_wconf 88' lang='lat' dir='ltr'>nous</span> <span class='ocrx_word' id='word_1_91' title='bbox 1662 1399 1763 1460; x_wconf 87' lang='lat' dir='ltr'>est</span> <span class='ocrx_word' id='word_1_92' title='bbox 1796 1392 1946 1458; x_wconf 89' lang='lat' dir='ltr'>bien</span> <span class='ocrx_word' id='word_1_93' title='bbox 1983 1401 2262 1472; x_wconf 82' lang='lat' dir='ltr'>asseure‚</span> <span class='ocrx_word' id='word_1_94' title='bbox 2309 1414 2436 1476; x_wconf 90' lang='lat' dir='ltr'>que</span> <span class='ocrx_word' id='word_1_95' title='bbox 2469 1412 2638 1458; x_wconf 88' lang='lat' dir='ltr'>nous</span> 
     </span>
     <span class='ocr_line' id='line_1_12' title="bbox 692 1479 2639 1564; baseline -0.002 -17"><span class='ocrx_word' id='word_1_96' title='bbox 692 1501 780 1547; x_wconf 91' lang='lat' dir='ltr'>ne</span> <span class='ocrx_word' id='word_1_97' title='bbox 851 1499 1132 1546; x_wconf 88' lang='lat' dir='ltr'>sommes</span> <span class='ocrx_word' id='word_1_98' title='bbox 1199 1485 1574 1564; x_wconf 80' lang='lat' dir='ltr'>persecutez</span> <span class='ocrx_word' id='word_1_99' title='bbox 1642 1499 1728 1545; x_wconf 90' lang='lat' dir='ltr'>ne</span> <span class='ocrx_word' id='word_1_100' title='bbox 1793 1479 2075 1545; x_wconf 87' lang='lat' dir='ltr'>blasmez</span> <span class='ocrx_word' id='word_1_101' title='bbox 2132 1479 2324 1544; x_wconf 91' lang='lat' dir='ltr'>sinon</span> <span class='ocrx_word' id='word_1_102' title='bbox 2397 1498 2639 1564; x_wconf 89' lang='lat' dir='ltr'>pource</span> 
     </span>
     <span class='ocr_line' id='line_1_13' title="bbox 690 1563 2639 1651; baseline -0.001 -19"><span class='ocrx_word' id='word_1_103' title='bbox 690 1586 819 1651; x_wconf 90' lang='lat' dir='ltr'>que</span> <span class='ocrx_word' id='word_1_104' title='bbox 863 1585 1030 1631; x_wconf 90' lang='lat' dir='ltr'>nous</span> <span class='ocrx_word' id='word_1_105' title='bbox 1071 1585 1378 1648; x_wconf 88' lang='lat' dir='ltr'>esperons</span> <span class='ocrx_word' id='word_1_106' title='bbox 1432 1585 1515 1630; x_wconf 91' lang='lat' dir='ltr'>au</span> <span class='ocrx_word' id='word_1_107' title='bbox 1557 1563 1735 1631; x_wconf 89' lang='lat' dir='ltr'>Dieu</span> <span class='ocrx_word' id='word_1_108' title='bbox 1775 1565 2023 1631; x_wconf 88' lang='lat' dir='ltr'>vivant.</span> <span class='ocrx_word' id='word_1_109' title='bbox 2113 1565 2222 1630; x_wconf 86' lang='lat' dir='ltr'>En</span> <span class='ocrx_word' id='word_1_110' title='bbox 2278 1563 2415 1631; x_wconf 89' lang='lat' dir='ltr'>cela</span> <span class='ocrx_word' id='word_1_111' title='bbox 2472 1584 2639 1630; x_wconf 85' lang='lat' dir='ltr'>nous</span> 
     </span>
     <span class='ocr_line' id='line_1_14' title="bbox 698 1649 2636 1735; baseline -0.002 -17"><span class='ocrx_word' id='word_1_112' title='bbox 698 1671 905 1720; x_wconf 89' lang='lat' dir='ltr'>avons</span> <span class='ocrx_word' id='word_1_113' title='bbox 950 1649 1182 1735; x_wconf 88' lang='lat' dir='ltr'>dequoi</span> <span class='ocrx_word' id='word_1_114' title='bbox 1228 1649 1514 1734; x_wconf 88' lang='lat' dir='ltr'>despiter</span> <span class='ocrx_word' id='word_1_115' title='bbox 1567 1658 1714 1716; x_wconf 89' lang='lat' dir='ltr'>tout</span> <span class='ocrx_word' id='word_1_116' title='bbox 1769 1650 1830 1716; x_wconf 89' lang='lat' dir='ltr'>le</span> <span class='ocrx_word' id='word_1_117' title='bbox 1885 1650 2120 1716; x_wconf 89' lang='lat' dir='ltr'>monde</span> <span class='ocrx_word' id='word_1_118' title='bbox 2167 1671 2326 1718; x_wconf 90' lang='lat' dir='ltr'>avec</span> <span class='ocrx_word' id='word_1_119' title='bbox 2370 1670 2488 1716; x_wconf 93' lang='lat' dir='ltr'>son</span> <span class='ocrx_word' id='word_1_120' title='bbox 2533 1671 2636 1715; x_wconf 88' lang='lat' dir='ltr'>or·</span> 
     </span>
    </p>
   </div>
   <div class='ocr_carea' id='block_1_3' title="bbox 693 1735 2699 1831">
    <p class='ocr_par' dir='ltr' id='par_1_3' title="bbox 693 1735 2699 1831">
     <span class='ocr_line' id='line_1_15' title="bbox 693 1735 2699 1831; baseline -0 -28"><span class='ocrx_word' id='word_1_121' title='bbox 693 1737 890 1824; x_wconf 86' lang='lat' dir='ltr'>gueil,</span> <span class='ocrx_word' id='word_1_122' title='bbox 933 1737 1197 1822; x_wconf 87' lang='lat' dir='ltr'>iusques</span> <span class='ocrx_word' id='word_1_123' title='bbox 1241 1743 1283 1802; x_wconf 77' lang='lat' dir='ltr'>a</span> <span class='ocrx_word' id='word_1_124' title='bbox 1324 1756 1398 1804; x_wconf 86' lang='lat' dir='ltr'>ce</span> <span class='ocrx_word' id='word_1_125' title='bbox 1441 1756 1565 1820; x_wconf 90' lang='lat' dir='ltr'>que</span> <span class='ocrx_word' id='word_1_126' title='bbox 1600 1756 1767 1802; x_wconf 90' lang='lat' dir='ltr'>nous</span> <span class='ocrx_word' id='word_1_127' title='bbox 1806 1757 2042 1822; x_wconf 75' lang='lat' dir='ltr'>soyons</span> <span class='ocrx_word' id='word_1_128' title='bbox 2079 1735 2401 1803; x_wconf 90' lang='lat' dir='ltr'>recueillis</span> <span class='ocrx_word' id='word_1_129' title='bbox 2443 1756 2529 1801; x_wconf 90' lang='lat' dir='ltr'>en</span> <span class='ocrx_word' id='word_1_130' title='bbox 2565 1757 2638 1802; x_wconf 92' lang='lat' dir='ltr'>ce</span> <span class='ocrx_word' id='word_1_131' title='bbox 2693 1807 2699 1831; x_wconf 22' lang='grc' dir='ltr'><strong><em>Β</em></strong></span> 
     </span>
    </p>
   </div>
   <div class='ocr_carea' id='block_1_4' title="bbox 691 1821 2647 3110">
    <p class='ocr_par' dir='ltr' id='par_1_4' title="bbox 691 1821 2647 3110">
     <span class='ocr_line' id='line_1_16' title="bbox 691 1821 2640 1910; baseline -0.001 -21"><span class='ocrx_word' id='word_1_132' title='bbox 691 1843 1007 1910; x_wconf 80' lang='lat' dir='ltr'>royaume</span> <span class='ocrx_word' id='word_1_133' title='bbox 1049 1821 1326 1902; x_wconf 90' lang='lat' dir='ltr'>eternel,</span> <span class='ocrx_word' id='word_1_134' title='bbox 1385 1822 1619 1907; x_wconf 90' lang='lat' dir='ltr'>auquel</span> <span class='ocrx_word' id='word_1_135' title='bbox 1675 1842 1843 1888; x_wconf 91' lang='lat' dir='ltr'>nous</span> <span class='ocrx_word' id='word_1_136' title='bbox 1885 1823 2194 1907; x_wconf 76' lang='lat' dir='ltr'>iouyrons</span> <span class='ocrx_word' id='word_1_137' title='bbox 2236 1822 2640 1907; x_wconf 89' lang='lat' dir='ltr'>pleinement</span> 
     </span>
     <span class='ocr_line' id='line_1_17' title="bbox 693 1906 2636 1993; baseline -0.001 -19"><span class='ocrx_word' id='word_1_138' title='bbox 693 1909 810 1976; x_wconf 89' lang='lat' dir='ltr'>des</span> <span class='ocrx_word' id='word_1_139' title='bbox 851 1909 1038 1975; x_wconf 90' lang='lat' dir='ltr'>biens</span> <span class='ocrx_word' id='word_1_140' title='bbox 1072 1930 1198 1992; x_wconf 89' lang='lat' dir='ltr'>que</span> <span class='ocrx_word' id='word_1_141' title='bbox 1232 1929 1396 1974; x_wconf 89' lang='lat' dir='ltr'>nous</span> <span class='ocrx_word' id='word_1_142' title='bbox 1430 1929 1514 1973; x_wconf 91' lang='lat' dir='ltr'>ne</span> <span class='ocrx_word' id='word_1_143' title='bbox 1550 1906 1900 1992; x_wconf 90' lang='lat' dir='ltr'>possedons</span> <span class='ocrx_word' id='word_1_144' title='bbox 1943 1928 2068 1992; x_wconf 91' lang='lat' dir='ltr'>que</span> <span class='ocrx_word' id='word_1_145' title='bbox 2107 1928 2227 1993; x_wconf 88' lang='lat' dir='ltr'>par</span> <span class='ocrx_word' id='word_1_146' title='bbox 2268 1927 2636 1992; x_wconf 88' lang='lat' dir='ltr'>esperance.</span> 
     </span>
     <span class='ocr_line' id='line_1_18' title="bbox 869 1992 2639 2078; baseline -0.001 -19"><span class='ocrx_word' id='word_1_147' title='bbox 869 1994 1005 2061; x_wconf 83' lang='lat' dir='ltr'>Mes</span> <span class='ocrx_word' id='word_1_148' title='bbox 1048 1995 1269 2073; x_wconf 86' lang='lat' dir='ltr'>freres,</span> <span class='ocrx_word' id='word_1_149' title='bbox 1315 2014 1506 2078; x_wconf 90' lang='lat' dir='ltr'>apres</span> <span class='ocrx_word' id='word_1_150' title='bbox 1548 1997 1810 2060; x_wconf 89' lang='lat' dir='ltr'>m’estre</span> <span class='ocrx_word' id='word_1_151' title='bbox 1855 1992 1937 2060; x_wconf 91' lang='lat' dir='ltr'>de</span> <span class='ocrx_word' id='word_1_152' title='bbox 1981 1992 2107 2059; x_wconf 91' lang='lat' dir='ltr'>bon</span> <span class='ocrx_word' id='word_1_153' title='bbox 2152 2014 2348 2060; x_wconf 90' lang='lat' dir='ltr'>coeur</span> <span class='ocrx_word' id='word_1_154' title='bbox 2389 2013 2639 2060; x_wconf 87' lang='lat' dir='ltr'>recom-</span> 
     </span>
     <span class='ocr_line' id='line_1_19' title="bbox 695 2079 2638 2163; baseline 0 -18"><span class='ocrx_word' id='word_1_155' title='bbox 695 2079 938 2146; x_wconf 82' lang='lat' dir='ltr'>mande</span> <span class='ocrx_word' id='word_1_156' title='bbox 979 2087 1021 2146; x_wconf 75' lang='lat' dir='ltr'>a</span> <span class='ocrx_word' id='word_1_157' title='bbox 1060 2101 1180 2147; x_wconf 90' lang='lat' dir='ltr'>vos</span> <span class='ocrx_word' id='word_1_158' title='bbox 1213 2081 1485 2163; x_wconf 78' lang='lat' dir='ltr'>priores,</span> <span class='ocrx_word' id='word_1_159' title='bbox 1529 2080 1592 2146; x_wconf 91' lang='lat' dir='ltr'>ie</span> <span class='ocrx_word' id='word_1_160' title='bbox 1627 2080 1984 2163; x_wconf 88' lang='lat' dir='ltr'>supplierai</span> <span class='ocrx_word' id='word_1_161' title='bbox 2017 2090 2239 2145; x_wconf 93' lang='lat' dir='ltr'>nostre</span> <span class='ocrx_word' id='word_1_162' title='bbox 2263 2080 2439 2147; x_wconf 87' lang='lat' dir='ltr'>Dieu</span> <span class='ocrx_word' id='word_1_163' title='bbox 2476 2100 2638 2147; x_wconf 89' lang='lat' dir='ltr'>vous</span> 
     </span>
     <span class='ocr_line' id='line_1_20' title="bbox 695 2164 2640 2251; baseline -0.001 -19"><span class='ocrx_word' id='word_1_164' title='bbox 695 2164 887 2232; x_wconf 88' lang='lat' dir='ltr'>avoir</span> <span class='ocrx_word' id='word_1_165' title='bbox 919 2187 1003 2231; x_wconf 90' lang='lat' dir='ltr'>en</span> <span class='ocrx_word' id='word_1_166' title='bbox 1039 2186 1112 2232; x_wconf 91' lang='lat' dir='ltr'>sa</span> <span class='ocrx_word' id='word_1_167' title='bbox 1154 2167 1401 2234; x_wconf 89' lang='lat' dir='ltr'>saincte</span> <span class='ocrx_word' id='word_1_168' title='bbox 1436 2166 1818 2251; x_wconf 83' lang='lat' dir='ltr'>protection,</span> <span class='ocrx_word' id='word_1_169' title='bbox 1864 2186 2025 2231; x_wconf 91' lang='lat' dir='ltr'>vous</span> <span class='ocrx_word' id='word_1_170' title='bbox 2060 2165 2334 2232; x_wconf 85' lang='lat' dir='ltr'>fortifier</span> <span class='ocrx_word' id='word_1_171' title='bbox 2368 2166 2447 2232; x_wconf 91' lang='lat' dir='ltr'>de</span> <span class='ocrx_word' id='word_1_172' title='bbox 2491 2169 2640 2250; x_wconf 87' lang='lat' dir='ltr'>plus</span> 
     </span>
     <span class='ocr_line' id='line_1_21' title="bbox 697 2251 2641 2337; baseline -0.001 -19"><span class='ocrx_word' id='word_1_173' title='bbox 697 2274 781 2318; x_wconf 92' lang='lat' dir='ltr'>en</span> <span class='ocrx_word' id='word_1_174' title='bbox 825 2251 973 2336; x_wconf 88' lang='lat' dir='ltr'>plus</span> <span class='ocrx_word' id='word_1_175' title='bbox 1021 2273 1105 2318; x_wconf 90' lang='lat' dir='ltr'>en</span> <span class='ocrx_word' id='word_1_176' title='bbox 1148 2272 1224 2317; x_wconf 87' lang='lat' dir='ltr'>sa</span> <span class='ocrx_word' id='word_1_177' title='bbox 1265 2259 1458 2318; x_wconf 90' lang='lat' dir='ltr'>vertu</span> <span class='ocrx_word' id='word_1_178' title='bbox 1501 2263 1569 2316; x_wconf 91' lang='lat' dir='ltr'>et</span> <span class='ocrx_word' id='word_1_179' title='bbox 1609 2272 1777 2317; x_wconf 91' lang='lat' dir='ltr'>vous</span> <span class='ocrx_word' id='word_1_180' title='bbox 1833 2252 1994 2317; x_wconf 86' lang='lat' dir='ltr'>faire</span> <span class='ocrx_word' id='word_1_181' title='bbox 2051 2253 2256 2318; x_wconf 88' lang='lat' dir='ltr'>sentir</span> <span class='ocrx_word' id='word_1_182' title='bbox 2299 2252 2451 2337; x_wconf 91' lang='lat' dir='ltr'>quel</span> <span class='ocrx_word' id='word_1_183' title='bbox 2497 2252 2641 2319; x_wconf 90' lang='lat' dir='ltr'>scin</span> 
     </span>
     <span class='ocr_line' id='line_1_22' title="bbox 694 2337 2642 2422; baseline -0.001 -19"><span class='ocrx_word' id='word_1_184' title='bbox 694 2338 746 2403; x_wconf 91' lang='lat' dir='ltr'>il</span> <span class='ocrx_word' id='word_1_185' title='bbox 792 2357 833 2403; x_wconf 89' lang='lat' dir='ltr'>a</span> <span class='ocrx_word' id='word_1_186' title='bbox 873 2337 953 2404; x_wconf 91' lang='lat' dir='ltr'>de</span> <span class='ocrx_word' id='word_1_187' title='bbox 998 2344 1216 2404; x_wconf 88' lang='lat' dir='ltr'>vostre</span> <span class='ocrx_word' id='word_1_188' title='bbox 1259 2337 1458 2405; x_wconf 87' lang='lat' dir='ltr'>salut:</span> <span class='ocrx_word' id='word_1_189' title='bbox 1506 2344 1572 2401; x_wconf 92' lang='lat' dir='ltr'>et</span> <span class='ocrx_word' id='word_1_190' title='bbox 1605 2345 1992 2422; x_wconf 86' lang='lat' dir='ltr'>augmenter</span> <span class='ocrx_word' id='word_1_191' title='bbox 2027 2359 2111 2403; x_wconf 91' lang='lat' dir='ltr'>en</span> <span class='ocrx_word' id='word_1_192' title='bbox 2147 2358 2309 2404; x_wconf 89' lang='lat' dir='ltr'>vous</span> <span class='ocrx_word' id='word_1_193' title='bbox 2344 2338 2440 2404; x_wconf 90' lang='lat' dir='ltr'>les</span> <span class='ocrx_word' id='word_1_194' title='bbox 2478 2338 2642 2403; x_wconf 88' lang='lat' dir='ltr'>dons</span> 
     </span>
     <span class='ocr_line' id='line_1_23' title="bbox 695 2422 2643 2509; baseline 0 -21"><span class='ocrx_word' id='word_1_195' title='bbox 695 2424 777 2490; x_wconf 90' lang='lat' dir='ltr'>de</span> <span class='ocrx_word' id='word_1_196' title='bbox 835 2444 954 2490; x_wconf 87' lang='lat' dir='ltr'>son</span> <span class='ocrx_word' id='word_1_197' title='bbox 1012 2423 1264 2507; x_wconf 88' lang='lat' dir='ltr'>Esprit,</span> <span class='ocrx_word' id='word_1_198' title='bbox 1323 2443 1487 2507; x_wconf 88' lang='lat' dir='ltr'>pour</span> <span class='ocrx_word' id='word_1_199' title='bbox 1552 2422 1647 2488; x_wconf 92' lang='lat' dir='ltr'>les</span> <span class='ocrx_word' id='word_1_200' title='bbox 1703 2423 1865 2489; x_wconf 89' lang='lat' dir='ltr'>faire</span> <span class='ocrx_word' id='word_1_201' title='bbox 1931 2424 2142 2489; x_wconf 91' lang='lat' dir='ltr'>servir</span> <span class='ocrx_word' id='word_1_202' title='bbox 2213 2431 2255 2490; x_wconf 79' lang='lat' dir='ltr'>a</span> <span class='ocrx_word' id='word_1_203' title='bbox 2308 2444 2382 2489; x_wconf 89' lang='lat' dir='ltr'>sa</span> <span class='ocrx_word' id='word_1_204' title='bbox 2436 2422 2643 2509; x_wconf 90' lang='lat' dir='ltr'>gloire</span> 
     </span>
     <span class='ocr_line' id='line_1_24' title="bbox 695 2507 2646 2594; baseline 0 -19"><span class='ocrx_word' id='word_1_205' title='bbox 695 2511 968 2594; x_wconf 88' lang='lat' dir='ltr'>iusques</span> <span class='ocrx_word' id='word_1_206' title='bbox 1013 2516 1055 2575; x_wconf 80' lang='lat' dir='ltr'>a</span> <span class='ocrx_word' id='word_1_207' title='bbox 1095 2510 1162 2575; x_wconf 89' lang='lat' dir='ltr'>la</span> <span class='ocrx_word' id='word_1_208' title='bbox 1204 2510 1315 2575; x_wconf 90' lang='lat' dir='ltr'>fin.</span> <span class='ocrx_word' id='word_1_209' title='bbox 1345 2511 1398 2587; x_wconf 79' lang='grc'>1)</span> <span class='ocrx_word' id='word_1_210' title='bbox 1475 2507 1549 2574; x_wconf 91' lang='grc' dir='ltr'>Ῑο</span> <span class='ocrx_word' id='word_1_211' title='bbox 1593 2529 1677 2574; x_wconf 94' lang='lat' dir='ltr'>ne</span> <span class='ocrx_word' id='word_1_212' title='bbox 1720 2509 1805 2574; x_wconf 88' lang='lat' dir='ltr'>fai</span> <span class='ocrx_word' id='word_1_213' title='bbox 1849 2511 2037 2593; x_wconf 88' lang='lat' dir='ltr'>point</span> <span class='ocrx_word' id='word_1_214' title='bbox 2071 2530 2211 2576; x_wconf 91' lang='lat' dir='ltr'>mes</span> <span class='ocrx_word' id='word_1_215' title='bbox 2246 2529 2646 2577; x_wconf 87' lang='lat' dir='ltr'>recomman-</span> 
     </span>
     <span class='ocr_line' id='line_1_25' title="bbox 698 2593 2645 2680; baseline 0 -19"><span class='ocrx_word' id='word_1_216' title='bbox 698 2593 957 2661; x_wconf 88' lang='lat' dir='ltr'>dations</span> <span class='ocrx_word' id='word_1_217' title='bbox 1015 2615 1100 2660; x_wconf 92' lang='lat' dir='ltr'>en</span> <span class='ocrx_word' id='word_1_218' title='bbox 1153 2593 1534 2678; x_wconf 88' lang='lat' dir='ltr'>particulier</span> <span class='ocrx_word' id='word_1_219' title='bbox 1589 2602 1632 2660; x_wconf 75' lang='lat' dir='ltr'>a</span> <span class='ocrx_word' id='word_1_220' title='bbox 1688 2615 1808 2660; x_wconf 93' lang='lat' dir='ltr'>nos</span> <span class='ocrx_word' id='word_1_221' title='bbox 1864 2604 2087 2661; x_wconf 80' lang='lat' dir='ltr'><strong>autres</strong></span> <span class='ocrx_word' id='word_1_222' title='bbox 2140 2596 2345 2662; x_wconf 77' lang='lat' dir='ltr'><strong>freres</strong></span> <span class='ocrx_word' id='word_1_223' title='bbox 2404 2614 2645 2680; x_wconf 90' lang='lat' dir='ltr'>pource</span> 
     </span>
     <span class='ocr_line' id='line_1_26' title="bbox 740 2680 2640 2765; baseline 0 -19"><span class='ocrx_word' id='word_1_224' title='bbox 740 2701 825 2747; x_wconf 89' lang='lat' dir='ltr'>ue</span> <span class='ocrx_word' id='word_1_225' title='bbox 884 2681 944 2746; x_wconf 94' lang='lat' dir='ltr'>ie</span> <span class='ocrx_word' id='word_1_226' title='bbox 997 2682 1131 2747; x_wconf 90' lang='lat' dir='ltr'>croi</span> <span class='ocrx_word' id='word_1_227' title='bbox 1198 2701 1325 2765; x_wconf 91' lang='lat' dir='ltr'>que</span> <span class='ocrx_word' id='word_1_228' title='bbox 1382 2680 1446 2745; x_wconf 89' lang='lat' dir='ltr'>la</span> <span class='ocrx_word' id='word_1_229' title='bbox 1509 2691 1813 2763; x_wconf 77' lang='lat' dir='ltr'>presente</span> <span class='ocrx_word' id='word_1_230' title='bbox 1871 2680 2018 2747; x_wconf 89' lang='lat' dir='ltr'>leur</span> <span class='ocrx_word' id='word_1_231' title='bbox 2072 2702 2221 2748; x_wconf 89' lang='lat' dir='ltr'>sera</span> <span class='ocrx_word' id='word_1_232' title='bbox 2276 2702 2640 2748; x_wconf 89' lang='lat' dir='ltr'>commune.</span> 
     </span>
     <span class='ocr_line' id='line_1_27' title="bbox 736 2765 2643 2851; baseline 0.001 -20"><span class='ocrx_word' id='word_1_233' title='bbox 736 2768 909 2833; x_wconf 88' lang='lat' dir='ltr'>’avoi</span> <span class='ocrx_word' id='word_1_234' title='bbox 951 2766 1214 2851; x_wconf 90' lang='lat' dir='ltr'>iusques</span> <span class='ocrx_word' id='word_1_235' title='bbox 1257 2767 1341 2833; x_wconf 91' lang='lat' dir='ltr'>ici</span> <span class='ocrx_word' id='word_1_236' title='bbox 1377 2766 1604 2832; x_wconf 85' lang='lat' dir='ltr'>differe</span> <span class='ocrx_word' id='word_1_237' title='bbox 1648 2765 1728 2830; x_wconf 90' lang='lat' dir='ltr'>de</span> <span class='ocrx_word' id='word_1_238' title='bbox 1774 2788 1935 2833; x_wconf 89' lang='lat' dir='ltr'>vous</span> <span class='ocrx_word' id='word_1_239' title='bbox 1978 2769 2217 2834; x_wconf 89' lang='lat' dir='ltr'>escrire</span> <span class='ocrx_word' id='word_1_240' title='bbox 2261 2767 2341 2834; x_wconf 90' lang='lat' dir='ltr'>de</span> <span class='ocrx_word' id='word_1_241' title='bbox 2384 2767 2643 2835; x_wconf 89' lang='lat' dir='ltr'>l’incer-</span> 
     </span>
     <span class='ocr_line' id='line_1_28' title="bbox 696 2850 2647 2936; baseline 0 -19"><span class='ocrx_word' id='word_1_242' title='bbox 696 2852 910 2919; x_wconf 86' lang='lat' dir='ltr'>titude</span> <span class='ocrx_word' id='word_1_243' title='bbox 966 2852 1046 2919; x_wconf 91' lang='lat' dir='ltr'>de</span> <span class='ocrx_word' id='word_1_244' title='bbox 1103 2859 1323 2918; x_wconf 90' lang='lat' dir='ltr'>vostre</span> <span class='ocrx_word' id='word_1_245' title='bbox 1380 2859 1574 2931; x_wconf 87' lang='lat' dir='ltr'>estat,</span> <span class='ocrx_word' id='word_1_246' title='bbox 1647 2850 1726 2918; x_wconf 91' lang='lat' dir='ltr'>de</span> <span class='ocrx_word' id='word_1_247' title='bbox 1781 2872 1943 2936; x_wconf 92' lang='lat' dir='ltr'>peur</span> <span class='ocrx_word' id='word_1_248' title='bbox 2001 2853 2081 2920; x_wconf 93' lang='lat' dir='ltr'>de</span> <span class='ocrx_word' id='word_1_249' title='bbox 2124 2874 2290 2921; x_wconf 91' lang='lat' dir='ltr'>vous</span> <span class='ocrx_word' id='word_1_250' title='bbox 2345 2874 2522 2920; x_wconf 91' lang='lat' dir='ltr'>ennu</span> <span class='ocrx_word' id='word_1_251' title='bbox 2573 2861 2647 2918; x_wconf 84' lang='lat' dir='ltr'>e‘r</span> 
     </span>
     <span class='ocr_line' id='line_1_29' title="bbox 700 2876 2643 3022; baseline 0.001 -19"><span class='ocrx_word' id='word_1_252' title='bbox 700 2960 783 3004; x_wconf 91' lang='lat' dir='ltr'>en</span> <span class='ocrx_word' id='word_1_253' title='bbox 830 2938 1009 3005; x_wconf 88' lang='lat' dir='ltr'>vain.</span> <span class='ocrx_word' id='word_1_254' title='bbox 1101 2939 1435 3006; x_wconf 86' lang='lat' dir='ltr'>Derechef</span> <span class='ocrx_word' id='word_1_255' title='bbox 1465 2940 1528 3003; x_wconf 91' lang='lat' dir='ltr'>ie</span> <span class='ocrx_word' id='word_1_256' title='bbox 1572 2939 1814 3022; x_wconf 87' lang='lat' dir='ltr'>prierai</span> <span class='ocrx_word' id='word_1_257' title='bbox 1857 2951 2076 3005; x_wconf 89' lang='lat' dir='ltr'>nostre</span> <span class='ocrx_word' id='word_1_258' title='bbox 2119 2940 2247 3006; x_wconf 89' lang='lat' dir='ltr'>bon</span> <span class='ocrx_word' id='word_1_259' title='bbox 2292 2940 2466 3005; x_wconf 89' lang='lat' dir='ltr'>Dieu</span> <span class='ocrx_word' id='word_1_260' title='bbox 2510 2876 2643 3004; x_wconf 45' lang='lat' dir='ltr'>dr’a-</span> 
     </span>
     <span class='ocr_line' id='line_1_30' title="bbox 700 3025 2368 3110; baseline -0.001 -20"><span class='ocrx_word' id='word_1_261' title='bbox 700 3025 847 3091; x_wconf 93' lang='lat' dir='ltr'>voir</span> <span class='ocrx_word' id='word_1_262' title='bbox 893 3045 966 3091; x_wconf 88' lang='lat' dir='ltr'>sa</span> <span class='ocrx_word' id='word_1_263' title='bbox 1006 3026 1183 3091; x_wconf 83' lang='lat' dir='ltr'>main</span> <span class='ocrx_word' id='word_1_264' title='bbox 1229 3025 1544 3093; x_wconf 90' lang='lat' dir='ltr'>estendue</span> <span class='ocrx_word' id='word_1_265' title='bbox 1586 3044 1756 3110; x_wconf 88' lang='lat' dir='ltr'>pour</span> <span class='ocrx_word' id='word_1_266' title='bbox 1795 3045 1959 3092; x_wconf 91' lang='lat' dir='ltr'>vous</span> <span class='ocrx_word' id='word_1_267' title='bbox 2003 3046 2368 3092; x_wconf 88' lang='lat' dir='ltr'>conserver.</span> 
     </span>
    </p>
   </div>
   <div class='ocr_carea' id='block_1_5' title="bbox 1706 3163 2475 3333">
    <p class='ocr_par' dir='ltr' id='par_1_5' title="bbox 1706 3163 2475 3333">
     <span class='ocr_line' id='line_1_31' title="bbox 1706 3163 2475 3229; baseline 0 -2"><span class='ocrx_word' id='word_1_268' title='bbox 1706 3163 1947 3229; x_wconf 84' lang='lat' dir='ltr'>Vostre</span> <span class='ocrx_word' id='word_1_269' title='bbox 1990 3163 2260 3229; x_wconf 87' lang='lat' dir='ltr'>humble</span> <span class='ocrx_word' id='word_1_270' title='bbox 2299 3163 2475 3228; x_wconf 87' lang='lat' dir='ltr'>frere</span> 
     </span>
     <span class='ocr_line' id='line_1_32' title="bbox 1864 3265 2322 3333; baseline 0 -2"><span class='ocrx_word' id='word_1_271' title='bbox 1864 3265 2019 3333; x_wconf 88' lang='lat' dir='ltr'>Iean</span> <span class='ocrx_word' id='word_1_272' title='bbox 2067 3265 2322 3332; x_wconf 85' lang='lat' dir='ltr'>Oalvin.</span> 
     </span>
    </p>
   </div>
   <div class='ocr_carea' id='block_1_6' title="bbox 1197 3693 2132 3915">
    <p class='ocr_par' dir='ltr' id='par_1_6' title="bbox 1197 3693 2132 3915">
     <span class='ocr_line' id='line_1_33' title="bbox 1575 3693 1758 3764; baseline -0.027 -2"><span class='ocrx_word' id='word_1_273' title='bbox 1575 3693 1758 3764; x_wconf 75' lang='lat'>1701.</span> 
     </span>
     <span class='ocr_line' id='line_1_34' title="bbox 1197 3830 2132 3915; baseline 0.001 -16"><span class='ocrx_word' id='word_1_274' title='bbox 1197 3830 1668 3900; x_wconf 74' lang='lat' dir='ltr'>oALvmus</span> <span class='ocrx_word' id='word_1_275' title='bbox 1713 3832 2053 3900; x_wconf 78' lang='lat' dir='ltr'>oHEKo.</span> <span class='ocrx_word' id='word_1_276' title='bbox 2086 3836 2132 3915; x_wconf 89' lang='grc' dir='ltr'>ι)</span> 
     </span>
    </p>
   </div>
   <div class='ocr_carea' id='block_1_7' title="bbox 686 4001 2645 4256">
    <p class='ocr_par' dir='ltr' id='par_1_7' title="bbox 686 4001 2645 4256">
     <span class='ocr_line' id='line_1_35' title="bbox 879 4001 2645 4089; baseline 0.003 -23"><span class='ocrx_word' id='word_1_277' title='bbox 879 4001 1349 4070; x_wconf 64' lang='lat' dir='ltr'>observantiam</span> <span class='ocrx_word' id='word_1_278' title='bbox 1402 4003 1461 4069; x_wconf 79' lang='lat' dir='ltr'>ei</span> <span class='ocrx_word' id='word_1_279' title='bbox 1513 4004 1711 4088; x_wconf 76' lang='lat' dir='ltr'>defert</span> <span class='ocrx_word' id='word_1_280' title='bbox 1749 4004 2100 4071; x_wconf 75' lang='lat' dir='ltr'><strong><em>maximam</em></strong></span> <span class='ocrx_word' id='word_1_281' title='bbox 2147 4009 2278 4070; x_wconf 79' lang='lat' dir='ltr'>tum</span> <span class='ocrx_word' id='word_1_282' title='bbox 2318 4004 2390 4069; x_wconf 83' lang='lat' dir='ltr'>ob</span> <span class='ocrx_word' id='word_1_283' title='bbox 2430 4006 2645 4089; x_wconf 71' lang='lat' dir='ltr'>ipsius</span> 
     </span>
     <span class='ocr_line' id='line_1_36' title="bbox 686 4086 2643 4173; baseline 0.003 -21"><span class='ocrx_word' id='word_1_284' title='bbox 686 4086 987 4172; x_wconf 76' lang='lat' dir='ltr'>pietatem</span> <span class='ocrx_word' id='word_1_285' title='bbox 1027 4093 1084 4155; x_wconf 78' lang='lat' dir='ltr'>et</span> <span class='ocrx_word' id='word_1_286' title='bbox 1123 4089 1470 4155; x_wconf 54' lang='lat' dir='ltr'>docuinam</span> <span class='ocrx_word' id='word_1_287' title='bbox 1505 4090 1685 4172; x_wconf 82' lang='lat' dir='ltr'>fama</span> <span class='ocrx_word' id='word_1_288' title='bbox 1726 4096 1939 4157; x_wconf 76' lang='lat' dir='ltr'>notam</span> <span class='ocrx_word' id='word_1_289' title='bbox 1985 4095 2118 4155; x_wconf 82' lang='lat' dir='ltr'>tum</span> <span class='ocrx_word' id='word_1_290' title='bbox 2153 4090 2530 4173; x_wconf 60' lang='lat' dir='ltr'>praesertim</span> <span class='ocrx_word' id='word_1_291' title='bbox 2573 4091 2643 4157; x_wconf 82' lang='lat' dir='ltr'>ob</span> 
     </span>
     <span class='ocr_line' id='line_1_37' title="bbox 702 4170 1680 4256; baseline 0.005 -19"><span class='ocrx_word' id='word_1_292' title='bbox 702 4170 898 4256; x_wconf 69' lang='lat' dir='ltr'>Reyo&#39;s</span> <span class='ocrx_word' id='word_1_293' title='bbox 938 4172 1084 4239; x_wconf 77' lang='lat' dir='ltr'>bene</span> <span class='ocrx_word' id='word_1_294' title='bbox 1125 4174 1373 4241; x_wconf 78' lang='lat' dir='ltr'>educati</span> <span class='ocrx_word' id='word_1_295' title='bbox 1414 4175 1680 4242; x_wconf 76' lang='lat' dir='ltr'>laudem.</span> 
     </span>
    </p>
   </div>
   <div class='ocr_carea' id='block_1_8' title="bbox 699 4343 2645 4555">
    <p class='ocr_par' dir='ltr' id='par_1_8' title="bbox 699 4343 2645 4555">
     <span class='ocr_line' id='line_1_38' title="bbox 701 4343 2644 4427; baseline 0.004 -31"><span class='ocrx_word' id='word_1_296' title='bbox 701 4343 897 4408; x_wconf 77' lang='lat' dir='ltr'>(Manu</span> <span class='ocrx_word' id='word_1_297' title='bbox 920 4346 1151 4427; x_wconf 43' lang='lat' dir='ltr'>‘scripta</span> <span class='ocrx_word' id='word_1_298' title='bbox 1198 4361 1310 4400; x_wconf 91' lang='lat' dir='ltr'>non</span> <span class='ocrx_word' id='word_1_299' title='bbox 1356 4350 1551 4399; x_wconf 82' lang='lat' dir='ltr'>exstat.</span> <span class='ocrx_word' id='word_1_300' title='bbox 1633 4347 1826 4402; x_wconf 76' lang='lat' dir='ltr'>Edidit</span> <span class='ocrx_word' id='word_1_301' title='bbox 1869 4348 2011 4403; x_wconf 82' lang='lat' dir='ltr'>Beza</span> <span class='ocrx_word' id='word_1_302' title='bbox 2056 4348 2263 4403; x_wconf 77' lang='lat' dir='ltr'>Genev.</span> <span class='ocrx_word' id='word_1_303' title='bbox 2345 4385 2358 4399; x_wconf 93' lang='lat'>.</span> <span class='ocrx_word' id='word_1_304' title='bbox 2399 4346 2514 4417; x_wconf 90' lang='lat'>111,</span> <span class='ocrx_word' id='word_1_305' title='bbox 2551 4350 2644 4403; x_wconf 87' lang='lat' dir='ltr'>ubi</span> 
     </span>
     <span class='ocr_line' id='line_1_39' title="bbox 699 4412 2645 4488; baseline 0.004 -23"><span class='ocrx_word' id='word_1_306' title='bbox 699 4419 882 4466; x_wconf 75' lang='lat' dir='ltr'>tamen</span> <span class='ocrx_word' id='word_1_307' title='bbox 915 4420 1177 4486; x_wconf 74' lang='lat' dir='ltr'>inscripta</span> <span class='ocrx_word' id='word_1_308' title='bbox 1211 4419 1296 4469; x_wconf 87' lang='lat' dir='ltr'>est</span> <span class='ocrx_word' id='word_1_309' title='bbox 1318 4412 1514 4483; x_wconf 74' lang='lat' dir='ltr'>Charo,</span> <span class='ocrx_word' id='word_1_310' title='bbox 1549 4414 1705 4470; x_wconf 80' lang='lat' dir='ltr'>Laus.</span> <span class='ocrx_word' id='word_1_311' title='bbox 1725 4433 1782 4488; x_wconf 87' lang='lat' dir='ltr'>p.</span> <span class='ocrx_word' id='word_1_312' title='bbox 1801 4414 1919 4483; x_wconf 77' lang='lat'>250,</span> <span class='ocrx_word' id='word_1_313' title='bbox 1955 4416 2165 4471; x_wconf 76' lang='lat' dir='ltr'>Hanov.</span> <span class='ocrx_word' id='word_1_314' title='bbox 2203 4434 2257 4487; x_wconf 88' lang='lat' dir='ltr'>p.</span> <span class='ocrx_word' id='word_1_315' title='bbox 2379 4457 2394 4485; x_wconf 93' lang='lat'>,</span> <span class='ocrx_word' id='word_1_316' title='bbox 2432 4416 2645 4473; x_wconf 85' lang='lat' dir='ltr'>Ohouet</span> 
     </span>
     <span class='ocr_line' id='line_1_40' title="bbox 699 4479 2644 4555; baseline 0.005 -22"><span class='ocrx_word' id='word_1_317' title='bbox 699 4498 752 4551; x_wconf 86' lang='lat' dir='ltr'>p.</span> <span class='ocrx_word' id='word_1_318' title='bbox 794 4479 906 4547; x_wconf 84' lang='lat'>150,</span> <span class='ocrx_word' id='word_1_319' title='bbox 943 4483 1120 4538; x_wconf 73' lang='lat' dir='ltr'>Amat.</span> <span class='ocrx_word' id='word_1_320' title='bbox 1156 4499 1212 4554; x_wconf 87' lang='lat' dir='ltr'>p.</span> <span class='ocrx_word' id='word_1_321' title='bbox 1248 4482 1334 4538; x_wconf 82' lang='lat'>68.</span> <span class='ocrx_word' id='word_1_322' title='bbox 1374 4511 1436 4523; x_wconf 89' lang='lat'>—</span> <span class='ocrx_word' id='word_1_323' title='bbox 1471 4483 1696 4555; x_wconf 83' lang='lat' dir='ltr'>Anglice</span> <span class='ocrx_word' id='word_1_324' title='bbox 1731 4490 1914 4541; x_wconf 81' lang='lat' dir='ltr'>exstat</span> <span class='ocrx_word' id='word_1_325' title='bbox 1947 4487 2004 4539; x_wconf 91' lang='lat' dir='ltr'>in</span> <span class='ocrx_word' id='word_1_326' title='bbox 2039 4485 2127 4542; x_wconf 88' lang='lat' dir='ltr'>ed.</span> <span class='ocrx_word' id='word_1_327' title='bbox 2161 4486 2359 4542; x_wconf 80' lang='lat' dir='ltr'>Edinb.</span> <span class='ocrx_word' id='word_1_328' title='bbox 2394 4486 2464 4542; x_wconf 91' lang='lat'>11.</span> <span class='ocrx_word' id='word_1_329' title='bbox 2500 4487 2644 4552; x_wconf 83' lang='lat'>371.)</span> 
     </span>
    </p>
   </div>
   <div class='ocr_carea' id='block_1_9' title="bbox 695 4635 2647 5065">
    <p class='ocr_par' dir='ltr' id='par_1_9' title="bbox 695 4635 2647 5065">
     <span class='ocr_line' id='line_1_41' title="bbox 870 4635 2642 4722; baseline 0.005 -20"><span class='ocrx_word' id='word_1_330' title='bbox 870 4635 1211 4705; x_wconf 86' lang='lat' dir='ltr'>Hactenus</span> <span class='ocrx_word' id='word_1_331' title='bbox 1246 4639 1328 4705; x_wconf 89' lang='lat' dir='ltr'>ad</span> <span class='ocrx_word' id='word_1_332' title='bbox 1365 4647 1429 4705; x_wconf 89' lang='lat' dir='ltr'>te</span> <span class='ocrx_word' id='word_1_333' title='bbox 1464 4639 1748 4706; x_wconf 88' lang='lat' dir='ltr'>scribere</span> <span class='ocrx_word' id='word_1_334' title='bbox 1783 4638 2024 4718; x_wconf 88' lang='lat' dir='ltr'>distuli,</span> <span class='ocrx_word' id='word_1_335' title='bbox 2072 4641 2173 4707; x_wconf 89' lang='lat' dir='ltr'>vir</span> <span class='ocrx_word' id='word_1_336' title='bbox 2206 4643 2642 4722; x_wconf 84' lang='lat' dir='ltr'>ornatissime,</span> 
     </span>
     <span class='ocr_line' id='line_1_42' title="bbox 696 4722 2645 4810; baseline 0.004 -22"><span class='ocrx_word' id='word_1_337' title='bbox 696 4744 783 4789; x_wconf 91' lang='lat' dir='ltr'>ne</span> <span class='ocrx_word' id='word_1_338' title='bbox 819 4722 998 4788; x_wconf 83' lang='lat' dir='ltr'>aliud</span> <span class='ocrx_word' id='word_1_339' title='bbox 1031 4734 1336 4807; x_wconf 88' lang='lat' dir='ltr'>appetere</span> <span class='ocrx_word' id='word_1_340' title='bbox 1369 4724 1590 4789; x_wconf 84' lang='lat' dir='ltr'>forsan</span> <span class='ocrx_word' id='word_1_341' title='bbox 1625 4723 1902 4804; x_wconf 87' lang='lat' dir='ltr'>viderer,</span> <span class='ocrx_word' id='word_1_342' title='bbox 1937 4746 2134 4810; x_wconf 85' lang='lat' dir='ltr'>quam</span> <span class='ocrx_word' id='word_1_343' title='bbox 2164 4728 2421 4793; x_wconf 88' lang='lat' dir='ltr'>animus</span> <span class='ocrx_word' id='word_1_344' title='bbox 2457 4749 2645 4795; x_wconf 86' lang='lat' dir='ltr'>meus</span> 
     </span>
     <span class='ocr_line' id='line_1_43' title="bbox 698 4808 2646 4892; baseline 0.003 -19"><span class='ocrx_word' id='word_1_345' title='bbox 698 4808 964 4875; x_wconf 86' lang='lat' dir='ltr'>ferebat.</span> <span class='ocrx_word' id='word_1_346' title='bbox 1053 4808 1225 4875; x_wconf 87' lang='lat' dir='ltr'>Nam</span> <span class='ocrx_word' id='word_1_347' title='bbox 1269 4819 1345 4874; x_wconf 90' lang='lat' dir='ltr'>ut</span> <span class='ocrx_word' id='word_1_348' title='bbox 1387 4810 1647 4876; x_wconf 80' lang='lat' dir='ltr'>fucosae</span> <span class='ocrx_word' id='word_1_349' title='bbox 1692 4823 1848 4877; x_wconf 90' lang='lat' dir='ltr'>sunt</span> <span class='ocrx_word' id='word_1_350' title='bbox 1889 4811 2120 4879; x_wconf 79' lang='lat' dir='ltr'>mundi</span> <span class='ocrx_word' id='word_1_351' title='bbox 2155 4814 2500 4892; x_wconf 72' lang='lat' dir='ltr'>amicitiae,</span> <span class='ocrx_word' id='word_1_352' title='bbox 2547 4823 2646 4878; x_wconf 89' lang='lat' dir='ltr'>at-</span> 
     </span>
     <span class='ocr_line' id='line_1_44' title="bbox 696 4894 2647 4983; baseline 0.003 -23"><span class='ocrx_word' id='word_1_353' title='bbox 696 4915 824 4978; x_wconf 89' lang='lat' dir='ltr'>que</span> <span class='ocrx_word' id='word_1_354' title='bbox 869 4903 943 4960; x_wconf 93' lang='lat' dir='ltr'>ut</span> <span class='ocrx_word' id='word_1_355' title='bbox 983 4894 1229 4979; x_wconf 87' lang='lat' dir='ltr'>passim</span> <span class='ocrx_word' id='word_1_356' title='bbox 1272 4905 1506 4981; x_wconf 87' lang='lat' dir='ltr'>regnat</span> <span class='ocrx_word' id='word_1_357' title='bbox 1540 4894 1809 4962; x_wconf 87' lang='lat' dir='ltr'>ambitio</span> <span class='ocrx_word' id='word_1_358' title='bbox 1845 4905 1913 4964; x_wconf 92' lang='lat' dir='ltr'>et</span> <span class='ocrx_word' id='word_1_359' title='bbox 1947 4899 2226 4979; x_wconf 80' lang='lat' dir='ltr'>vanitas,</span> <span class='ocrx_word' id='word_1_360' title='bbox 2271 4899 2647 4983; x_wconf 83' lang='lat' dir='ltr'>paucissimi</span> 
     </span>
     <span class='ocr_line' id='line_1_45' title="bbox 695 4982 2647 5065; baseline 0.005 -21"><span class='ocrx_word' id='word_1_361' title='bbox 695 5000 856 5046; x_wconf 85' lang='lat' dir='ltr'>vero</span> <span class='ocrx_word' id='word_1_362' title='bbox 899 4988 1075 5058; x_wconf 89' lang='lat' dir='ltr'>sunt,</span> <span class='ocrx_word' id='word_1_363' title='bbox 1121 4982 1231 5065; x_wconf 87' lang='lat' dir='ltr'>qui</span> <span class='ocrx_word' id='word_1_364' title='bbox 1273 4982 1715 5050; x_wconf 73' lang='lat' dir='ltr'>sinceritatem</span> <span class='ocrx_word' id='word_1_365' title='bbox 1740 4982 1984 5051; x_wconf 87' lang='lat' dir='ltr'>colant:</span> <span class='ocrx_word' id='word_1_366' title='bbox 2032 5005 2299 5052; x_wconf 88' lang='lat' dir='ltr'>necesse</span> <span class='ocrx_word' id='word_1_367' title='bbox 2341 4993 2460 5064; x_wconf 84' lang='lat' dir='ltr'>est,</span> <span class='ocrx_word' id='word_1_368' title='bbox 2503 5007 2647 5053; x_wconf 89' lang='lat' dir='ltr'>sus-</span> 
     </span>
    </p>
   </div>
   <div class='ocr_carea' id='block_1_10' title="bbox 700 5103 1110 5113">
    <p class='ocr_par' dir='ltr' id='par_1_10' title="bbox 700 5103 1110 5113">
     <span class='ocr_line' id='line_1_46' title="bbox 700 5103 1110 5113; baseline 0 1054"><span class='ocrx_word' id='word_1_369' title='bbox 700 5103 1110 5113; x_wconf 95' lang='lat' dir='ltr'> </span> 
     </span>
    </p>
   </div>
   <div class='ocr_carea' id='block_1_11' title="bbox 697 5148 2647 5277">
    <p class='ocr_par' dir='ltr' id='par_1_11' title="bbox 697 5148 2647 5277">
     <span class='ocr_line' id='line_1_47' title="bbox 697 5148 2647 5277; baseline 0.002 -71"><span class='ocrx_word' id='word_1_370' title='bbox 697 5148 1026 5277; x_wconf 37' lang='grc' dir='ltr'>Σ’.51ΟΕἙΞὮῙῚἏ.</span> <span class='ocrx_word' id='word_1_371' title='bbox 1009 5150 1100 5208; x_wconf 80' lang='grc' dir='ltr'>Ισι</span> <span class='ocrx_word' id='word_1_372' title='bbox 1130 5152 1359 5207; x_wconf 62' lang='lat' dir='ltr'>s’arrete</span> <span class='ocrx_word' id='word_1_373' title='bbox 1403 5153 1450 5207; x_wconf 83' lang='lat' dir='ltr'>le</span> <span class='ocrx_word' id='word_1_374' title='bbox 1500 5158 1640 5207; x_wconf 72' lang='lat' dir='ltr'>texte</span> <span class='ocrx_word' id='word_1_375' title='bbox 1674 5153 1841 5222; x_wconf 75' lang='lat' dir='ltr'>latin,</span> <span class='ocrx_word' id='word_1_376' title='bbox 1886 5154 2057 5225; x_wconf 71' lang='lat' dir='ltr'>lequel</span> <span class='ocrx_word' id='word_1_377' title='bbox 2088 5156 2272 5224; x_wconf 62' lang='lat' dir='ltr'>ajoute-</span> <span class='ocrx_word' id='word_1_378' title='bbox 2307 5156 2362 5210; x_wconf 78' lang='lat' dir='ltr'>la</span> <span class='ocrx_word' id='word_1_379' title='bbox 2409 5156 2536 5211; x_wconf 72' lang='lat' dir='ltr'>date</span> <span class='ocrx_word' id='word_1_380' title='bbox 2569 5156 2647 5210; x_wconf 72' lang='lat' dir='ltr'>du</span> 
     </span>
    </p>
   </div>
   <div class='ocr_carea' id='block_1_12' title="bbox 697 5287 2647 5424">
    <p class='ocr_par' dir='ltr' id='par_1_12' title="bbox 697 5287 2647 5424">
     <span class='ocr_line' id='line_1_48' title="bbox 697 5287 2647 5424; baseline 0.004 -83"><span class='ocrx_word' id='word_1_381' title='bbox 697 5287 878 5424; x_wconf 49' lang='grc' dir='ltr'><strong>ἐξὲξ..</strong></span> <span class='ocrx_word' id='word_1_382' title='bbox 895 5288 1100 5413; x_wconf 48' lang='lat'><strong><em>„2120</em></strong></span> <span class='ocrx_word' id='word_1_383' title='bbox 1143 5292 1242 5347; x_wconf 72' lang='lat' dir='ltr'>hoc</span> <span class='ocrx_word' id='word_1_384' title='bbox 1276 5292 1411 5356; x_wconf 69' lang='lat' dir='ltr'>viv-0,</span> <span class='ocrx_word' id='word_1_385' title='bbox 1451 5291 1719 5346; x_wconf 74' lang='lat' dir='ltr'>Edam-di</span> <span class='ocrx_word' id='word_1_386' title='bbox 1763 5291 1858 5346; x_wconf 88' lang='lat' dir='ltr'>VI.</span> <span class='ocrx_word' id='word_1_387' title='bbox 1904 5292 2031 5348; x_wconf 72' lang='lat' dir='ltr'>olim</span> <span class='ocrx_word' id='word_1_388' title='bbox 2075 5301 2435 5363; x_wconf 71' lang='lat' dir='ltr'>praeceptore,</span> <span class='ocrx_word' id='word_1_389' title='bbox 2481 5309 2531 5349; x_wconf 81' lang='lat' dir='ltr'>v.</span> <span class='ocrx_word' id='word_1_390' title='bbox 2569 5293 2647 5349; x_wconf 84' lang='grc' dir='ltr'>Ν.</span> 
     </span>
    </p>
   </div>
   <div class='ocr_carea' id='block_1_13' title="bbox 2198 428 3191 497">
    <p class='ocr_par' dir='ltr' id='par_1_13' title="bbox 2198 428 3191 497">
     <span class='ocr_line' id='line_1_49' title="bbox 2198 428 3191 497; baseline -0.006 0"><span class='ocrx_word' id='word_1_391' title='bbox 2198 428 2724 497; x_wconf 73' lang='lat' dir='ltr'>EPISTOLAE</span> <span class='ocrx_word' id='word_1_392' title='bbox 2773 434 2799 494; x_wconf 90' lang='lat'>1</span> <span class='ocrx_word' id='word_1_393' title='bbox 2813 433 3055 495; x_wconf 77' lang='grc' dir='ltr'>’Τοῦ-1</span> <span class='ocrx_word' id='word_1_394' title='bbox 3069 429 3191 494; x_wconf 80' lang='lat'>703</span> 
     </span>
    </p>
   </div>
   <div class='ocr_carea' id='block_1_14' title="bbox 2690 637 2704 5414">
    <p class='ocr_par' dir='ltr' id='par_1_14' title="bbox 2690 637 2704 5414">
     <span class='ocr_line' id='line_1_50' title="bbox 2690 637 2704 5414; baseline 0 0"><span class='ocrx_word' id='word_1_395' title='bbox 2690 637 2704 5414; x_wconf 95' lang='lat' dir='ltr'> </span> 
     </span>
    </p>
   </div>
   <div class='ocr_carea' id='block_1_15' title="bbox 4551 436 4662 497">
    <p class='ocr_par' dir='ltr' id='par_1_15' title="bbox 4551 436 4662 497">
     <span class='ocr_line' id='line_1_51' title="bbox 4551 436 4662 497; baseline 0.018 -2"><span class='ocrx_word' id='word_1_396' title='bbox 4551 436 4662 497; x_wconf 77' lang='lat'>472</span> 
     </span>
    </p>
   </div>
   <div class='ocr_carea' id='block_1_16' title="bbox 2742 616 4678 2336">
    <p class='ocr_par' dir='ltr' id='par_1_16' title="bbox 2742 616 4678 2336">
     <span class='ocr_line' id='line_1_52' title="bbox 2742 616 4669 703; baseline 0.002 -19"><span class='ocrx_word' id='word_1_397' title='bbox 2742 625 2966 703; x_wconf 89' lang='lat' dir='ltr'>peotos</span> <span class='ocrx_word' id='word_1_398' title='bbox 3019 616 3155 683; x_wconf 87' lang='lat' dir='ltr'>fere</span> <span class='ocrx_word' id='word_1_399' title='bbox 3214 616 3400 684; x_wconf 87' lang='lat' dir='ltr'>nobis</span> <span class='ocrx_word' id='word_1_400' title='bbox 3444 637 3584 684; x_wconf 88' lang='lat' dir='ltr'>csse</span> <span class='ocrx_word' id='word_1_401' title='bbox 3599 666 3615 695; x_wconf 79' lang='lat'>,</span> <span class='ocrx_word' id='word_1_402' title='bbox 3682 639 3961 702; x_wconf 87' lang='lat' dir='ltr'>quorum</span> <span class='ocrx_word' id='word_1_403' title='bbox 4014 639 4149 684; x_wconf 92' lang='lat' dir='ltr'>non</span> <span class='ocrx_word' id='word_1_404' title='bbox 4202 618 4462 703; x_wconf 91' lang='lat' dir='ltr'>penitus</span> <span class='ocrx_word' id='word_1_405' title='bbox 4510 640 4669 687; x_wconf 89' lang='lat' dir='ltr'>com-</span> 
     </span>
     <span class='ocr_line' id='line_1_53' title="bbox 2743 702 4670 791; baseline 0.002 -22"><span class='ocrx_word' id='word_1_406' title='bbox 2743 711 2933 788; x_wconf 85' lang='lat' dir='ltr'>perta</span> <span class='ocrx_word' id='word_1_407' title='bbox 2989 709 3089 769; x_wconf 84' lang='lat' dir='ltr'>est</span> <span class='ocrx_word' id='word_1_408' title='bbox 3143 703 3453 788; x_wconf 80' lang='lat' dir='ltr'>probitas.</span> <span class='ocrx_word' id='word_1_409' title='bbox 3573 702 3867 769; x_wconf 75' lang='lat' dir='ltr'>Tandem</span> <span class='ocrx_word' id='word_1_410' title='bbox 3935 703 4088 787; x_wconf 87' lang='lat' dir='ltr'>plus</span> <span class='ocrx_word' id='word_1_411' title='bbox 4144 724 4340 787; x_wconf 84' lang='lat' dir='ltr'>quam</span> <span class='ocrx_word' id='word_1_412' title='bbox 4393 706 4670 791; x_wconf 75' lang='lat' dir='ltr'>legit-ima</span> 
     </span>
     <span class='ocr_line' id='line_1_54' title="bbox 2744 787 4670 875; baseline 0.002 -20"><span class='ocrx_word' id='word_1_413' title='bbox 2744 787 3073 855; x_wconf 86' lang='lat' dir='ltr'>scribendi</span> <span class='ocrx_word' id='word_1_414' title='bbox 3116 809 3312 856; x_wconf 88' lang='lat' dir='ltr'>causa</span> <span class='ocrx_word' id='word_1_415' title='bbox 3353 790 3497 855; x_wconf 88' lang='lat' dir='ltr'>visa</span> <span class='ocrx_word' id='word_1_416' title='bbox 3536 796 3651 867; x_wconf 90' lang='lat' dir='ltr'>est,</span> <span class='ocrx_word' id='word_1_417' title='bbox 3719 788 3888 872; x_wconf 87' lang='lat' dir='ltr'>quod</span> <span class='ocrx_word' id='word_1_418' title='bbox 3933 810 4132 873; x_wconf 91' lang='lat' dir='ltr'>quum</span> <span class='ocrx_word' id='word_1_419' title='bbox 4176 791 4307 855; x_wconf 89' lang='lat' dir='ltr'>iam</span> <span class='ocrx_word' id='word_1_420' title='bbox 4351 791 4670 875; x_wconf 82' lang='lat' dir='ltr'>aliquoties</span> 
     </span>
     <span class='ocr_line' id='line_1_55' title="bbox 2745 874 4669 959; baseline 0.002 -19"><span class='ocrx_word' id='word_1_421' title='bbox 2745 874 2827 940; x_wconf 86' lang='lat' dir='ltr'>ad</span> <span class='ocrx_word' id='word_1_422' title='bbox 2870 875 3124 959; x_wconf 81' lang='lat' dir='ltr'>Regem</span> <span class='ocrx_word' id='word_1_423' title='bbox 3168 877 3387 959; x_wconf 87' lang='lat' dir='ltr'>ipsum</span> <span class='ocrx_word' id='word_1_424' title='bbox 3432 895 3628 941; x_wconf 88' lang='lat' dir='ltr'>ausus</span> <span class='ocrx_word' id='word_1_425' title='bbox 3686 875 3920 940; x_wconf 83' lang='lat' dir='ltr'>fuerim</span> <span class='ocrx_word' id='word_1_426' title='bbox 3976 874 4257 942; x_wconf 88' lang='lat' dir='ltr'>scribere</span> <span class='ocrx_word' id='word_1_427' title='bbox 4273 928 4287 954; x_wconf 93' lang='lat'>,</span> <span class='ocrx_word' id='word_1_428' title='bbox 4355 878 4515 942; x_wconf 86' lang='lat' dir='ltr'>nihil</span> <span class='ocrx_word' id='word_1_429' title='bbox 4555 901 4669 944; x_wconf 89' lang='lat' dir='ltr'>un·</span> 
     </span>
     <span class='ocr_line' id='line_1_56' title="bbox 2744 959 4671 1044; baseline 0.001 -18"><span class='ocrx_word' id='word_1_430' title='bbox 2744 980 2939 1044; x_wconf 89' lang='lat' dir='ltr'>quam</span> <span class='ocrx_word' id='word_1_431' title='bbox 2988 959 3070 1025; x_wconf 88' lang='lat' dir='ltr'>ad</span> <span class='ocrx_word' id='word_1_432' title='bbox 3127 972 3193 1025; x_wconf 89' lang='lat' dir='ltr'>te</span> <span class='ocrx_word' id='word_1_433' title='bbox 3245 960 3398 1027; x_wconf 89' lang='lat' dir='ltr'>dare</span> <span class='ocrx_word' id='word_1_434' title='bbox 3458 961 3798 1026; x_wconf 89' lang='lat' dir='ltr'>literarum</span> <span class='ocrx_word' id='word_1_435' title='bbox 3855 961 4129 1027; x_wconf 89' lang='lat' dir='ltr'>minime</span> <span class='ocrx_word' id='word_1_436' title='bbox 4187 962 4411 1029; x_wconf 88' lang='lat' dir='ltr'>deceat</span> <span class='ocrx_word' id='word_1_437' title='bbox 4429 1015 4444 1041; x_wconf 93' lang='lat'>‚</span> <span class='ocrx_word' id='word_1_438' title='bbox 4501 966 4671 1030; x_wconf 87' lang='lat' dir='ltr'>cuius</span> 
     </span>
     <span class='ocr_line' id='line_1_57' title="bbox 2743 1045 4671 1132; baseline 0.002 -20"><span class='ocrx_word' id='word_1_439' title='bbox 2743 1066 2943 1131; x_wconf 90' lang='lat' dir='ltr'>opera</span> <span class='ocrx_word' id='word_1_440' title='bbox 2994 1045 3353 1113; x_wconf 90' lang='lat' dir='ltr'>secundum</span> <span class='ocrx_word' id='word_1_441' title='bbox 3412 1048 3541 1113; x_wconf 90' lang='lat' dir='ltr'>Dei</span> <span class='ocrx_word' id='word_1_442' title='bbox 3600 1049 3880 1132; x_wconf 82' lang='lat' dir='ltr'>gratiam</span> <span class='ocrx_word' id='word_1_443' title='bbox 3938 1048 4183 1115; x_wconf 83' lang='lat' dir='ltr'>factum</span> <span class='ocrx_word' id='word_1_444' title='bbox 4239 1056 4342 1113; x_wconf 89' lang='lat' dir='ltr'>est</span> <span class='ocrx_word' id='word_1_445' title='bbox 4396 1057 4467 1114; x_wconf 90' lang='lat' dir='ltr'>ut</span> <span class='ocrx_word' id='word_1_446' title='bbox 4522 1051 4671 1115; x_wconf 87' lang='lat' dir='ltr'>mihi</span> 
     </span>
     <span class='ocr_line' id='line_1_58' title="bbox 2745 1131 4670 1217; baseline 0.001 -18"><span class='ocrx_word' id='word_1_447' title='bbox 2745 1132 3016 1217; x_wconf 87' lang='lat' dir='ltr'>aliisque</span> <span class='ocrx_word' id='word_1_448' title='bbox 3070 1131 3320 1200; x_wconf 83' lang='lat' dir='ltr'>Christi</span> <span class='ocrx_word' id='word_1_449' title='bbox 3380 1134 3591 1198; x_wconf 88' lang='lat' dir='ltr'>servis</span> <span class='ocrx_word' id='word_1_450' title='bbox 3654 1133 3737 1198; x_wconf 87' lang='lat' dir='ltr'>ad</span> <span class='ocrx_word' id='word_1_451' title='bbox 3801 1133 3986 1198; x_wconf 88' lang='lat' dir='ltr'>illum</span> <span class='ocrx_word' id='word_1_452' title='bbox 4053 1142 4308 1217; x_wconf 88' lang='lat' dir='ltr'>pateret</span> <span class='ocrx_word' id='word_1_453' title='bbox 4373 1153 4670 1201; x_wconf 85' lang='lat' dir='ltr'>accessus.</span> 
     </span>
     <span class='ocr_line' id='line_1_59' title="bbox 2743 1217 4672 1302; baseline 0.002 -18"><span class='ocrx_word' id='word_1_454' title='bbox 2743 1221 2844 1285; x_wconf 84' lang='lat' dir='ltr'>Ac</span> <span class='ocrx_word' id='word_1_455' title='bbox 2932 1219 3227 1284; x_wconf 88' lang='lat' dir='ltr'>raeteriti</span> <span class='ocrx_word' id='word_1_456' title='bbox 3267 1217 3528 1302; x_wconf 88' lang='lat' dir='ltr'>quidem</span> <span class='ocrx_word' id='word_1_457' title='bbox 3571 1220 3884 1302; x_wconf 89' lang='lat' dir='ltr'>temporis</span> <span class='ocrx_word' id='word_1_458' title='bbox 3924 1218 4136 1285; x_wconf 82' lang='lat' dir='ltr'>facilis</span> <span class='ocrx_word' id='word_1_459' title='bbox 4180 1230 4282 1285; x_wconf 87' lang='lat' dir='ltr'>est</span> <span class='ocrx_word' id='word_1_460' title='bbox 4337 1223 4672 1300; x_wconf 86' lang='lat' dir='ltr'>excusatio,</span> 
     </span>
     <span class='ocr_line' id='line_1_60' title="bbox 2744 1304 4673 1389; baseline 0.002 -19"><span class='ocrx_word' id='word_1_461' title='bbox 2744 1325 2870 1389; x_wconf 91' lang='lat' dir='ltr'>quo</span> <span class='ocrx_word' id='word_1_462' title='bbox 2958 1304 3146 1370; x_wconf 91' lang='lat' dir='ltr'>initio</span> <span class='ocrx_word' id='word_1_463' title='bbox 3189 1304 3439 1371; x_wconf 86' lang='lat' dir='ltr'>veritus</span> <span class='ocrx_word' id='word_1_464' title='bbox 3473 1325 3621 1370; x_wconf 92' lang='lat' dir='ltr'>sum</span> <span class='ocrx_word' id='word_1_465' title='bbox 3664 1326 3748 1370; x_wconf 90' lang='lat' dir='ltr'>ne</span> <span class='ocrx_word' id='word_1_466' title='bbox 3802 1326 4033 1388; x_wconf 88' lang='lat' dir='ltr'>parum</span> <span class='ocrx_word' id='word_1_467' title='bbox 4090 1305 4215 1372; x_wconf 90' lang='lat' dir='ltr'>sibi</span> <span class='ocrx_word' id='word_1_468' title='bbox 4269 1306 4494 1372; x_wconf 89' lang='lat' dir='ltr'>haberi</span> <span class='ocrx_word' id='word_1_469' title='bbox 4537 1308 4673 1373; x_wconf 86' lang='lat' dir='ltr'>fidei</span> 
     </span>
     <span class='ocr_line' id='line_1_61' title="bbox 2742 1390 4674 1474; baseline 0.002 -19"><span class='ocrx_word' id='word_1_470' title='bbox 2742 1399 3054 1474; x_wconf 85' lang='lat' dir='ltr'>putarent</span> <span class='ocrx_word' id='word_1_471' title='bbox 3131 1409 3412 1474; x_wconf 88' lang='lat' dir='ltr'>quorum</span> <span class='ocrx_word' id='word_1_472' title='bbox 3489 1390 3756 1456; x_wconf 89' lang='lat' dir='ltr'>hortatu</span> <span class='ocrx_word' id='word_1_473' title='bbox 3820 1390 4177 1457; x_wconf 85' lang='lat' dir='ltr'>scribebam</span> <span class='ocrx_word' id='word_1_474' title='bbox 4196 1442 4213 1470; x_wconf 92' lang='lat'>,</span> <span class='ocrx_word' id='word_1_475' title='bbox 4292 1394 4350 1457; x_wconf 91' lang='lat' dir='ltr'>si</span> <span class='ocrx_word' id='word_1_476' title='bbox 4414 1392 4674 1459; x_wconf 87' lang='lat' dir='ltr'>aliorum</span> 
     </span>
     <span class='ocr_line' id='line_1_62' title="bbox 2743 1476 4673 1563; baseline 0.001 -21"><span class='ocrx_word' id='word_1_477' title='bbox 2743 1496 2940 1560; x_wconf 88' lang='lat' dir='ltr'>opera</span> <span class='ocrx_word' id='word_1_478' title='bbox 2983 1497 3144 1541; x_wconf 90' lang='lat' dir='ltr'>usus</span> <span class='ocrx_word' id='word_1_479' title='bbox 3188 1476 3394 1542; x_wconf 88' lang='lat' dir='ltr'>forem</span> <span class='ocrx_word' id='word_1_480' title='bbox 3431 1477 3503 1540; x_wconf 91' lang='lat' dir='ltr'>in</span> <span class='ocrx_word' id='word_1_481' title='bbox 3547 1476 3755 1542; x_wconf 91' lang='lat' dir='ltr'>literis</span> <span class='ocrx_word' id='word_1_482' title='bbox 3799 1476 4177 1543; x_wconf 88' lang='lat' dir='ltr'>offerendis:</span> <span class='ocrx_word' id='word_1_483' title='bbox 4225 1485 4313 1542; x_wconf 81' lang='lat' dir='ltr'>et·</span> <span class='ocrx_word' id='word_1_484' title='bbox 4347 1478 4483 1557; x_wconf 90' lang='lat' dir='ltr'>tibi,</span> <span class='ocrx_word' id='word_1_485' title='bbox 4530 1501 4673 1563; x_wconf 89' lang='lat' dir='ltr'>quo-</span> 
     </span>
     <span class='ocr_line' id='line_1_63' title="bbox 2743 1561 4674 1644; baseline 0.003 -16"><span class='ocrx_word' id='word_1_486' title='bbox 2743 1583 2892 1628; x_wconf 90' lang='lat' dir='ltr'>cum</span> <span class='ocrx_word' id='word_1_487' title='bbox 2936 1561 3120 1626; x_wconf 86' lang='lat' dir='ltr'>nulla</span> <span class='ocrx_word' id='word_1_488' title='bbox 3163 1562 3325 1627; x_wconf 90' lang='lat' dir='ltr'>mihi</span> <span class='ocrx_word' id='word_1_489' title='bbox 3382 1562 3792 1630; x_wconf 84' lang='lat' dir='ltr'>familiaritas</span> <span class='ocrx_word' id='word_1_490' title='bbox 3837 1563 4323 1644; x_wconf 79' lang='lat' dir='ltr'>intercesserat,</span> <span class='ocrx_word' id='word_1_491' title='bbox 4380 1565 4674 1633; x_wconf 83' lang='lat' dir='ltr'>molestus</span> 
     </span>
     <span class='ocr_line' id='line_1_64' title="bbox 2743 1646 4675 1734; baseline 0.002 -21"><span class='ocrx_word' id='word_1_492' title='bbox 2743 1668 2889 1714; x_wconf 91' lang='lat' dir='ltr'>esse</span> <span class='ocrx_word' id='word_1_493' title='bbox 2929 1647 3247 1714; x_wconf 88' lang='lat' dir='ltr'>nolebam.</span> <span class='ocrx_word' id='word_1_494' title='bbox 3338 1646 3531 1730; x_wconf 82' lang='lat' dir='ltr'>Quod</span> <span class='ocrx_word' id='word_1_495' title='bbox 3576 1649 3632 1715; x_wconf 92' lang='lat' dir='ltr'>si</span> <span class='ocrx_word' id='word_1_496' title='bbox 3676 1647 3829 1734; x_wconf 90' lang='lat' dir='ltr'>quid</span> <span class='ocrx_word' id='word_1_497' title='bbox 3886 1659 4223 1733; x_wconf 88' lang='lat' dir='ltr'>peccatum</span> <span class='ocrx_word' id='word_1_498' title='bbox 4269 1663 4370 1716; x_wconf 88' lang='lat' dir='ltr'>est</span> <span class='ocrx_word' id='word_1_499' title='bbox 4386 1703 4400 1730; x_wconf 89' lang='lat'>,</span> <span class='ocrx_word' id='word_1_500' title='bbox 4460 1652 4675 1734; x_wconf 85' lang='lat' dir='ltr'>pudori</span> 
     </span>
     <span class='ocr_line' id='line_1_65' title="bbox 2743 1734 4675 1820; baseline 0.003 -21"><span class='ocrx_word' id='word_1_501' title='bbox 2743 1734 2867 1800; x_wconf 90' lang='lat' dir='ltr'>hoc</span> <span class='ocrx_word' id='word_1_502' title='bbox 2917 1754 3063 1798; x_wconf 91' lang='lat' dir='ltr'>meo</span> <span class='ocrx_word' id='word_1_503' title='bbox 3166 1735 3336 1800; x_wconf 90' lang='lat' dir='ltr'>otius</span> <span class='ocrx_word' id='word_1_504' title='bbox 3386 1755 3583 1819; x_wconf 88' lang='lat' dir='ltr'>quam</span> <span class='ocrx_word' id='word_1_505' title='bbox 3653 1734 4091 1820; x_wconf 81' lang='lat' dir='ltr'>negligentiae</span> <span class='ocrx_word' id='word_1_506' title='bbox 4152 1736 4424 1803; x_wconf 89' lang='lat' dir='ltr'>tribues.</span> <span class='ocrx_word' id='word_1_507' title='bbox 4519 1737 4675 1804; x_wconf 87' lang='lat' dir='ltr'>Nam</span> 
     </span>
     <span class='ocr_line' id='line_1_66' title="bbox 2742 1820 4674 1904; baseline 0.002 -20"><span class='ocrx_word' id='word_1_508' title='bbox 2742 1840 2942 1903; x_wconf 90' lang='lat' dir='ltr'>quum</span> <span class='ocrx_word' id='word_1_509' title='bbox 2987 1820 3093 1903; x_wconf 90' lang='lat' dir='ltr'>pri</span> <span class='ocrx_word' id='word_1_510' title='bbox 3138 1840 3241 1886; x_wconf 91' lang='lat' dir='ltr'>em</span> <span class='ocrx_word' id='word_1_511' title='bbox 3288 1831 3354 1886; x_wconf 89' lang='lat' dir='ltr'>et</span> <span class='ocrx_word' id='word_1_512' title='bbox 3397 1821 3678 1887; x_wconf 87' lang='lat' dir='ltr'>eximiae</span> <span class='ocrx_word' id='word_1_513' title='bbox 3723 1833 3871 1887; x_wconf 85' lang='lat' dir='ltr'>tuae</span> <span class='ocrx_word' id='word_1_514' title='bbox 3906 1823 4167 1904; x_wconf 89' lang='lat' dir='ltr'>pietatis</span> <span class='ocrx_word' id='word_1_515' title='bbox 4210 1831 4279 1887; x_wconf 91' lang='lat' dir='ltr'>et</span> <span class='ocrx_word' id='word_1_516' title='bbox 4312 1824 4674 1888; x_wconf 86' lang='lat' dir='ltr'>excellentis</span> 
     </span>
     <span class='ocr_line' id='line_1_67' title="bbox 2744 1904 4677 1974; baseline 0.002 -3"><span class='ocrx_word' id='word_1_517' title='bbox 2744 1904 3076 1972; x_wconf 90' lang='lat' dir='ltr'>doctrinae</span> <span class='ocrx_word' id='word_1_518' title='bbox 3130 1907 3303 1971; x_wconf 87' lang='lat' dir='ltr'>fama</span> <span class='ocrx_word' id='word_1_519' title='bbox 3359 1905 3669 1973; x_wconf 88' lang='lat' dir='ltr'>inductus</span> <span class='ocrx_word' id='word_1_520' title='bbox 3724 1906 3959 1972; x_wconf 90' lang='lat' dir='ltr'>merito</span> <span class='ocrx_word' id='word_1_521' title='bbox 4018 1920 4082 1974; x_wconf 94' lang='lat' dir='ltr'>te</span> <span class='ocrx_word' id='word_1_522' title='bbox 4138 1908 4486 1974; x_wconf 88' lang='lat' dir='ltr'>coluerim:</span> <span class='ocrx_word' id='word_1_523' title='bbox 4532 1909 4677 1974; x_wconf 83' lang='lat' dir='ltr'>haec</span> 
     </span>
     <span class='ocr_line' id='line_1_68' title="bbox 2742 1992 4677 2060; baseline 0.002 -4"><span class='ocrx_word' id='word_1_524' title='bbox 2742 2012 2878 2057; x_wconf 91' lang='lat' dir='ltr'>una</span> <span class='ocrx_word' id='word_1_525' title='bbox 2920 1992 3092 2057; x_wconf 87' lang='lat' dir='ltr'>ratio</span> <span class='ocrx_word' id='word_1_526' title='bbox 3135 1994 3293 2058; x_wconf 88' lang='lat' dir='ltr'>satis</span> <span class='ocrx_word' id='word_1_527' title='bbox 3336 1993 3452 2058; x_wconf 90' lang='lat' dir='ltr'>tibi</span> <span class='ocrx_word' id='word_1_528' title='bbox 3504 1992 3804 2059; x_wconf 90' lang='lat' dir='ltr'>conciliat</span> <span class='ocrx_word' id='word_1_529' title='bbox 3848 1994 4163 2059; x_wconf 90' lang='lat' dir='ltr'>bonorum</span> <span class='ocrx_word' id='word_1_530' title='bbox 4209 1996 4499 2060; x_wconf 89' lang='lat' dir='ltr'>omnium</span> <span class='ocrx_word' id='word_1_531' title='bbox 4548 1997 4677 2059; x_wconf 83' lang='lat' dir='ltr'>ani-</span> 
     </span>
     <span class='ocr_line' id='line_1_69' title="bbox 2744 2077 4675 2162; baseline 0.002 -20"><span class='ocrx_word' id='word_1_532' title='bbox 2744 2097 2887 2143; x_wconf 88' lang='lat' dir='ltr'>mos</span> <span class='ocrx_word' id='word_1_533' title='bbox 2931 2077 3103 2161; x_wconf 91' lang='lat' dir='ltr'>quod</span> <span class='ocrx_word' id='word_1_534' title='bbox 3138 2077 3390 2162; x_wconf 84' lang='lat' dir='ltr'>Regem</span> <span class='ocrx_word' id='word_1_535' title='bbox 3436 2099 3570 2143; x_wconf 91' lang='lat' dir='ltr'>non</span> <span class='ocrx_word' id='word_1_536' title='bbox 3613 2079 3806 2144; x_wconf 91' lang='lat' dir='ltr'>modo</span> <span class='ocrx_word' id='word_1_537' title='bbox 3862 2081 4467 2162; x_wconf 85' lang='lat' dir='ltr'>praestantissimae</span> <span class='ocrx_word' id='word_1_538' title='bbox 4508 2081 4675 2146; x_wconf 73' lang='lat' dir='ltr'>indo—</span> 
     </span>
     <span class='ocr_line' id='line_1_70' title="bbox 2744 2163 4677 2248; baseline 0.001 -19"><span class='ocrx_word' id='word_1_539' title='bbox 2744 2163 2827 2229; x_wconf 91' lang='lat' dir='ltr'>lis</span> <span class='ocrx_word' id='word_1_540' title='bbox 2885 2163 2998 2229; x_wconf 90' lang='lat' dir='ltr'>sed</span> <span class='ocrx_word' id='word_1_541' title='bbox 3054 2165 3249 2229; x_wconf 90' lang='lat' dir='ltr'>etiam</span> <span class='ocrx_word' id='word_1_542' title='bbox 3309 2173 3607 2230; x_wconf 89' lang='lat' dir='ltr'>maturae</span> <span class='ocrx_word' id='word_1_543' title='bbox 3663 2185 3864 2248; x_wconf 90' lang='lat' dir='ltr'>supra</span> <span class='ocrx_word' id='word_1_544' title='bbox 3921 2175 4200 2232; x_wconf 90' lang='lat' dir='ltr'>aetatem</span> <span class='ocrx_word' id='word_1_545' title='bbox 4257 2166 4525 2232; x_wconf 81' lang='lat' dir='ltr'>virtutis</span> <span class='ocrx_word' id='word_1_546' title='bbox 4575 2176 4677 2232; x_wconf 89' lang='lat' dir='ltr'>tuo</span> 
     </span>
     <span class='ocr_line' id='line_1_71' title="bbox 2746 2248 4678 2336; baseline 0.002 -23"><span class='ocrx_word' id='word_1_547' title='bbox 2746 2248 2963 2315; x_wconf 89' lang='lat' dir='ltr'>labore</span> <span class='ocrx_word' id='word_1_548' title='bbox 3007 2249 3359 2314; x_wconf 83' lang='lat' dir='ltr'>formatum</span> <span class='ocrx_word' id='word_1_549' title='bbox 3407 2249 3603 2316; x_wconf 89' lang='lat' dir='ltr'>habet</span> <span class='ocrx_word' id='word_1_550' title='bbox 3645 2251 3892 2336; x_wconf 83' lang='lat' dir='ltr'>Anglia</span> <span class='ocrx_word' id='word_1_551' title='bbox 3910 2302 3924 2328; x_wconf 94' lang='lat'>,</span> <span class='ocrx_word' id='word_1_552' title='bbox 3981 2253 4091 2336; x_wconf 91' lang='lat' dir='ltr'>qui</span> <span class='ocrx_word' id='word_1_553' title='bbox 4147 2252 4501 2330; x_wconf 86' lang='lat' dir='ltr'>laboranti,</span> <span class='ocrx_word' id='word_1_554' title='bbox 4560 2254 4678 2317; x_wconf 90' lang='lat' dir='ltr'>imo</span> 
     </span>
    </p>
   </div>
   <div class='ocr_carea' id='block_1_17' title="bbox 2746 2335 4807 2507">
    <p class='ocr_par' dir='ltr' id='par_1_17' title="bbox 2746 2335 4807 2507">
     <span class='ocr_line' id='line_1_72' title="bbox 2746 2335 4807 2420; baseline 0.001 -19"><span class='ocrx_word' id='word_1_555' title='bbox 2746 2355 3015 2419; x_wconf 88' lang='lat' dir='ltr'>prorsus</span> <span class='ocrx_word' id='word_1_556' title='bbox 3078 2336 3357 2402; x_wconf 85' lang='lat' dir='ltr'>afflictae</span> <span class='ocrx_word' id='word_1_557' title='bbox 3421 2337 3548 2402; x_wconf 91' lang='lat' dir='ltr'>Dei</span> <span class='ocrx_word' id='word_1_558' title='bbox 3616 2335 3926 2403; x_wconf 90' lang='lat' dir='ltr'>ecclesiae</span> <span class='ocrx_word' id='word_1_559' title='bbox 4002 2339 4073 2401; x_wconf 91' lang='lat' dir='ltr'>in</span> <span class='ocrx_word' id='word_1_560' title='bbox 4137 2336 4242 2402; x_wconf 88' lang='lat' dir='ltr'>his</span> <span class='ocrx_word' id='word_1_561' title='bbox 4305 2339 4679 2404; x_wconf 85' lang='lat' dir='ltr'>miserrimis</span> <span class='ocrx_word' id='word_1_562' title='bbox 4806 2415 4807 2420; x_wconf 8' lang='grc' dir='ltr'>γ</span> 
     </span>
     <span class='ocr_line' id='line_1_73' title="bbox 2747 2419 4807 2507; baseline 0.002 -20"><span class='ocrx_word' id='word_1_563' title='bbox 2747 2419 3149 2505; x_wconf 86' lang='lat' dir='ltr'>temporibus</span> <span class='ocrx_word' id='word_1_564' title='bbox 3192 2442 3462 2486; x_wconf 91' lang='lat' dir='ltr'>manum</span> <span class='ocrx_word' id='word_1_565' title='bbox 3506 2424 3814 2507; x_wconf 88' lang='lat' dir='ltr'>porrigat.</span> <span class='ocrx_word' id='word_1_566' title='bbox 3885 2422 4085 2488; x_wconf 82' lang='lat' dir='ltr'>Certe</span> <span class='ocrx_word' id='word_1_567' title='bbox 4105 2422 4451 2503; x_wconf 89' lang='lat' dir='ltr'>Dominus,</span> <span class='ocrx_word' id='word_1_568' title='bbox 4495 2446 4679 2507; x_wconf 86' lang='lat' dir='ltr'>quum</span> <span class='ocrx_word' id='word_1_569' title='bbox 4806 2453 4807 2492; x_wconf 62' lang='grc' dir='ltr'><strong>ι</strong></span> 
     </span>
    </p>
   </div>
   <div class='ocr_carea' id='block_1_18' title="bbox 2747 2505 4681 2592">
    <p class='ocr_par' dir='ltr' id='par_1_18' title="bbox 2747 2505 4681 2592">
     <span class='ocr_line' id='line_1_74' title="bbox 2747 2505 4681 2592; baseline 0.002 -19"><span class='ocrx_word' id='word_1_570' title='bbox 2747 2508 2873 2574; x_wconf 92' lang='lat' dir='ltr'>hoc</span> <span class='ocrx_word' id='word_1_571' title='bbox 2916 2515 2983 2572; x_wconf 90' lang='lat' dir='ltr'>te</span> <span class='ocrx_word' id='word_1_572' title='bbox 3027 2507 3271 2572; x_wconf 85' lang='lat' dir='ltr'>honore</span> <span class='ocrx_word' id='word_1_573' title='bbox 3317 2505 3618 2592; x_wconf 90' lang='lat' dir='ltr'>dignatus</span> <span class='ocrx_word' id='word_1_574' title='bbox 3662 2521 3781 2588; x_wconf 88' lang='lat' dir='ltr'>est,</span> <span class='ocrx_word' id='word_1_575' title='bbox 3841 2529 3971 2574; x_wconf 91' lang='lat' dir='ltr'>non</span> <span class='ocrx_word' id='word_1_576' title='bbox 4016 2530 4125 2575; x_wconf 91' lang='lat' dir='ltr'>eos</span> <span class='ocrx_word' id='word_1_577' title='bbox 4167 2510 4383 2575; x_wconf 90' lang='lat' dir='ltr'>solum</span> <span class='ocrx_word' id='word_1_578' title='bbox 4427 2511 4543 2576; x_wconf 90' lang='lat' dir='ltr'>tibi</span> <span class='ocrx_word' id='word_1_579' title='bbox 4585 2510 4681 2576; x_wconf 90' lang='lat' dir='ltr'>de-</span> 
     </span>
    </p>
   </div>
   <div class='ocr_carea' id='block_1_19' title="bbox 2747 2594 4807 2934">
    <p class='ocr_par' dir='ltr' id='par_1_19' title="bbox 2747 2594 4807 2852">
     <span class='ocr_line' id='line_1_75' title="bbox 2747 2594 4807 2682; baseline 0.001 -23"><span class='ocrx_word' id='word_1_580' title='bbox 2747 2594 2968 2659; x_wconf 77' lang='lat' dir='ltr'>vinxit</span> <span class='ocrx_word' id='word_1_581' title='bbox 3023 2594 3134 2676; x_wconf 90' lang='lat' dir='ltr'>qui</span> <span class='ocrx_word' id='word_1_582' title='bbox 3189 2604 3594 2677; x_wconf 89' lang='lat' dir='ltr'>praesentem</span> <span class='ocrx_word' id='word_1_583' title='bbox 3648 2595 3802 2660; x_wconf 89' lang='lat' dir='ltr'>inde</span> <span class='ocrx_word' id='word_1_584' title='bbox 3866 2595 4151 2661; x_wconf 83' lang='lat' dir='ltr'>fructum</span> <span class='ocrx_word' id='word_1_585' title='bbox 4217 2598 4514 2679; x_wconf 88' lang='lat' dir='ltr'>capiunt,</span> <span class='ocrx_word' id='word_1_586' title='bbox 4578 2597 4679 2663; x_wconf 88' lang='lat' dir='ltr'>sed</span> <span class='ocrx_word' id='word_1_587' title='bbox 4806 2607 4807 2682; x_wconf 54' lang='grc' dir='ltr'>ξ</span> 
     </span>
     <span class='ocr_line' id='line_1_76' title="bbox 2750 2680 4807 2768; baseline 0 -23"><span class='ocrx_word' id='word_1_588' title='bbox 2750 2680 3118 2763; x_wconf 87' lang='lat' dir='ltr'>quicunque</span> <span class='ocrx_word' id='word_1_589' title='bbox 3184 2681 3557 2745; x_wconf 84' lang='lat' dir='ltr'>restitutam</span> <span class='ocrx_word' id='word_1_590' title='bbox 3624 2683 3898 2765; x_wconf 89' lang='lat' dir='ltr'>cupiunt</span> <span class='ocrx_word' id='word_1_591' title='bbox 3962 2681 4301 2748; x_wconf 87' lang='lat' dir='ltr'>ecclesiam</span> <span class='ocrx_word' id='word_1_592' title='bbox 4371 2683 4526 2760; x_wconf 91' lang='lat' dir='ltr'>Dei,</span> <span class='ocrx_word' id='word_1_593' title='bbox 4584 2683 4679 2747; x_wconf 86' lang='lat' dir='ltr'>vel</span> <span class='ocrx_word' id='word_1_594' title='bbox 4806 2687 4807 2768; x_wconf 45' lang='grc' dir='ltr'>ᾗ</span> 
     </span>
     <span class='ocr_line' id='line_1_77' title="bbox 2751 2764 4683 2852; baseline 0.001 -21"><span class='ocrx_word' id='word_1_595' title='bbox 2751 2764 2982 2831; x_wconf 87' lang='lat' dir='ltr'>saltem</span> <span class='ocrx_word' id='word_1_596' title='bbox 3026 2765 3331 2832; x_wconf 88' lang='lat' dir='ltr'>collectas</span> <span class='ocrx_word' id='word_1_597' title='bbox 3376 2766 3516 2832; x_wconf 90' lang='lat' dir='ltr'>eius</span> <span class='ocrx_word' id='word_1_598' title='bbox 3560 2766 3885 2851; x_wconf 87' lang='lat' dir='ltr'>reliquias.</span> <span class='ocrx_word' id='word_1_599' title='bbox 3976 2767 4170 2833; x_wconf 91' lang='lat' dir='ltr'>Nunc</span> <span class='ocrx_word' id='word_1_600' title='bbox 4214 2768 4290 2848; x_wconf 90' lang='lat' dir='ltr'>si,</span> <span class='ocrx_word' id='word_1_601' title='bbox 4348 2789 4540 2852; x_wconf 87' lang='lat' dir='ltr'>quem</span> <span class='ocrx_word' id='word_1_602' title='bbox 4584 2768 4683 2834; x_wconf 89' lang='lat' dir='ltr'>diu</span> 
     </span>
    </p>

    <p class='ocr_par' dir='ltr' id='par_1_20' title="bbox 2750 2850 4807 2934">
     <span class='ocr_line' id='line_1_78' title="bbox 2750 2850 4807 2934; baseline 0 -18"><span class='ocrx_word' id='word_1_603' title='bbox 2750 2850 2924 2934; x_wconf 90' lang='lat' dir='ltr'>apud</span> <span class='ocrx_word' id='word_1_604' title='bbox 2964 2871 3072 2916; x_wconf 89' lang='lat' dir='ltr'>me</span> <span class='ocrx_word' id='word_1_605' title='bbox 3117 2852 3355 2917; x_wconf 82' lang='lat' dir='ltr'>tacitus</span> <span class='ocrx_word' id='word_1_606' title='bbox 3400 2852 3550 2929; x_wconf 87' lang='lat' dir='ltr'>alui,</span> <span class='ocrx_word' id='word_1_607' title='bbox 3599 2853 3835 2918; x_wconf 86' lang='lat' dir='ltr'>amoris</span> <span class='ocrx_word' id='word_1_608' title='bbox 3880 2852 4183 2919; x_wconf 86' lang='lat' dir='ltr'>affectum</span> <span class='ocrx_word' id='word_1_609' title='bbox 4232 2854 4351 2919; x_wconf 90' lang='lat' dir='ltr'>tibi</span> <span class='ocrx_word' id='word_1_610' title='bbox 4390 2863 4682 2920; x_wconf 89' lang='lat' dir='ltr'>testatum</span> <span class='ocrx_word' id='word_1_611' title='bbox 4806 2855 4807 2860; x_wconf 76' lang='grc'>’</span> 
     </span>
    </p>
   </div>
   <div class='ocr_carea' id='block_1_20' title="bbox 2747 2936 4771 3364">
    <p class='ocr_par' dir='ltr' id='par_1_21' title="bbox 2747 2936 4771 3364">
     <span class='ocr_line' id='line_1_79' title="bbox 2747 2936 4771 3026; baseline 0.001 -24"><span class='ocrx_word' id='word_1_612' title='bbox 2747 2937 3048 3014; x_wconf 88' lang='lat' dir='ltr'>facerem,</span> <span class='ocrx_word' id='word_1_613' title='bbox 3094 2937 3217 3002; x_wconf 91' lang='lat' dir='ltr'>hoc</span> <span class='ocrx_word' id='word_1_614' title='bbox 3258 2956 3477 3002; x_wconf 90' lang='lat' dir='ltr'>meum</span> <span class='ocrx_word' id='word_1_615' title='bbox 3521 2938 3805 3003; x_wconf 89' lang='lat' dir='ltr'>officium</span> <span class='ocrx_word' id='word_1_616' title='bbox 3851 2936 3966 3002; x_wconf 87' lang='lat' dir='ltr'>tibi</span> <span class='ocrx_word' id='word_1_617' title='bbox 4004 2959 4135 3004; x_wconf 92' lang='lat' dir='ltr'>non</span> <span class='ocrx_word' id='word_1_618' title='bbox 4179 2940 4318 3005; x_wconf 86' lang='lat' dir='ltr'>fore</span> <span class='ocrx_word' id='word_1_619' title='bbox 4365 2940 4681 3026; x_wconf 82' lang='lat' dir='ltr'>ingratum</span> <span class='ocrx_word' id='word_1_620' title='bbox 4763 2981 4771 2990; x_wconf 94' lang='lat'><em>-</em></span> 
     </span>
     <span class='ocr_line' id='line_1_80' title="bbox 2748 3021 4680 3109; baseline 0.002 -22"><span class='ocrx_word' id='word_1_621' title='bbox 2748 3022 2911 3088; x_wconf 85' lang='lat' dir='ltr'>mihi</span> <span class='ocrx_word' id='word_1_622' title='bbox 2954 3022 3267 3106; x_wconf 88' lang='lat' dir='ltr'>persuasi.</span> <span class='ocrx_word' id='word_1_623' title='bbox 3359 3021 3726 3098; x_wconf 80' lang='lat' dir='ltr'>Caeterum,</span> <span class='ocrx_word' id='word_1_624' title='bbox 3772 3024 4034 3108; x_wconf 90' lang='lat' dir='ltr'>quando</span> <span class='ocrx_word' id='word_1_625' title='bbox 4078 3045 4288 3109; x_wconf 91' lang='lat' dir='ltr'>neque</span> <span class='ocrx_word' id='word_1_626' title='bbox 4346 3037 4421 3092; x_wconf 90' lang='lat' dir='ltr'>tu</span> <span class='ocrx_word' id='word_1_627' title='bbox 4463 3028 4531 3091; x_wconf 90' lang='lat' dir='ltr'>in</span> <span class='ocrx_word' id='word_1_628' title='bbox 4571 3028 4680 3090; x_wconf 89' lang='lat' dir='ltr'>isto</span> 
     </span>
     <span class='ocr_line' id='line_1_81' title="bbox 2748 3106 4679 3192; baseline 0.002 -20"><span class='ocrx_word' id='word_1_629' title='bbox 2748 3108 3051 3175; x_wconf 87' lang='lat' dir='ltr'>fortunae</span> <span class='ocrx_word' id='word_1_630' title='bbox 3094 3106 3436 3192; x_wconf 89' lang='lat' dir='ltr'>splendore</span> <span class='ocrx_word' id='word_1_631' title='bbox 3477 3110 3754 3192; x_wconf 88' lang='lat' dir='ltr'>privatis</span> <span class='ocrx_word' id='word_1_632' title='bbox 3795 3112 3923 3177; x_wconf 90' lang='lat' dir='ltr'>mei</span> <span class='ocrx_word' id='word_1_633' title='bbox 3966 3111 4281 3177; x_wconf 87' lang='lat' dir='ltr'>similium</span> <span class='ocrx_word' id='word_1_634' title='bbox 4323 3113 4553 3179; x_wconf 86' lang='lat' dir='ltr'>officiis</span> <span class='ocrx_word' id='word_1_635' title='bbox 4590 3113 4679 3176; x_wconf 88' lang='lat' dir='ltr'>in-</span> 
     </span>
     <span class='ocr_line' id='line_1_82' title="bbox 2752 3192 4680 3279; baseline 0.002 -20"><span class='ocrx_word' id='word_1_636' title='bbox 2752 3192 2952 3279; x_wconf 89' lang='lat' dir='ltr'>diges,</span> <span class='ocrx_word' id='word_1_637' title='bbox 2995 3201 3064 3260; x_wconf 90' lang='lat' dir='ltr'>et</span> <span class='ocrx_word' id='word_1_638' title='bbox 3104 3214 3225 3279; x_wconf 80' lang='lat' dir='ltr'>ego</span> <span class='ocrx_word' id='word_1_639' title='bbox 3261 3195 3585 3260; x_wconf 88' lang='lat' dir='ltr'>tenuitate</span> <span class='ocrx_word' id='word_1_640' title='bbox 3620 3216 3767 3262; x_wconf 90' lang='lat' dir='ltr'>mea</span> <span class='ocrx_word' id='word_1_641' title='bbox 3801 3205 4145 3263; x_wconf 88' lang='lat' dir='ltr'>contentus</span> <span class='ocrx_word' id='word_1_642' title='bbox 4181 3198 4351 3262; x_wconf 90' lang='lat' dir='ltr'>nihil</span> <span class='ocrx_word' id='word_1_643' title='bbox 4392 3199 4508 3264; x_wconf 87' lang='lat' dir='ltr'>tibi</span> <span class='ocrx_word' id='word_1_644' title='bbox 4544 3218 4680 3263; x_wconf 89' lang='lat' dir='ltr'>one-</span> 
     </span>
     <span class='ocr_line' id='line_1_83' title="bbox 2751 3281 4680 3364; baseline 0.002 -19"><span class='ocrx_word' id='word_1_645' title='bbox 2751 3281 2844 3345; x_wconf 91' lang='lat' dir='ltr'>ris</span> <span class='ocrx_word' id='word_1_646' title='bbox 2888 3301 3035 3346; x_wconf 89' lang='lat' dir='ltr'>mea</span> <span class='ocrx_word' id='word_1_647' title='bbox 3077 3300 3274 3347; x_wconf 89' lang='lat' dir='ltr'>causa</span> <span class='ocrx_word' id='word_1_648' title='bbox 3314 3281 3690 3364; x_wconf 88' lang='lat' dir='ltr'>impositum</span> <span class='ocrx_word' id='word_1_649' title='bbox 3739 3302 3880 3349; x_wconf 88' lang='lat' dir='ltr'>esse</span> <span class='ocrx_word' id='word_1_650' title='bbox 3929 3283 4109 3348; x_wconf 91' lang='lat' dir='ltr'>volo:</span> <span class='ocrx_word' id='word_1_651' title='bbox 4164 3294 4471 3349; x_wconf 87' lang='lat' dir='ltr'>mutuam</span> <span class='ocrx_word' id='word_1_652' title='bbox 4526 3287 4680 3349; x_wconf 88' lang='lat' dir='ltr'>inter</span> 
     </span>
    </p>
   </div>
   <div class='ocr_carea' id='block_1_21' title="bbox 2748 3367 4807 3522">
    <p class='ocr_par' dir='ltr' id='par_1_22' title="bbox 2748 3367 4807 3522">
     <span class='ocr_line' id='line_1_84' title="bbox 2750 3367 4807 3449; baseline 0.001 -18"><span class='ocrx_word' id='word_1_653' title='bbox 2750 3386 2872 3433; x_wconf 93' lang='lat' dir='ltr'>nos</span> <span class='ocrx_word' id='word_1_654' title='bbox 2917 3367 3440 3432; x_wconf 87' lang='lat' dir='ltr'>benevolentiam</span> <span class='ocrx_word' id='word_1_655' title='bbox 3482 3368 3773 3434; x_wconf 87' lang='lat' dir='ltr'>colamus</span> <span class='ocrx_word' id='word_1_656' title='bbox 3815 3368 3886 3432; x_wconf 93' lang='lat' dir='ltr'>in</span> <span class='ocrx_word' id='word_1_657' title='bbox 3929 3367 4054 3433; x_wconf 90' lang='lat' dir='ltr'>hac</span> <span class='ocrx_word' id='word_1_658' title='bbox 4092 3368 4340 3436; x_wconf 86' lang='lat' dir='ltr'>caduca</span> <span class='ocrx_word' id='word_1_659' title='bbox 4388 3373 4537 3449; x_wconf 87' lang='lat' dir='ltr'>vita,</span> <span class='ocrx_word' id='word_1_660' title='bbox 4580 3370 4679 3434; x_wconf 90' lang='lat' dir='ltr'>do-</span> <span class='ocrx_word' id='word_1_661' title='bbox 4806 3399 4807 3448; x_wconf 61' lang='grc' dir='ltr'><strong>ς</strong></span> 
     </span>
     <span class='ocr_line' id='line_1_85' title="bbox 2748 3451 4807 3522; baseline 0 -4"><span class='ocrx_word' id='word_1_662' title='bbox 2748 3472 2872 3518; x_wconf 92' lang='lat' dir='ltr'>nec</span> <span class='ocrx_word' id='word_1_663' title='bbox 2915 3452 2986 3517; x_wconf 93' lang='lat' dir='ltr'>in</span> <span class='ocrx_word' id='word_1_664' title='bbox 3027 3451 3308 3518; x_wconf 88' lang='lat' dir='ltr'>solidum</span> <span class='ocrx_word' id='word_1_665' title='bbox 3352 3472 3430 3518; x_wconf 88' lang='lat' dir='ltr'>ea</span> <span class='ocrx_word' id='word_1_666' title='bbox 3483 3452 3785 3520; x_wconf 85' lang='lat' dir='ltr'>fruamur</span> <span class='ocrx_word' id='word_1_667' title='bbox 3838 3455 3904 3519; x_wconf 92' lang='lat' dir='ltr'>in</span> <span class='ocrx_word' id='word_1_668' title='bbox 3959 3455 4157 3521; x_wconf 77' lang='lat' dir='ltr'>coelo.</span> <span class='ocrx_word' id='word_1_669' title='bbox 4243 3455 4522 3522; x_wconf 85' lang='lat' dir='ltr'>Interim</span> <span class='ocrx_word' id='word_1_670' title='bbox 4562 3475 4679 3520; x_wconf 89' lang='lat' dir='ltr'>uno</span> <span class='ocrx_word' id='word_1_671' title='bbox 4806 3473 4807 3502; x_wconf 66' lang='lat'><em>³</em></span> 
     </span>
    </p>
   </div>
   <div class='ocr_carea' id='block_1_22' title="bbox 2747 3536 4678 3712">
    <p class='ocr_par' dir='ltr' id='par_1_23' title="bbox 2747 3536 4678 3712">
     <span class='ocr_line' id='line_1_86' title="bbox 2748 3536 4678 3626; baseline 0.002 -23"><span class='ocrx_word' id='word_1_672' title='bbox 2748 3558 3068 3605; x_wconf 88' lang='lat' dir='ltr'>consensu</span> <span class='ocrx_word' id='word_1_673' title='bbox 3114 3536 3491 3605; x_wconf 84' lang='lat' dir='ltr'>studeamus</span> <span class='ocrx_word' id='word_1_674' title='bbox 3546 3560 3824 3626; x_wconf 91' lang='lat' dir='ltr'>regnum</span> <span class='ocrx_word' id='word_1_675' title='bbox 3869 3540 4122 3607; x_wconf 86' lang='lat' dir='ltr'>Ohristi</span> <span class='ocrx_word' id='word_1_676' title='bbox 4179 3561 4433 3619; x_wconf 86' lang='lat' dir='ltr'>ornare,</span> <span class='ocrx_word' id='word_1_677' title='bbox 4493 3563 4678 3625; x_wconf 88' lang='lat' dir='ltr'>quan·</span> 
     </span>
     <span class='ocr_line' id='line_1_87' title="bbox 2747 3623 4675 3712; baseline 0.001 -23"><span class='ocrx_word' id='word_1_678' title='bbox 2747 3630 2890 3689; x_wconf 87' lang='lat' dir='ltr'>tum</span> <span class='ocrx_word' id='word_1_679' title='bbox 2954 3624 3023 3690; x_wconf 92' lang='lat' dir='ltr'>in</span> <span class='ocrx_word' id='word_1_680' title='bbox 3088 3623 3277 3689; x_wconf 88' lang='lat' dir='ltr'>nobis</span> <span class='ocrx_word' id='word_1_681' title='bbox 3342 3634 3472 3705; x_wconf 90' lang='lat' dir='ltr'>est,</span> <span class='ocrx_word' id='word_1_682' title='bbox 3538 3644 3899 3712; x_wconf 86' lang='lat' dir='ltr'>propagare</span> <span class='ocrx_word' id='word_1_683' title='bbox 3965 3634 4030 3692; x_wconf 92' lang='lat' dir='ltr'>et</span> <span class='ocrx_word' id='word_1_684' title='bbox 4093 3628 4282 3694; x_wconf 88' lang='lat' dir='ltr'>tueri.</span> <span class='ocrx_word' id='word_1_685' title='bbox 4375 3625 4675 3693; x_wconf 86' lang='lat' dir='ltr'>Videmus</span> 
     </span>
    </p>
   </div>
   <div class='ocr_carea' id='block_1_23' title="bbox 2747 3709 4807 3798">
    <p class='ocr_par' dir='ltr' id='par_1_24' title="bbox 2747 3709 4807 3798">
     <span class='ocr_line' id='line_1_88' title="bbox 2747 3709 4807 3798; baseline 0 -22"><span class='ocrx_word' id='word_1_686' title='bbox 2747 3709 2923 3776; x_wconf 89' lang='lat' dir='ltr'>enim</span> <span class='ocrx_word' id='word_1_687' title='bbox 2967 3730 3163 3794; x_wconf 80' lang='lat' dir='ltr'>quam</span> <span class='ocrx_word' id='word_1_688' title='bbox 3205 3710 3398 3777; x_wconf 90' lang='lat' dir='ltr'>multi</span> <span class='ocrx_word' id='word_1_689' title='bbox 3440 3711 3576 3775; x_wconf 91' lang='lat' dir='ltr'>sint</span> <span class='ocrx_word' id='word_1_690' title='bbox 3616 3711 3834 3794; x_wconf 87' lang='lat' dir='ltr'>palam</span> <span class='ocrx_word' id='word_1_691' title='bbox 3869 3712 4089 3779; x_wconf 83' lang='lat' dir='ltr'>infesti</span> <span class='ocrx_word' id='word_1_692' title='bbox 4132 3713 4375 3791; x_wconf 90' lang='lat' dir='ltr'>hostes,</span> <span class='ocrx_word' id='word_1_693' title='bbox 4420 3732 4678 3798; x_wconf 88' lang='lat' dir='ltr'>quorum</span> <span class='ocrx_word' id='word_1_694' title='bbox 4806 3787 4807 3790; x_wconf 8' lang='grc' dir='ltr'><strong>Ἴ</strong></span> 
     </span>
    </p>
   </div>
   <div class='ocr_carea' id='block_1_24' title="bbox 2745 3795 4679 5253">
    <p class='ocr_par' dir='ltr' id='par_1_25' title="bbox 2745 3795 4679 5253">
     <span class='ocr_line' id='line_1_89' title="bbox 2746 3795 4678 3881; baseline 0 -20"><span class='ocrx_word' id='word_1_695' title='bbox 2746 3797 2819 3861; x_wconf 91' lang='lat' dir='ltr'>in</span> <span class='ocrx_word' id='word_1_696' title='bbox 2865 3795 3003 3863; x_wconf 89' lang='lat' dir='ltr'>dies</span> <span class='ocrx_word' id='word_1_697' title='bbox 3045 3798 3256 3881; x_wconf 86' lang='lat' dir='ltr'>magis</span> <span class='ocrx_word' id='word_1_698' title='bbox 3289 3798 3521 3863; x_wconf 89' lang='lat' dir='ltr'>crescit</span> <span class='ocrx_word' id='word_1_699' title='bbox 3561 3797 3742 3863; x_wconf 83' lang='lat' dir='ltr'>furor</span> <span class='ocrx_word' id='word_1_700' title='bbox 3776 3806 3844 3864; x_wconf 86' lang='lat' dir='ltr'>et</span> <span class='ocrx_word' id='word_1_701' title='bbox 3886 3797 4293 3864; x_wconf 87' lang='lat' dir='ltr'>accenditur:</span> <span class='ocrx_word' id='word_1_702' title='bbox 4316 3820 4430 3878; x_wconf 29' lang='lat' dir='ltr'>,ex</span> <span class='ocrx_word' id='word_1_703' title='bbox 4473 3817 4678 3864; x_wconf 88' lang='lat' dir='ltr'>eorum</span> 
     </span>
     <span class='ocr_line' id='line_1_90' title="bbox 2748 3883 4679 3970; baseline -0.001 -20"><span class='ocrx_word' id='word_1_704' title='bbox 2748 3890 2966 3950; x_wconf 89' lang='lat' dir='ltr'>autem</span> <span class='ocrx_word' id='word_1_705' title='bbox 3002 3901 3294 3961; x_wconf 89' lang='lat' dir='ltr'>numero,</span> <span class='ocrx_word' id='word_1_706' title='bbox 3332 3885 3443 3967; x_wconf 90' lang='lat' dir='ltr'>qui</span> <span class='ocrx_word' id='word_1_707' title='bbox 3477 3903 3715 3949; x_wconf 91' lang='lat' dir='ltr'>nomen</span> <span class='ocrx_word' id='word_1_708' title='bbox 3750 3885 4092 3970; x_wconf 89' lang='lat' dir='ltr'>evangelio</span> <span class='ocrx_word' id='word_1_709' title='bbox 4126 3883 4470 3962; x_wconf 81' lang='lat' dir='ltr'>dederunt,</span> <span class='ocrx_word' id='word_1_710' title='bbox 4503 3904 4679 3968; x_wconf 87' lang='lat' dir='ltr'>quam</span> 
     </span>
     <span class='ocr_line' id='line_1_91' title="bbox 2746 3968 4677 4056; baseline 0.001 -21"><span class='ocrx_word' id='word_1_711' title='bbox 2746 3970 2939 4054; x_wconf 89' lang='lat' dir='ltr'>pauci</span> <span class='ocrx_word' id='word_1_712' title='bbox 2995 3968 3166 4034; x_wconf 87' lang='lat' dir='ltr'>bona</span> <span class='ocrx_word' id='word_1_713' title='bbox 3211 3968 3341 4035; x_wconf 89' lang='lat' dir='ltr'>fide</span> <span class='ocrx_word' id='word_1_714' title='bbox 3395 3970 3465 4034; x_wconf 90' lang='lat' dir='ltr'>in</span> <span class='ocrx_word' id='word_1_715' title='bbox 3522 3968 3872 4036; x_wconf 86' lang='lat' dir='ltr'>asserenda</span> <span class='ocrx_word' id='word_1_716' title='bbox 3924 3971 4043 4036; x_wconf 88' lang='lat' dir='ltr'>filii</span> <span class='ocrx_word' id='word_1_717' title='bbox 4091 3971 4220 4038; x_wconf 90' lang='lat' dir='ltr'>Dei</span> <span class='ocrx_word' id='word_1_718' title='bbox 4262 3971 4480 4056; x_wconf 83' lang='lat' dir='ltr'>gloria</span> <span class='ocrx_word' id='word_1_719' title='bbox 4519 3970 4677 4036; x_wconf 88' lang='lat' dir='ltr'>labo-</span> 
     </span>
     <span class='ocr_line' id='line_1_92' title="bbox 2746 4053 4676 4143; baseline -0.002 -21"><span class='ocrx_word' id='word_1_720' title='bbox 2746 4064 2924 4122; x_wconf 87' lang='lat' dir='ltr'>rent:</span> <span class='ocrx_word' id='word_1_721' title='bbox 2968 4063 3285 4140; x_wconf 89' lang='lat' dir='ltr'>quantum</span> <span class='ocrx_word' id='word_1_722' title='bbox 3330 4054 3418 4121; x_wconf 90' lang='lat' dir='ltr'>sit</span> <span class='ocrx_word' id='word_1_723' title='bbox 3471 4056 3542 4120; x_wconf 91' lang='lat' dir='ltr'>in</span> <span class='ocrx_word' id='word_1_724' title='bbox 3597 4055 3823 4123; x_wconf 90' lang='lat' dir='ltr'>multis</span> <span class='ocrx_word' id='word_1_725' title='bbox 3863 4057 4261 4141; x_wconf 88' lang='lat' dir='ltr'>primoribus</span> <span class='ocrx_word' id='word_1_726' title='bbox 4303 4058 4532 4143; x_wconf 83' lang='lat' dir='ltr'>frigus,</span> <span class='ocrx_word' id='word_1_727' title='bbox 4586 4053 4676 4122; x_wconf 91' lang='lat' dir='ltr'>vel</span> 
     </span>
     <span class='ocr_line' id='line_1_93' title="bbox 2745 4138 4673 4228; baseline -0.002 -22"><span class='ocrx_word' id='word_1_728' title='bbox 2745 4141 2966 4226; x_wconf 90' lang='lat' dir='ltr'>potius</span> <span class='ocrx_word' id='word_1_729' title='bbox 2986 4153 3233 4225; x_wconf 87' lang='lat' dir='ltr'>quanta</span> <span class='ocrx_word' id='word_1_730' title='bbox 3264 4139 3555 4225; x_wconf 88' lang='lat' dir='ltr'>ignavia:</span> <span class='ocrx_word' id='word_1_731' title='bbox 3594 4150 3874 4225; x_wconf 88' lang='lat' dir='ltr'>quantus</span> <span class='ocrx_word' id='word_1_732' title='bbox 3915 4143 4193 4228; x_wconf 85' lang='lat' dir='ltr'>denique</span> <span class='ocrx_word' id='word_1_733' title='bbox 4226 4145 4432 4211; x_wconf 90' lang='lat' dir='ltr'>totius</span> <span class='ocrx_word' id='word_1_734' title='bbox 4466 4138 4673 4208; x_wconf 88' lang='lat' dir='ltr'>mundi</span> 
     </span>
     <span class='ocr_line' id='line_1_94' title="bbox 2748 4225 4672 4312; baseline 0.001 -19"><span class='ocrx_word' id='word_1_735' title='bbox 2748 4235 2998 4312; x_wconf 88' lang='lat' dir='ltr'>stupor.</span> <span class='ocrx_word' id='word_1_736' title='bbox 3067 4225 3464 4309; x_wconf 82' lang='lat' dir='ltr'>Quanquam</span> <span class='ocrx_word' id='word_1_737' title='bbox 3505 4235 3721 4293; x_wconf 90' lang='lat' dir='ltr'>autem</span> <span class='ocrx_word' id='word_1_738' title='bbox 3768 4228 3929 4293; x_wconf 91' lang='lat' dir='ltr'>adeo</span> <span class='ocrx_word' id='word_1_739' title='bbox 3967 4238 4030 4295; x_wconf 92' lang='lat' dir='ltr'>te</span> <span class='ocrx_word' id='word_1_740' title='bbox 4065 4229 4515 4296; x_wconf 77' lang='lat' dir='ltr'>voluntarium</span> <span class='ocrx_word' id='word_1_741' title='bbox 4549 4246 4672 4294; x_wconf 84' lang='lat' dir='ltr'>esse</span> 
     </span>
     <span class='ocr_line' id='line_1_95' title="bbox 2747 4312 4675 4399; baseline 0 -20"><span class='ocrx_word' id='word_1_742' title='bbox 2747 4314 3067 4391; x_wconf 85' lang='lat' dir='ltr'>existimo,</span> <span class='ocrx_word' id='word_1_743' title='bbox 3113 4322 3192 4378; x_wconf 92' lang='lat' dir='ltr'>ut</span> <span class='ocrx_word' id='word_1_744' title='bbox 3234 4312 3460 4378; x_wconf 87' lang='lat' dir='ltr'>alienis</span> <span class='ocrx_word' id='word_1_745' title='bbox 3509 4313 3791 4379; x_wconf 90' lang='lat' dir='ltr'>stimulis</span> <span class='ocrx_word' id='word_1_746' title='bbox 3833 4316 4104 4381; x_wconf 91' lang='lat' dir='ltr'>minime</span> <span class='ocrx_word' id='word_1_747' title='bbox 4146 4313 4472 4399; x_wconf 85' lang='lat' dir='ltr'>indigeas:</span> <span class='ocrx_word' id='word_1_748' title='bbox 4528 4334 4675 4398; x_wconf 83' lang='lat' dir='ltr'>quac</span> 
     </span>
     <span class='ocr_line' id='line_1_96' title="bbox 2747 4397 4673 4485; baseline -0.001 -20"><span class='ocrx_word' id='word_1_749' title='bbox 2747 4409 2972 4466; x_wconf 88' lang='lat' dir='ltr'>tamen</span> <span class='ocrx_word' id='word_1_750' title='bbox 3014 4397 3394 4464; x_wconf 86' lang='lat' dir='ltr'>humanitas</span> <span class='ocrx_word' id='word_1_751' title='bbox 3437 4409 3552 4463; x_wconf 90' lang='lat' dir='ltr'>tua</span> <span class='ocrx_word' id='word_1_752' title='bbox 3597 4408 3728 4476; x_wconf 87' lang='lat' dir='ltr'>est,</span> <span class='ocrx_word' id='word_1_753' title='bbox 3787 4421 3918 4466; x_wconf 90' lang='lat' dir='ltr'>non</span> <span class='ocrx_word' id='word_1_754' title='bbox 3965 4399 4188 4466; x_wconf 87' lang='lat' dir='ltr'>dubito</span> <span class='ocrx_word' id='word_1_755' title='bbox 4233 4402 4394 4485; x_wconf 88' lang='lat' dir='ltr'>quin</span> <span class='ocrx_word' id='word_1_756' title='bbox 4440 4402 4551 4467; x_wconf 88' lang='lat' dir='ltr'>tibi</span> <span class='ocrx_word' id='word_1_757' title='bbox 4590 4400 4673 4464; x_wconf 81' lang='lat' dir='ltr'>fa·</span> 
     </span>
     <span class='ocr_line' id='line_1_97' title="bbox 2747 4485 4673 4570; baseline 0 -20"><span class='ocrx_word' id='word_1_758' title='bbox 2747 4485 3094 4551; x_wconf 86' lang='lat' dir='ltr'>miliariter</span> <span class='ocrx_word' id='word_1_759' title='bbox 3138 4485 3298 4551; x_wconf 88' lang='lat' dir='ltr'>haec</span> <span class='ocrx_word' id='word_1_760' title='bbox 3355 4504 3394 4549; x_wconf 87' lang='lat' dir='ltr'>a</span> <span class='ocrx_word' id='word_1_761' title='bbox 3448 4504 3556 4550; x_wconf 90' lang='lat' dir='ltr'>me</span> <span class='ocrx_word' id='word_1_762' title='bbox 3598 4487 3872 4570; x_wconf 86' lang='lat' dir='ltr'>proponi</span> <span class='ocrx_word' id='word_1_763' title='bbox 3926 4485 4076 4553; x_wconf 90' lang='lat' dir='ltr'>boni</span> <span class='ocrx_word' id='word_1_764' title='bbox 4132 4487 4465 4566; x_wconf 84' lang='lat' dir='ltr'>consulas,</span> <span class='ocrx_word' id='word_1_765' title='bbox 4522 4505 4673 4569; x_wconf 82' lang='lat' dir='ltr'>quae</span> 
     </span>
     <span class='ocr_line' id='line_1_98' title="bbox 2747 4571 4672 4658; baseline -0.001 -20"><span class='ocrx_word' id='word_1_766' title='bbox 2747 4571 2870 4638; x_wconf 87' lang='lat' dir='ltr'>sibi</span> <span class='ocrx_word' id='word_1_767' title='bbox 2915 4590 3443 4655; x_wconf 90' lang='lat' dir='ltr'>unumquemque</span> <span class='ocrx_word' id='word_1_768' title='bbox 3485 4578 3784 4637; x_wconf 89' lang='lat' dir='ltr'>nostrum</span> <span class='ocrx_word' id='word_1_769' title='bbox 3829 4572 4089 4638; x_wconf 89' lang='lat' dir='ltr'>assidue</span> <span class='ocrx_word' id='word_1_770' title='bbox 4142 4593 4497 4658; x_wconf 86' lang='lat' dir='ltr'>suggerere</span> <span class='ocrx_word' id='word_1_771' title='bbox 4537 4593 4672 4637; x_wconf 89' lang='lat' dir='ltr'>con-</span> 
     </span>
     <span class='ocr_line' id='line_1_99' title="bbox 2749 4654 4673 4743; baseline -0.001 -22"><span class='ocrx_word' id='word_1_772' title='bbox 2749 4658 2948 4723; x_wconf 91' lang='lat' dir='ltr'>venit.</span> <span class='ocrx_word' id='word_1_773' title='bbox 3052 4654 3133 4721; x_wconf 90' lang='lat' dir='ltr'>Id</span> <span class='ocrx_word' id='word_1_774' title='bbox 3168 4675 3323 4721; x_wconf 86' lang='lat' dir='ltr'>vero</span> <span class='ocrx_word' id='word_1_775' title='bbox 3351 4654 3465 4721; x_wconf 87' lang='lat' dir='ltr'>abs</span> <span class='ocrx_word' id='word_1_776' title='bbox 3502 4666 3566 4721; x_wconf 87' lang='lat' dir='ltr'>te</span> <span class='ocrx_word' id='word_1_777' title='bbox 3602 4659 3988 4723; x_wconf 88' lang='lat' dir='ltr'>nominatim</span> <span class='ocrx_word' id='word_1_778' title='bbox 4029 4670 4193 4742; x_wconf 88' lang='lat' dir='ltr'>peto,</span> <span class='ocrx_word' id='word_1_779' title='bbox 4229 4675 4304 4723; x_wconf 91' lang='lat' dir='ltr'>ut</span> <span class='ocrx_word' id='word_1_780' title='bbox 4339 4661 4395 4726; x_wconf 93' lang='lat' dir='ltr'>si</span> <span class='ocrx_word' id='word_1_781' title='bbox 4433 4659 4673 4743; x_wconf 89' lang='lat' dir='ltr'>quando</span> 
     </span>
     <span class='ocr_line' id='line_1_100' title="bbox 2748 4741 4672 4829; baseline -0.001 -21"><span class='ocrx_word' id='word_1_782' title='bbox 2748 4743 3000 4829; x_wconf 87' lang='lat' dir='ltr'>Regem</span> <span class='ocrx_word' id='word_1_783' title='bbox 3039 4741 3528 4808; x_wconf 88' lang='lat' dir='ltr'>serenissimum</span> <span class='ocrx_word' id='word_1_784' title='bbox 3563 4744 3892 4811; x_wconf 88' lang='lat' dir='ltr'>censueris</span> <span class='ocrx_word' id='word_1_785' title='bbox 3927 4746 4092 4811; x_wconf 90' lang='lat' dir='ltr'>meis</span> <span class='ocrx_word' id='word_1_786' title='bbox 4128 4744 4672 4812; x_wconf 82' lang='lat' dir='ltr'>exhortationibus</span> 
     </span>
     <span class='ocr_line' id='line_1_101' title="bbox 2746 4828 4669 4914; baseline -0.002 -20"><span class='ocrx_word' id='word_1_787' title='bbox 2746 4828 3016 4895; x_wconf 86' lang='lat' dir='ltr'>excitari</span> <span class='ocrx_word' id='word_1_788' title='bbox 3060 4847 3276 4912; x_wconf 88' lang='lat' dir='ltr'>posse,</span> <span class='ocrx_word' id='word_1_789' title='bbox 3334 4848 3599 4894; x_wconf 90' lang='lat' dir='ltr'>monere</span> <span class='ocrx_word' id='word_1_790' title='bbox 3641 4839 3707 4895; x_wconf 91' lang='lat' dir='ltr'>et</span> <span class='ocrx_word' id='word_1_791' title='bbox 3746 4851 3831 4895; x_wconf 85' lang='lat' dir='ltr'>ex</span> <span class='ocrx_word' id='word_1_792' title='bbox 3870 4851 3941 4897; x_wconf 92' lang='lat' dir='ltr'>re</span> <span class='ocrx_word' id='word_1_793' title='bbox 3983 4833 4308 4914; x_wconf 88' lang='lat' dir='ltr'>praesenti</span> <span class='ocrx_word' id='word_1_794' title='bbox 4350 4829 4669 4899; x_wconf 88' lang='lat' dir='ltr'>consilium</span> 
     </span>
     <span class='ocr_line' id='line_1_102' title="bbox 2748 4913 4666 4999; baseline -0.001 -19"><span class='ocrx_word' id='word_1_795' title='bbox 2748 4913 2904 4981; x_wconf 87' lang='lat' dir='ltr'>dare</span> <span class='ocrx_word' id='word_1_796' title='bbox 2946 4935 3032 4980; x_wconf 90' lang='lat' dir='ltr'>ne</span> <span class='ocrx_word' id='word_1_797' title='bbox 3073 4914 3388 4998; x_wconf 87' lang='lat' dir='ltr'>graveris.</span> <span class='ocrx_word' id='word_1_798' title='bbox 3463 4913 3645 4995; x_wconf 86' lang='lat' dir='ltr'>Vale,</span> <span class='ocrx_word' id='word_1_799' title='bbox 3687 4918 4249 4999; x_wconf 84' lang='lat' dir='ltr'>praestantissime</span> <span class='ocrx_word' id='word_1_800' title='bbox 4285 4918 4388 4983; x_wconf 87' lang='lat' dir='ltr'>vir</span> <span class='ocrx_word' id='word_1_801' title='bbox 4421 4930 4487 4982; x_wconf 90' lang='lat' dir='ltr'>et</span> <span class='ocrx_word' id='word_1_802' title='bbox 4521 4913 4666 4980; x_wconf 85' lang='lat' dir='ltr'>mihi</span> 
     </span>
     <span class='ocr_line' id='line_1_103' title="bbox 2751 4999 4667 5087; baseline -0.001 -21"><span class='ocrx_word' id='word_1_803' title='bbox 2751 5022 2835 5067; x_wconf 85' lang='lat' dir='ltr'>ex</span> <span class='ocrx_word' id='word_1_804' title='bbox 2881 5001 3099 5066; x_wconf 90' lang='lat' dir='ltr'>animo</span> <span class='ocrx_word' id='word_1_805' title='bbox 3142 4999 3426 5065; x_wconf 89' lang='lat' dir='ltr'>colende.</span> <span class='ocrx_word' id='word_1_806' title='bbox 3504 5001 3822 5067; x_wconf 88' lang='lat' dir='ltr'>Dominus</span> <span class='ocrx_word' id='word_1_807' title='bbox 3867 5011 3931 5066; x_wconf 89' lang='lat' dir='ltr'>te</span> <span class='ocrx_word' id='word_1_808' title='bbox 3974 5022 4095 5068; x_wconf 89' lang='lat' dir='ltr'>suo</span> <span class='ocrx_word' id='word_1_809' title='bbox 4137 5003 4461 5087; x_wconf 88' lang='lat' dir='ltr'>praesidio</span> <span class='ocrx_word' id='word_1_810' title='bbox 4504 5017 4667 5066; x_wconf 83' lang='lat' dir='ltr'>tuea-</span> 
     </span>
     <span class='ocr_line' id='line_1_104' title="bbox 2750 5085 4671 5174; baseline -0.003 -21"><span class='ocrx_word' id='word_1_811' title='bbox 2750 5097 2887 5165; x_wconf 88' lang='lat' dir='ltr'>tur,</span> <span class='ocrx_word' id='word_1_812' title='bbox 2948 5085 3181 5170; x_wconf 88' lang='lat' dir='ltr'>spiritu</span> <span class='ocrx_word' id='word_1_813' title='bbox 3237 5105 3357 5153; x_wconf 89' lang='lat' dir='ltr'>suo</span> <span class='ocrx_word' id='word_1_814' title='bbox 3413 5085 3777 5171; x_wconf 89' lang='lat' dir='ltr'>gubernare</span> <span class='ocrx_word' id='word_1_815' title='bbox 3829 5097 4088 5174; x_wconf 87' lang='lat' dir='ltr'>pergat,</span> <span class='ocrx_word' id='word_1_816' title='bbox 4146 5098 4214 5156; x_wconf 93' lang='lat' dir='ltr'>et</span> <span class='ocrx_word' id='word_1_817' title='bbox 4267 5089 4507 5155; x_wconf 87' lang='lat' dir='ltr'>sanctis</span> <span class='ocrx_word' id='word_1_818' title='bbox 4548 5085 4671 5151; x_wconf 78' lang='lat' dir='ltr'>tuis</span> 
     </span>
     <span class='ocr_line' id='line_1_105' title="bbox 2747 5169 4668 5253; baseline -0.004 -14"><span class='ocrx_word' id='word_1_819' title='bbox 2747 5171 3077 5240; x_wconf 85' lang='lat' dir='ltr'>laboribus</span> <span class='ocrx_word' id='word_1_820' title='bbox 3144 5172 3539 5239; x_wconf 86' lang='lat' dir='ltr'>benedicere.</span> <span class='ocrx_word' id='word_1_821' title='bbox 3642 5172 3982 5253; x_wconf 80' lang='lat' dir='ltr'>Genevae,</span> <span class='ocrx_word' id='word_1_822' title='bbox 4054 5174 4280 5241; x_wconf 90' lang='lat' dir='ltr'>Idibus</span> <span class='ocrx_word' id='word_1_823' title='bbox 4337 5169 4668 5241; x_wconf 83' lang='lat' dir='ltr'>Februarii</span> 
     </span>
    </p>
   </div>
   <div class='ocr_carea' id='block_1_25' title="bbox 3606 5350 3909 5358">
    <p class='ocr_par' dir='ltr' id='par_1_26' title="bbox 3606 5350 3909 5358">
     <span class='ocr_line' id='line_1_106' title="bbox 3606 5350 3909 5358; baseline 0.01 -5"><span class='ocrx_word' id='word_1_824' title='bbox 3606 5350 3659 5356; x_wconf 77' lang='grc'><strong>-,,-</strong></span> <span class='ocrx_word' id='word_1_825' title='bbox 3686 5351 3731 5356; x_wconf 87' lang='grc'><strong>--..</strong></span> <span class='ocrx_word' id='word_1_826' title='bbox 3784 5351 3909 5358; x_wconf 76' lang='grc'><strong>-,-,..-</strong></span> 
     </span>
    </p>
   </div>
  </div>
 </body>
</html>
