4900 6167
690 472 811 532 1⁷5

684 656 873 745 quasi
915 656 1097 723 vobis
1140 656 1440 723 omuibus
1493 658 2004 725 assentientibus
2047 657 2221 724 solus
2277 658 2420 740 ipse
2436 708 2451 734 ‚
2521 658 2637 740 qui

684 763 867 808 mera
909 742 1087 826 talpa
1126 752 1244 821 est,
1290 752 1476 809 acute
1520 751 1763 809 cernat.
2170 742 2175 748 ’

854 827 991 896 Sed
1048 848 1172 913 ego
1228 840 1372 894 tum
1414 829 1836 912 querimoniis
1878 850 2155 912 quarum
2210 827 2429 912 ampla
2474 828 2637 893 mihi

682 915 791 980 hic
832 914 1110 979 materia
1150 922 1546 999 suppeteret,
1590 923 1730 980 tum
1775 914 2057 1000 longiori
2092 913 2176 979 ad
2210 935 2327 981 vos
2363 915 2635 979 hortau-

685 999 800 1066 dos
841 999 1337 1084 incitandosque
1376 1002 1659 1066 sermoni
1701 1000 2109 1084 supersedeo.
2200 998 2278 1066 Si
2322 1000 2391 1065 iu
2435 1021 2637 1066 causa

684 1085 835 1163 hac,
904 1107 1070 1169 quae
1117 1087 1298 1154 vobis
1341 1087 1471 1152 uisi
1515 1085 1708 1151 fallor
1752 1107 2006 1153 mecum
2067 1109 2209 1152 esse
2268 1086 2635 1152 eommunis

684 1172 903 1247 debet,
976 1193 1078 1237 me
1149 1171 1490 1237 hominum
1546 1173 1902 1254 patrocinio
1958 1171 2222 1238 destitui
2278 1171 2633 1254 contingat,

682 1277 889 1339 aequo
931 1256 1311 1341 placidoque
1355 1258 1572 1322 animo
1616 1259 1841 1322 feram.
1913 1259 2268 1323 Hominem
2303 1278 2460 1322 vero
2495 1268 2633 1321 tur-

679 1342 1042 1420 bulentum,
1130 1344 1198 1407 ui
1241 1344 1373 1408 iam
1416 1343 1675 1425 saepius
1718 1345 1798 1408 ob
1843 1364 2029 1408 suam
2074 1343 2472 1426 proterviam
2511 1342 2632 1406 mi-

682 1428 952 1494 nisterio
996 1449 1036 1493 a
1127 1430 1328 1494 ‘catus
1371 1428 1513 1505 fuit,
1559 1441 1815 1493 mature
1859 1429 2199 1511 compesci,
2245 1450 2329 1493 ue
2372 1428 2632 1512 lougius

685 1525 903 1596 serpat
945 1515 1085 1578 eius
1142 1514 1595 1596 intemperies,
1656 1528 1875 1580 vestra
1929 1523 1999 1578 et
2054 1514 2254 1578 totius
2320 1513 2631 1580 ecelesiae

681 1622 815 1664 uon
860 1600 1078 1664 minus
1123 1621 1318 1682 quam
1356 1621 1503 1664 mea
1558 1600 1847 1664 interest.
1937 1599 2159 1666 Unum
2206 1599 2469 1683 quidem
2512 1621 2631 1682 pro

680 1685 976 1750 fraterna
1009 1694 1231 1751 nostra
1264 1685 1718 1751 coniunctione
1753 1708 1792 1750 a
1830 1685 2011 1751 vobis
2048 1695 2218 1767 pete,
2261 1684 2460 1768 idque
2496 1707 2632 1749 non

679 1771 845 1835 mihi
887 1771 1239 1837 concedere
1292 1771 1695 1855 gravemini:
1756 1793 1871 1853 per
1914 1771 2164 1838 Christi
2232 1792 2472 1837 nomen
2516 1772 2629 1836 ob-

681 1865 883 1921 testor
926 1879 1009 1920 ne
1054 1858 1408 1940 importuni
1454 1866 1524 1921 et
1545 1856 1805 1922 barbari
1832 1857 2115 1922 hominis
2151 1857 2427 1922 ferociae
2472 1857 2627 1921 sub-

681 1942 791 2007 iici
833 1943 972 2025 pios
1017 1943 1175 2007 istos
1218 1943 1456 2007 fratres
1500 1941 1747 2007 sinatis.

1460 2267 1855 2280 ψ

1564 2540 1749 2608 1527.

1172 2693 1573 2760 VIRETUS
1645 2691 2083 2761 CALVINO.

854 2865 1168 2931 Mauri-sii
1246 2865 1551 2949 neyotium
1646 2863 2077 2930 Bonnensibus
2169 2866 2624 2930 commendavit.

682 2952 902 3018 Etiam
945 2949 1340 3034 Malinqfflcs
1384 2951 1456 3015 in
1502 2947 1838 3016 Calvinmn
1874 2949 2121 3031 publice
2163 2950 2545 3017 declamavit.

971 3122 1085 3187 (Ex
1122 3121 1457 3191 autographo
1494 3120 1625 3175 Ood.
1664 3122 1865 3176 Geuev.
1904 3119 2047 3184 111³,
2084 3122 2175 3175 fol.
2216 3120 2350 3181 188.)

850 3294 1115 3358 Eximio
1171 3293 1326 3359 Iesu
1369 3293 1618 3360 Christi
1684 3313 1872 3358 servo
1917 3290 2002 3357 D.
2060 3291 2295 3357 Ioanni
2351 3291 2629 3358 Calvino

680 3381 869 3446 fratri
913 3388 980 3444 et
1020 3386 1424 3464 symmystae
1468 3376 1873 3445 observando
2124 3462 2453 3530 Genevoe·

853 3604 923 3669 S.
970 3601 1135 3667 Heri
1172 3600 1563 3683 scripseram
1599 3619 1707 3664 me
1740 3598 1963 3664 literas
2002 3599 2244 3665 Far-elli
2272 3604 2317 3681 ¹)
2363 3601 2628 3667 mittere

681 3688 762 3756 ad
808 3699 892 3767 te,
938 3686 1050 3754 sed
1094 3707 1292 3770 quum
1341 3706 1518 3750 meas
1560 3684 1898 3769 obsignavi
1943 3683 2187 3750 oblitus
2230 3706 2394 3751 sum.
2469 3686 2626 3752 Ideo

680 3796 790 3841 eas
834 3793 1013 3839 nunc
1056 3774 1245 3838 mitto
1289 3791 1441 3839 cum
1484 3778 1597 3836 tuo
1656 3769 1871 3856 sigillo
1933 3770 2103 3852 quod
2157 3769 2330 3855 apud
2375 3793 2480 3837 me
2522 3793 2627 3837 re-

679 3861 1016 3944 liquerunt
1058 3859 1185 3924 viri
1229 3856 1325 3922 illi
1358 3857 1511 3923 boui
1544 3856 1779 3940 quibus
1812 3877 1918 3922 res
1962 3865 2062 3922 est
2097 3878 2246 3923 cum
2281 3856 2626 3926 Mauricio·

680 3945 759 4010 Si
818 3966 950 4009 non
1007 3951 1504 4010 commoventur
1548 3942 1679 4008 tuis
1720 3941 1935 4007 literis
1976 3943 2211 4009 fratres
2254 3942 2627 4010 Beruenses

678 4032 982 4097 mirabor.
1069 4028 1250 4094 Besa
1293 4029 1554 4111 scripsit
1596 4048 1807 4111 nuper
1849 4027 2019 4094 hanc
2062 4048 2323 4094 causam
2380 4050 2451 4094 se
2493 4029 2628 4093 iam

679 4129 947 4183 strenue
989 4115 1201 4199 egisse
1218 4115 1277 4194 ²)
1320 4123 1389 4178 et
1431 4113 1761 4178 Hunorum
1813 4112 2008 4179 valde
2063 4114 2262 4180 fuisse
2303 4114 2628 4180 offensum

680 4203 796 4268 illa
870 4200 1289 4284 improbitate
1365 4197 1694 4265 Mauri-sii.
1807 4198 2042 4264 Nescio
2118 4217 2205 4263 au
2274 4199 2630 4265 Zerkintem

678 4288 942 4353 Beruae
984 4284 1317 4351 inventuri
1361 4286 1514 4350 sint.
1601 4284 2078 4351 Commendavi
2120 4284 2363 4351 iterum
2399 4287 2629 4369 paucis

680 4373 854 4439 hauc
897 4392 1159 4438 eausam
1204 4369 1498 4437 Haltero:
1543 4371 1650 4436 eui
1694 4368 1899 4437 adieci
1946 4371 2118 4454 quod
2155 4370 2322 4436 mihi
2365 4370 2448 4435 de
2487 4370 2629 4438 Μα-

678 4459 912 4543 linyn'o
933 4461 988 4533 ³)
1049 4456 1194 4523 heri
1258 4463 1597 4521 narratum
1656 4465 1759 4522 est
1811 4478 1852 4521 a
1953 4455 2186 4522 nodam
2231 4456 2629 4543 Morgiensis

679 4544 907 4612 elassis
949 4543 1267 4620 ministro,
1311 4542 1422 4624 qui
1458 4540 1526 4606 id
1569 4541 1780 4625 ipsum
1818 4478 2160 4608 augiverat
2193 4540 2363 4626 quod
2399 4563 2628 4609 narra-

678 4630 811 4696 bat.
900 4626 1127 4711 Quum
1182 4648 1416 4712 pueros
1459 4626 1719 4692 doceret
1760 4639 1951 4693 tuum
2011 4629 2501 4704 catechismum,
2548 4630 2628 4693 li-

678 4715 838 4782 belli
880 4714 1057 4779 illius
1112 4721 1404 4780 autorem
1468 4714 1681 4797 eoepit
1743 4713 2054 4798 sugillare
2070 4766 2085 4793 ,
2144 4736 2275 4780 nou
2319 4736 2629 4799 expresso

680 4801 945 4868 nomine
989 4809 1101 4865 tuo
1143 4798 1259 4866 sed
1302 4799 1793 4882 circumscripto
1848 4807 1923 4865 ut
1963 4801 2077 4884 qui
2120 4800 2263 4866 eius
2307 4802 2393 4867 sit
2435 4811 2629 4866 autor

680 4887 899 4954 libelli.
988 4886 1252 4968 hapsus
1294 4907 1452 4950 vero
1495 4897 1681 4962 tuus,
1743 4884 1982 4968 diguus
2038 4886 2284 4952 scilicet
2339 4887 2447 4968 qui
2507 4907 2628 4968 pu-

680 5125 860 5181 152⁷.
890 5129 944 5192 1)
980 5141 1122 5195 quae
1152 5142 1266 5180 non
1300 5133 1607 5192 supersunt.

886 5193 2627 5265 mquikicotmeaBomdanamuacatoinimoe

682 5279 804 5317 m
838 5267 887 5318 σε
920 5263 1321 5320 buccinatores·
1351 5263 1561 5344 apebat.

888 5330 949 5396 3)
983 5330 1286 5387 Album
1313 5332 1583 5398 mutiam,
1716 5332 1729 5345 ⁰
1757 5336 1939 5387 tam
1969 5345 2144 5402 nuper
2178 5333 2240 5387 in
2269 5330 2511 5402 aratiam
2541 5345 2625 5385 rc·

684 5398 805 5455 dire
843 5399 1061 5455 Odoin
1090 5401 1247 5457 visus
1276 5399 1481 5466 suaet.
1548 5348 1656 5467 (ἢ.
1691 5397 1813 5454 934.
1849 5398 2031 5467 1273.)

2192 466 2718 535 EPISTOLAE
2769 471 3189 534 1526-1530

4565 473 4671 536 1⁷6

2738 656 2906 723 blice
2963 655 3411 723 traduceretur
3424 708 3441 737 ,
3500 657 3787 724 maxime
3840 666 4185 743 praesente
4229 656 4533 725 zebeam
4571 660 4672 743 qui

2738 741 2966 809 aderat
3019 751 3087 807 et
3149 742 3288 825 ipse
3304 794 3319 818 ‚
3386 754 3530 808 erat
3587 743 3760 827 quod
3827 745 3900 809 in
3944 742 4239 830 Symboli
4286 744 4675 828 expositione

2739 847 3030 912 exponas
3072 829 3255 911 prius
3298 839 3550 911 partem
3592 830 3773 895 illam
3837 851 4004 914 quae
4061 841 4167 895 est
4230 828 4311 897 de
4374 842 4673 913 conceptu

2737 914 2986 981 Christi
3028 935 3226 997 quam
3270 917 3647 998 exposueris
3689 936 3810 982 eur
3850 926 4126 982 vocetur
4166 915 4493 982 Dominus
4533 937 4675 981 nos·

2739 1008 2857 1064 ter.
2962 998 3166 1065 Vides
3232 1022 3358 1084 quo
3424 1011 3774 1068 teneantur
3842 1000 4287 1068 calumniandi
4347 1001 4672 1067 desiderio.

2738 1085 2800 1150 N
2803 1106 2889 1149 on
2933 1104 3238 1152 recenseo
3281 1087 3519 1169 quibus
3557 1086 3775 1153 verbis
3816 1087 3881 1152 id
3928 1088 4188 1153 notarit.
4277 1087 4425 1152 Hoc
4466 1099 4672 1153 tamen

2739 1192 2944 1235 uuum
2987 1172 3272 1244 monuit,
3334 1173 3579 1237 mirum
3637 1193 3769 1237 nou
3809 1194 3952 1238 esse
3994 1173 4052 1239 si
4095 1172 4448 1256 aliquando
4508 1173 4672 1239 inter

2736 1255 3130 1339 loquendum
3177 1256 3287 1321 alii
3333 1256 3578 1341 aliquid
3636 1270 3934 1341 peccent,
3993 1279 4112 1324 uec
4165 1278 4425 1340 semper
4467 1257 4672 1324 dicant

2735 1342 2956 1406 omnia
3005 1339 3262 1421 ordine,
3329 1364 3531 1426 quum
3589 1343 3785 1411 huius
3843 1342 4042 1409 libelli
4100 1353 4322 1422 autor,
4380 1343 4493 1427 qui
4546 1354 4672 1408 tam

2734 1428 2961 1494 doctus
3026 1435 3092 1493 et
3156 1427 3416 1511 sapiens
3473 1428 3751 1495 habetur
3809 1451 3884 1495 ac
3942 1429 4066 1495 sibi
4134 1431 4332 1495 etiam
4406 1428 4671 1507 videtur,

2733 1512 3072 1579 scribendo
3115 1514 3210 1580 ita
3250 1516 3487 1580 errarit
3529 1529 3594 1580 et
3635 1513 3928 1581 ordinem
3974 1515 4438 1580 interverterit.

2905 1599 3008 1664 De
3051 1619 3198 1664 mea
3241 1598 3512 1683 epistola
3525 1605 3581 1677 ⁴)
3626 1601 3792 1665 nihil
3835 1600 4028 1666 audio
4073 1600 4369 1684 amplius.
4461 1598 4673 1683 Scrip-

2734 1684 2822 1748 sit
2885 1693 2953 1748 et
3005 1685 3307 1750 Hallerus
3375 1686 3572 1751 etiam
3627 1687 3888 1752 Beruae
3950 1686 4170 1751 omnia
4238 1706 4379 1751 esse
4455 1686 4670 1768 sopita.

2734 1768 3042 1835 Salutaut
3107 1784 3171 1835 te
3236 1772 3444 1836 nostri
3487 1792 3734 1837 omues.
3839 1770 4072 1837 Saluta
4132 1773 4392 1837 amicos.
4497 1770 4672 1836 Vale.

2733 1863 2792 1919 4.
2839 1854 3171 1940 Septemb.
3220 1857 3620 1923 Lausannae
3669 1862 3849 1921 1551.

3711 1994 3894 2058 Tuus
3932 1994 4174 2059 Petrus
4219 1994 4509 2060 Vir-etus.

2904 2162 3141 2229 Nescio
3216 2162 3368 2245 quid
3450 2173 3755 2246 nepotem
3845 2186 4065 2231 meum

2729 2249 2984 2313 cruciet
3024 2248 3204 2324 istic,
3263 2248 3376 2312 sed
3423 2259 3741 2332 quantum
3800 2272 3884 2316 ex
3926 2251 4069 2316 eius

2730 2332 2940 2399 literis
3005 2334 3300 2418 intelligo
3380 2334 3568 2400 valde
3634 2336 3815 2420 cupit
3880 2357 4067 2401 revo-

2729 2420 2880 2485 cari.
2973 2418 3252 2502 Scripsit
3292 2441 3362 2485 se
3403 2419 3820 2488 fabricitasse.
3892 2423 4066 2487 Eum

2729 2505 2851 2570 tibi
2895 2503 3277 2571 commendo
3321 2505 3528 2571 donec
3571 2505 3654 2572 ad
3713 2528 3827 2572 vos
3875 2506 4070 2573 liceat

2731 2592 3070 2675 proficisci.
3159 2590 3325 2655 Vale
3370 2590 3633 2657 iterum.

3495 2887 3510 2893 φ
3519 2885 3856 2895 --η--μ
3871 2887 3901 2893 ..-

3608 3117 3797 3188 1528.

2776 3271 3247 3342 CALVINUS
3294 3267 3780 3339 MINISTRIS
3825 3271 3887 3336 N
3891 3269 4629 3341 EOCOMENSIBUS.

2907 3444 3184 3509 Nuneiat
3220 3443 3544 3527 Huyonem
3570 3441 3912 3508 Matiscone
3948 3444 4015 3506 in
4049 3443 4299 3508 vinacea
4331 3446 4674 3511 commun.

2731 3617 2842 3681 (Ex
2881 3633 2950 3669 au

2731 3687 2805 3737 Η
2861 3684 2965 3738 255
3110 3615 3219 3685 pho
3256 3613 3383 3669 Cod.
3422 3613 3622 3668 GeueV.
3660 3610 3813 3678 107„
3863 3612 3952 3666 fol.
3988 3612 4086 3679 46,
4136 3614 4256 3666 coll.
4301 3633 4345 3668 c.
4381 3613 4513 3668 Cod.
4559 3614 4669 3680 111,

2754 3703 2785 3740 o
2811 3725 2823 3736 .
2979 3728 2993 3753 ‚

3115 3702 3167 3754 p.
3208 3684 3368 3736 Beru.
3409 3682 3497 3736 Vl.
3545 3700 3596 3752 p.
3634 3680 3763 3749 191,
3802 3681 4020 3735 Simleri
4059 3681 4183 3733 Vol.
4229 3679 4310 3734 75.
4352 3714 4414 3721 -—-
4456 3683 4669 3753 Angliee

3151 3768 3309 3805 versa
3344 3757 3525 3804 exstat
3556 3752 3615 3804 in
3651 3750 3737 3805 ed.
3772 3750 3968 3803 Ediub.
4005 3749 4074 3803 11.
4109 3747 4255 3810 303.)

2729 3921 3071 3991 Fidelibus
3114 3922 3366 3990 Christi
3411 3923 3618 3988 servis
3676 3930 3743 3986 et
3796 3921 4109 3986 fratribus
4164 3923 4327 3987 mihi
4373 3944 4532 3989 vere
4572 3943 4669 3987 co-

2732 4008 2945 4075 lendis
2989 4008 3347 4075 Guillelmo
3393 4006 3654 4072 Farello
3708 4015 3777 4071 et
3832 4009 4217 4092 symmystis
4271 4010 4381 4092 qui
4440 4011 4514 4074 iu
4570 4028 4669 4072 eo-

2920 4095 3156 4160 mitatu
3204 4093 3626 4158 Neocomeusi
3674 4091 4011 4158 Christum
4057 4095 4483 4160 annunciant.

2902 4227 2973 4297 S.
3048 4228 3275 4309 Quum
3341 4230 3469 4295 huc
3540 4228 3777 4294 allatus
3851 4227 4051 4295 fuerit
4113 4232 4319 4296 tristis
4396 4231 4669 4297 nuncius

2734 4317 3056 4400 Huyonem
3083 4319 3136 4399 ¹)
3200 4336 3349 4381 eum
3415 4315 3698 4398 quinque
3770 4313 3916 4380 aliis
3971 4315 4285 4382 fratribus
4348 4327 4419 4381 et
4473 4313 4669 4383 nobili

2732 4401 2950 4485 puella
2984 4421 3118 4465 nou
3151 4399 3379 4486 procul
3400 4400 3761 4466 Matiscone
3797 4408 4059 4483 captum
4094 4423 4253 4480 esse,
4299 4423 4416 4467 vos
4453 4402 4668 4469 statim

2933 4640 3966 4712 mmmm-audentiae
4300 4641 4668 4696 adom

2733 4712 3032 4777 miamin
3163 4707 3851 4779 sequendameausade
4095 4706 4668 4776 ,1501011502021

2728 4781 2914 4903 ,ἔξω
2946 4780 3068 4834 a..
3174 4724 4050 4856 ...mmm-mnndi?

2807 4846 3099 4915 28.1)H
3168 4845 3585 4928 oGraqn'ereoe
3740 4847 3752 4859 ⁶
3925 4844 4045 4899 Vite
4082 4844 4663 4910 inflamato-ua·

2729 4933 2925 4973 norm

3020 4918 3032 4931 ⁶
3204 4955 3228 4997 ι,
3262 4915 3639 5039 ΜΨ
3702 4916 3784 4968 uit
3802 4913 3867 4967 in
3889 4911 4190 4995 Gon-taalenu
4210 4913 4666 4996 Neomenias·-

2741 4984 2908 5107 αντ
2938 5001 3106 5134 aa?
3131 4989 3449 5134 zm·
3471 4983 4104 5121 ..marm
3823 5050 4226 5133 am...
4194 4984 4664 5107 mex.

2784 5124 2796 5137 ‘
2924 5128 3212 5176 inumera
3247 5120 4666 5189 Matwooneoensoesaeconprehemm‚atqu

2731 5191 2791 5245 ru·
2822 5189 3038 5261 quide-⁸
3066 5196 3256 5259 postea
3288 5189 3521 5271 dimissi,
3555 5189 3721 5312 Engo
3753 5203 3878 5243 vero
3904 5202 4016 5242 non
4049 5189 4292 5269 obsim
4307 5188 4664 5244 Bao-nemina

2728 5260 3112 5314 intercessione
3154 5275 3225 5314 οι.
3277 5259 3616 5313 Ῑωιιιαηοι
3695 5256 3725 5308 2
3769 5261 3992 5311 exeam
4038 5258 4664 5327 estmoppidossourq

2733 5344 2800 5383 en
2839 5328 3035 5383 Bresse
3077 5328 3224 5398 quod
3266 5335 3379 5381 tun
3413 5334 3512 5380 eeu
3627 5327 3640 5340 ⁹
3706 5326 3805 5380 sub
3841 5324 4013 5407 Βορέα
4046 5332 4165 5380 erat
4198 5326 4417 5382 afflone.
4488 5323 4658 5392 (Hist-

2730 5398 2855 5455 coel.
2891 5397 2942 5453 1.
2975 5396 3058 5451 88.
3133 5397 3304 5452 Mart.
3349 5396 3391 5462 f.
3425 5341 3531 5449 253
3572 5411 3619 5448 v.
3694 5394 3983 5463 Humi-aer
4016 5393 4147 5450 hele.
4186 5392 4315 5450 KG.
4355 5394 4479 5451 111.
4518 5392 4660 5456 798.)
