4900 6167
673 425 797 486 687

669 608 1134 675 municationis
1185 604 1488 672 tractatio
1544 612 1682 670 tam
1740 604 1827 669 sit
1882 603 2104 671 odiosa
2145 602 2320 690 apud
2364 612 2624 672 nostros

669 695 990 771 homines,
1008 691 1065 779 ⁸)
1109 702 1184 757 ut
1225 714 1360 757 non
1403 690 1769 756 existimem
1815 690 1953 755 fore
1995 699 2072 755 ut
2105 712 2225 757 nos
2268 711 2466 775 super
2499 690 2624 758 hac

669 802 748 848 re
790 778 1075 847 audiant.
1165 776 1345 859 Quid
1390 777 1576 843 vobis
1612 775 1928 854 videatur,
1971 777 2075 843 fac
2117 798 2355 860 quaeso
2398 778 2623 860 proxi-

670 867 800 933 mis
854 867 987 931 tuis
1041 864 1247 929 literis
1310 882 1715 948 cognoscam.
1814 862 2000 928 Bene
2055 863 2219 929 vale.
2309 862 2626 930 Salutant

670 960 740 1018 te
783 971 1010 1017 omnes
1053 951 1279 1016 nostri.
1345 949 1573 1026 Parce,
1619 947 1773 1031 quia
1814 948 2111 1015 ocissime
2146 950 2395 1033 scripsi.
2457 949 2623 1015 Ber-

671 1058 800 1104 nae
843 1037 959 1102 ult.
999 1034 1313 1103 Novemb.
1368 1039 1548 1099 1553.

1821 1170 1875 1237 1.
1921 1171 2236 1238 Hallerus
2280 1181 2453 1238 tuus.

845 1348 1153 1430 Exponet
1188 1346 1385 1410 etiam
1421 1345 1528 1411 hic
1544 1347 1602 1431 ⁴)
1638 1352 1844 1409 totam
1873 1343 2013 1410 Ser-

670 1435 795 1500 veti
836 1432 1178 1498 historiam
1234 1439 1301 1496 et
1350 1431 1504 1514 quid
1561 1452 1710 1496 cum
1760 1430 2012 1496 Farello

678 1518 991 1586 Genevae
1033 1519 1119 1584 sit
1163 1531 1397 1583 actum.

1566 2150 1756 2221 1864.

1072 2305 1580 2373 HALLERUS
1625 2306 1746 2371 BU
1756 2304 2254 2372 LLINGERO.

848 2479 1055 2545 Mittit
1078 2479 1137 2542 ei
1159 2478 1586 2543 Bernensium
1606 2479 1683 2543 de
1707 2476 1958 2542 Serveto
1976 2478 2261 2558 responsi
2296 2476 2630 2558 exemplar.

675 2653 789 2720 (Ex
836 2658 1063 2720 autogra
1101 2650 1174 2703 ho
1225 2649 1391 2705 Arch.
1429 2647 1605 2702 Turio.
1655 2650 1797 2703 Plut.
1848 2648 1943 2701 VI.
1982 2648 2107 2702 Vol.
2150 2646 2265 2714 154,
2322 2648 2451 2702 olim
2488 2648 2630 2718 Epp.

1041 2668 1192 2773 ffipom.
1229 2717 1315 2785 32,
1349 2717 1441 2771 sol.
1479 2717 1595 2771 195.
1638 2745 1698 2756 --
1736 2718 1947 2771 Simler.
1985 2716 2103 2772 vol.
2137 2715 2249 2783 80.)

848 2891 1227 2958 Clarissimo
1270 2892 1415 2956 viro
1462 2891 1541 2955 D.
1588 2889 1976 2973 Heinrycho
2013 2890 2401 2975 Bullingero
2424 2889 2628 2975 Tigu-

672 2980 861 3045 rinae
905 2978 1211 3057 ecclesiae
1254 2978 1504 3061 pastori
1547 2974 1923 3042 fidelissimo
1959 2975 2221 3041 domino
2257 2984 2324 3042 et
2367 2997 2628 3059 compa-

674 3064 765 3131 tri
809 3086 926 3130 suo
971 3065 1162 3129 unice
1210 3062 1498 3130 colendo,

2150 3164 2412 3229 Ziirich.

847 3303 918 3370 S.
967 3304 1049 3371 D.
1141 3304 1340 3369 Mitto
1384 3303 1523 3381 tibi,
1567 3301 2022 3368 colendissimo
2065 3300 2326 3366 domine
2368 3321 2630 3385 compa-

670 3401 795 3467 ter,
842 3410 1229 3471 responsum
1252 3396 1550 3455 nostrum
1572 3386 2023 3455 Genevatibus
2063 3387 2136 3451 in
2172 3406 2367 3452 causa
2393 3386 2632 3452 Serveti

674 3476 937 3555 datum;
961 3480 1012 3551 1)
1072 3474 1398 3557 simulque
1463 3495 1612 3539 cum
1661 3495 1739 3539 eo
1792 3481 2135 3556 excerptos
2191 3494 2275 3537 ex
2330 3472 2628 3539 eiusdem

677 3562 918 3629 Servati
960 3561 1145 3627 libris
1190 3570 1258 3626 et
1301 3560 1563 3644 scriptis
1607 3579 1891 3635 errores,
1952 3562 2117 3624 sicut
2160 3580 2270 3624 eos
2324 3560 2490 3625 iussi
2545 3558 2628 3625 ad

670 3658 979 3715 senatum
1036 3655 1333 3713 nostrum
1398 3645 1760 3711 retulimus.
1865 3643 1943 3711 si
2000 3645 2160 3709 libet
2216 3645 2379 3711 haec
2420 3645 2627 3729 inspi-

671 3756 839 3812 cere,
886 3735 1081 3800 bene:
1127 3743 1312 3817 potes
1357 3751 1587 3797 curare
1631 3740 1707 3795 ut
1728 3730 2199 3808 describantur,
2246 3732 2346 3797 sin
2386 3732 2625 3810 minue,

670 3821 894 3903 ipsum
939 3829 1161 3885 tamen
1204 3818 1540 3903 exemplar
1583 3818 1846 3882 remitte
1892 3817 2072 3882 mihi.
2152 3816 2448 3882 Remitto
2506 3839 2626 3902 ego

668 3926 929 3990 quoque
992 3905 1108 3971 tibi
1169 3905 1551 3971 Basiliensis
1616 3904 1910 3987 responsi
1974 3902 2309 3986 exemplar
2373 3912 2441 3968 et
2505 3925 2628 3988 ago

671 3993 920 4077 gratias
975 4013 1093 4077 pro
1146 3991 1321 4056 illius
1377 3990 1986 4056 communicatione.
2036 4024 2624 4037 —————

669 4115 759 4129 —-
808 4114 881 4123 —-
932 4116 1012 4125 -
1058 4078 1317 4142 Bernae
1365 4085 1420 4140 5.
1464 4076 1850 4142 Decembris
1904 4079 2084 4139 1553.

1826 4213 1900 4277 T.
1943 4211 2123 4277 Ioan.
2171 4212 2503 4277 Hallerus.

875 4503 933 4571 3)
968 4504 1112 4558 Inde
1145 4519 1355 4573 quoque
1401 4506 1518 4557 irae
1553 4510 1742 4557 contra
1783 4502 2070 4557 Calvinum
2110 4510 2162 4557 et
2214 4503 2450 4558 Vir-etum
2489 4502 2626 4557 Ber-

669 4575 921 4628 neneium
950 4578 1244 4642 perpetuae
1277 4579 1329 4628 et
1361 4573 1529 4626 huius
1558 4576 1747 4641 postea
1776 4572 1934 4637 facla
1968 4573 2235 4641 expulsio.

556 4712 563 4719 '
666 4708 852 4764 1864.
877 4643 938 4776 Β
974 4640 1243 4765 ᾔυὶιὲἷῗε
1242 4682 1393 4765 1819.
1452 4710 1685 4764 Min-eris
1715 4709 1850 4765 haec
1883 4708 2202 4766 documenta
2235 4724 2383 4764 nane
2416 4708 2627 4764 demum

670 4793 793 4834 m
839 4779 1224 4834 Turicensibus
1256 4785 1652 4835 communicata
1684 4781 1873 4846 fuisse.

2181 414 2708 485 EPISTOLAE
2758 419 3179 483 1863—1868

4547 422 4660 482 088

3608 603 3804 675 1805.

3246 758 3680 826 SINAPIUS
3727 757 4165 826 OALVINO.

2904 931 3185 998 Nunciat
3219 932 3445 997 uxoris
3488 936 3762 998 mortem

2765 1122 2879 1186 (Ex
2916 1120 3250 1191 autographo
3287 1119 3417 1174 Ood.
3454 1119 3657 1175 Gcnev.
3695 1117 3812 1187 112,
3849 1120 3940 1175 fol.
3979 1118 4042 1174 21
4085 1120 4201 1174 sine
4239 1121 4625 1189 inscriptione.)

2904 1291 2975 1358 S.
3019 1293 3095 1358 P.
3143 1293 3224 1357 D.
3298 1293 3358 1356 A
3405 1293 3616 1374 primo
3656 1290 3761 1358 die
3802 1312 3930 1374 quo
3975 1312 4095 1357 nos
4137 1292 4291 1358 olim
4338 1292 4675 1360 Ferrariac

2732 1379 3019 1444 vidimus
3063 1390 3130 1443 et
3172 1376 3608 1444 salutavimus
3631 1379 3703 1460 ¹),
3748 1378 3923 1443 inter
3968 1399 4107 1455 nos,
4154 1378 4516 1445 clarissime
4560 1381 4671 1456 vir,

2734 1487 2811 1531 ea
2855 1485 3111 1547 semper
3154 1484 3314 1547 erga
3351 1484 3456 1529 me
3491 1474 3605 1529 tua
3636 1464 3843 1530 fuisse
3886 1463 4348 1530 benevolentia
4391 1465 4533 1530 visa
4564 1474 4673 1544 est,

2734 1572 2940 1634 eaque
2983 1551 3222 1635 pietate
3264 1548 3498 1633 plenae
3551 1549 3782 1615 literae
3839 1560 4025 1628 tuae,
4085 1571 4248 1632 quas
4305 1548 4389 1616 ad
4433 1550 4678 1616 carissi-

2733 1657 2915 1702 mam
2958 1636 3301 1719 coniugem
3347 1656 3561 1701 meam
3617 1636 3964 1719 aliquoties
4009 1636 4263 1714 dedisti,
4306 1648 4380 1701 ιιι
4423 1637 4678 1703 calami·-

2735 1732 2942 1788 tatem
2983 1729 3294 1798 nostram,
3337 1721 3555 1787 oblato
3596 1722 3979 1805 praesertim
4025 1723 4157 1786 iam
4199 1722 4553 1789 Basiliensi
4592 1732 4679 1787 ta-

2734 1808 3037 1888 bellario,
3094 1808 3306 1873 celare
3349 1817 3415 1871 te
3459 1829 3592 1872 non
3651 1809 3911 1890 possim.
4015 1808 4185 1873 Eam
4244 1810 4430 1874 enim
4478 1810 4676 1893 ipsam

2736 1894 3267 1960 honestissimam
3313 1893 3772 1959 suavissimam
3810 1903 3878 1960 et
3910 1893 4294 1959 fidissimam
4340 1895 4676 1979 coniugem

2734 2002 2949 2046 meam
3011 1980 3317 2058 adversa,
3379 1980 3549 2064 proh
3615 1978 3836 2058 dolor,
3903 1980 4038 2044 fata
4100 2001 4249 2046 cum
4304 2000 4563 2046 summo
4620 1990 4681 2045 et

2737 2066 3155 2132 acerbissimo
3178 2064 3397 2131 dolore
3417 2086 3561 2129 meo
3583 2065 3749 2129 mihi
3772 2065 4194 2131 sustulerunt.
4241 2065 4682 2131 Laboraverat

2736 2174 2909 2217 anno
2953 2152 3286 2234 superiore
3329 2151 3667 2228 moi-billis,
3713 2152 3942 2216 morbo
3964 2151 4228 2235 quidem
4273 2153 4531 2236 puerili,
4575 2150 4683 2218 sed

2737 2238 2978 2303 adultis
3022 2236 3214 2304 valde
3249 2237 3438 2320 gravi
3482 2244 3551 2301 et
3586 2238 3961 2319 periculoso,
4010 2259 4093 2303 ex
4129 2258 4259 2321 quo
4293 2249 4519 2303 tamen
4555 2239 4682 2321 opi-

2737 2324 2990 2389 tulante
3028 2325 3172 2389 Deo
3216 2325 3308 2388 sic
3352 2322 3513 2388 satis
3557 2324 3722 2388 bene
3766 2323 4203 2389 convaluerat.
4290 2323 4549 2390 Verum
4590 2325 4681 2388 in-

2737 2418 3164 2493 gravescente
3207 2417 3430 2493 postea
3474 2408 3659 2487 bello,
3682 2412 3737 2488 ²)
3783 2431 3908 2492 quo
3951 2409 4023 2473 in
4070 2409 4350 2475 alterum
4399 2413 4531 2475 iam
4572 2431 4681 2474 an-

2735 2518 2896 2561 num
2952 2494 3238 2561 Francia
3305 2503 3532 2559 nostra
3585 2495 3924 2561 orientalis
3981 2495 4348 2560 miserrime
4410 2503 4682 2561 vexatur

2735 2593 2801 2647 et
2836 2590 3150 2660 vastatur,
3198 2579 3501 2645 nonnihil
3545 2582 3825 2646 attonita
3912 2582 4294 2664 praesertim
4340 2604 4547 2665 quum
4585 2581 4681 2646 die

2733 2676 3136 2752 pentecostes
3160 2667 3456 2732 Man-chio
3481 2676 3750 2751 repente
3773 2666 4192 2732 Suinfortum
4227 2670 4653 2750 occupasset,⁸

2731 2755 3064 2820 civitatem
3117 2751 3525 2835 imperialem
3583 2764 3650 2818 et
3705 2774 3918 2819 meam
3976 2755 4294 2836 patriam,
4355 2755 4470 2820 ubi
4515 2773 4640 2839 apu

2741 2840 3118 2923 Olympiam,
3162 2851 3531 2903 matronam
3568 2837 3762 2905 valde
3797 2838 4058 2906 doctam
4094 2849 4162 2902 et
4195 2840 4378 2922 piam
4394 2842 4450 2921 ⁴)
4492 2839 4682 2906 Coelio

2738 2925 3016 2991 Secundo
3059 2927 3261 3009 probe
3317 2931 3568 3001 notam,
3631 2925 3831 2990 filiola
3888 2946 4035 2990 mea
4056 2929 4106 3001 ⁶)
4152 2946 4351 2992 causa
4400 2923 4677 2992 discendi

2730 3013 2957 3077 literas
3010 3022 3076 3075 et
3139 3011 3448 3093 pietatem
3506 3010 3702 3075 simul
3772 3009 4076 3095 degebat,
4147 3033 4349 3094 quum
4415 3033 4491 3077 eo
4548 3012 4680 3095 ipso

2732 3108 3024 3182 tempore
3066 3118 3186 3181 ego
3222 3117 3474 3180 quoque
3513 3117 3788 3181 peregre
3822 3098 4134 3176 abessem,
4178 3118 4414 3164 rursus
4446 3098 4516 3162 in
4550 3118 4679 3164 cre-

2732 3184 2883 3251 bras
2927 3203 3247 3267 syncopae
3285 3191 3355 3248 et
3398 3183 3698 3249 morbum
3746 3182 3934 3248 valde
3978 3203 4247 3267 gravem
4281 3183 4534 3264 incidit,
4578 3183 4680 3266 qui

2734 3290 3107 3353 quanquam
3167 3290 3207 3333 a
3262 3268 3479 3334 reditu
3546 3289 3691 3334 meo
3751 3269 4117 3352 filiolaeque
4175 3268 4472 3336 adventu
4528 3270 4676 3335 satis

2735 3356 2903 3422 belle
2947 3354 3175 3421 diebus
3230 3354 3473 3438 aliquot
3515 3356 3743 3420 multis
3803 3376 3947 3420 eam
4004 3356 4418 3438 reliquisset,
4477 3355 4677 3422 subito

2737 3449 2957 3507 tamen
3001 3440 3083 3505 ad
3119 3442 3212 3525 iiij
3250 3441 3453 3506 calen.
3521 3440 3802 3522 Quintil.
3858 3442 4101 3506 iterum
4132 3441 4478 3525 ingruens,
4522 3439 4679 3506 nihil

2735 3527 3096 3592 luctantem
3132 3536 3246 3593 aut
3281 3527 3784 3605 conflictantem,
3820 3537 3894 3592 ut
3916 3527 4268 3593 morientes
4304 3527 4537 3605 solent,
4573 3525 4679 3592 sed

2733 3612 3116 3696 simpliciter
3173 3622 3517 3697 rogantem
3589 3621 3663 3678 ut
3727 3634 3846 3695 pro
3912 3635 3981 3678 se
4038 3611 4261 3678 Deum
4326 3634 4676 3691 oraremus,

2732 3700 2906 3764 inter
2950 3719 3183 3764 manus
3227 3719 3372 3762 eam
3418 3697 3604 3764 nobis
3648 3699 3909 3782 eripuit.
3998 3698 4152 3764 Heu
4192 3720 4394 3783 quam
4454 3720 4680 3777 caram,

2732 3806 2931 3867 quam
2977 3783 3191 3862 fidam,
3239 3804 3435 3867 quam
3481 3785 3695 3869 piam,
3740 3806 3939 3868 quam
3982 3786 4112 3851 mei
4157 3794 4493 3851 amantem
4537 3806 4679 3852 con·

2730 3871 2983 3956 iugem!
3075 3868 3376 3954 Sequuta
3415 3870 3630 3935 fuerat
3673 3892 3779 3935 me
3824 3871 4117 3936 maxima
4158 3893 4305 3937 cum
4354 3872 4678 3939 alacritato

2730 3958 2801 4022 in
2860 3957 3319 4033 Germaniam,
3379 3963 3446 4021 et
3500 3957 3660 4022 satis
3721 3955 4060 4023 commode
4105 3956 4238 4023 iam
4296 3957 4418 4024 ads
4466 3963 4678 4023 everat

2732 4044 2996 4127 linguae
3055 4063 3130 4108 ac
3186 4042 3478 4108 moribus
3536 4043 3951 4110 nostratium.
4056 4041 4274 4125 Quos,
4349 4066 4397 4109 u
4512 4062 4675 4128 nque

2731 4129 3065 4194 interdum
3133 4128 3571 4210 inelegantes,
3638 4129 3846 4193 multo
3914 4140 4131 4194 tamen
4199 4129 4426 4196 mitius
4491 4151 4674 4213 quam

2733 4215 2922 4279 aulae
2980 4215 3341 4280 calumnias
3407 4215 3475 4279 in
3542 4237 3670 4298 qua
3732 4215 3917 4297 prius
3975 4215 4359 4281 vixeramus
4420 4217 4672 4281 ferebat.

2734 4301 2868 4366 sed
2914 4300 3071 4384 quid
3118 4300 3333 4364 aulam
3379 4320 3628 4379 accus0,
3665 4321 3869 4384 quum
3905 4323 4078 4366 unus
4114 4301 4223 4366 ille
4265 4302 4532 4386 iniquus
4572 4322 4672 4384 sy·

2735 4592 2909 4647 1865.
2947 4594 2998 4657 l)
3048 4592 3179 4647 Vide
3227 4590 3306 4646 N.
3355 4589 3436 4644 79.
3487 4589 3605 4646 181.
3651 4589 3772 4644 522.
3859 4590 4068 4645 ficerat
4109 4607 4318 4661 quoque
4354 4598 4671 4661 praeceptor

2735 4666 2932 4716 Annae
2967 4661 3354 4715 Fero-ariensis
3399 4660 3649 4715 ducissae
3692 4661 3865 4726 tiliae,
3911 4667 3961 4714 ei
4006 4662 4125 4714 eius
4170 4661 4378 4715 amicae
4413 4667 4466 4716 et
4500 4663 4668 4716 sociae

2740 4729 3022 4800 Olympiae
3058 4730 3328 4785 Moratae.

2934 4798 2997 4860 2)
3044 4798 3385 4853 Mar-chionis
3405 4798 3616 4853 Alberii
3640 4798 4189 4866 Brandenburqeneis
4219 4801 4459 4866 primum
4493 4804 4670 4854 emma

2735 4869 3068 4923 Mam-itiam
3108 4865 3396 4927 Saxonum,
3432 4867 3627 4920 deinde
3659 4873 3853 4921 contra
3890 4867 4188 4921 Hem-icus·
4227 4866 4668 4922 Brumvoeemn

2731 4945 2781 4992 θ’
2811 4935 3634 5067 φεέῗρῗηέξὺῗὲἷὲψὲῗῗα
3665 4935 4233 5060 ’ᾗῗαῖιῗθῗῖἶῗὲι
4297 5004 4367 5059 ea
4425 5004 4551 5059 Gau
4599 5001 4651 5056 11

2731 5073 2849 5129 144.
2926 5072 3126 5128 Ranke
3161 5074 3221 5126 V.
3257 5071 3379 5126 244.

2934 5141 2997 5209 4)
3032 5140 3099 5195 Ν
3100 5149 3318 5210 repserat
3334 5159 3384 5195 a.
3407 5140 3543 5196 1550
3561 5142 3639 5197 D.
3655 5142 3911 5196 Andreae
3934 5139 4267 5197 &numero
4288 5138 4668 5207 Swinfurtenei

2729 5219 2780 5266 et
2814 5213 2875 5266 in
2909 5213 3189 5265 obsidione
3219 5213 3375 5265 urbis
3408 5212 3579 5265 mulia
3606 5228 3647 5279 p
3746 5213 3854 5263 essi
3885 5218 4028 5265 sunt.

2936 5280 2993 5343 5)
3029 5296 3170 5349 quae
3208 5286 3397 5347 postea
3442 5283 3631 5348 nupsit
3719 5280 4061 5348 aristophon-o
4243 5280 4411 5336 hauto
4463 5280 4578 5334 Icto
4616 5283 4662 5331 ei

2727 5349 3047 5406 consiliario
3080 5349 3368 5418 imperiali.
3435 5349 3666 5417 (Adami
3709 5349 3813 5402 Vit.
3849 5349 4034 5404 medic.
4063 5368 4120 5419 p.
4227 5352 4265 5416 .)
