4900 6167
286 446 394 509 665

283 631 547 697 dubitem
567 679 584 706 ,
639 629 802 713 quin
858 627 1039 713 typis
1090 627 1180 693 sit
1221 635 1363 693 tota
1404 627 1547 694 eius
1590 627 1759 693 actio
1801 626 2202 693 excudenda.

280 803 376 869 Ex
414 799 636 868 Gallia
675 798 847 865 nihil
888 799 1226 867 habemus.
1292 798 1395 864 Ne
1438 820 1522 865 ue
1563 798 1737 864 ullae
1780 798 1863 865 ad
1906 819 2015 864 me
2057 819 2206 883 per-

278 895 583 954 venerunt
643 884 910 965 literae,
1021 905 1144 951 uae
1208 883 1329 950 tibi
1434 885 1769 951 obeantur.
1880 885 2060 952 Tuas
2122 883 2208 949 ad

282 973 591 1040 Calvinum
607 971 668 1053 ²)
710 972 952 1037 curabo
1043 968 1208 1036 odie.
1272 970 1590 1036 Noeta-um
1622 990 2013 1054 responsum
2056 990 2205 1054 pro-

277 1057 539 1124 ximead
583 1068 653 1123 te
695 1057 980 1123 mittam:
1029 1055 1270 1122 curabo
1312 1056 1493 1120 enim
1534 1055 1814 1122 describi
1856 1056 2049 1120 sicuti
2092 1076 2206 1140 pe-

276 1145 442 1210 tiisti.
540 1144 663 1219 Tu,
708 1152 785 1208 nt
821 1142 1174 1227 promittis,
1218 1141 1685 1208 Basiliensium
1726 1161 1987 1225 quoque
2030 1161 2204 1207 eom-

274 1231 533 1296 munica.
605 1229 796 1295 Bene
835 1229 984 1294 vale
1026 1249 1176 1294 cum
1219 1228 1355 1293 tuis
1389 1225 1694 1293 omnibus
1735 1265 1818 1276 -—
1862 1260 1945 1272 --
1992 1262 2076 1274 —
2118 1263 2205 1275 —-

427 1349 603 1415 Divo
645 1347 937 1414 Martino
978 1357 1361 1431 nuncupata
1402 1347 1506 1413 die
1558 1348 1736 1410 1553.
1822 1346 2084 1412 Bernae

1397 1484 1451 1551 I.
1499 1484 1812 1551 Hallerus
1856 1494 2028 1550 tuus.

1042 1779 1447 1789 -----.

1136 2030 1330 2102 1849.

704 2184 1197 2255 RABOT'PUS
1222 2192 1273 2265 ¹)
1319 2187 1754 2255 GALVINO.

426 2356 1102 2435 Eoeltaliffiubivioe
1158 2378 1432 2426 carceres
1482 2362 1572 2443 eff
1713 2362 2009 2443 epotm't,
2068 2381 2208 2427 con-

268 2441 583 2509 sobrinum
624 2463 812 2508 suum
852 2448 909 2509 et
948 2446 1251 2528 quosdam
1307 2444 1468 2512 alios
1513 2445 1605 2513 Ga
1630 2447 1775 2511 vino
1814 2448 2207 2513 commendat.

589 2615 702 2680 (Ex
739 2616 1077 2686 autographo
1111 2617 1243 2671 Ood.
1279 2617 1440 2671 Goth.
1475 2615 1595 2683 405,
1630 2617 1721 2671 fol.
1761 2615 1875 2683 58.)

425 2790 490 2853 A
534 2787 892 2864 Monsieur,
939 2788 1277 2855 Monsieur
1319 2790 1595 2855 Maistre
1638 2790 1797 2855 Iean
1842 2787 2076 2857 Calvin

1459 2894 1519 2957 A
1564 2891 2030 2959 Villefranche.

425 3025 617 3108 Quae
659 3027 1083 3111 peroptabam
1127 3027 1293 3094 mihi
1351 3027 1760 3108 acciderunt,
1816 3050 2018 3112 quum
2061 3049 2205 3096 sese

262 3111 566 3179 obtulerit
605 3114 719 3197 qui
762 3113 883 3179 has
927 3112 1010 3179 ad
1055 3122 1121 3179 te
1166 3113 1450 3180 deferret
1490 3114 1745 3181 literas:
1792 3115 2029 3197 quibus
2071 3137 2205 3181 non

262 3197 582 3266 mediocre
626 3200 864 3264 summi
909 3199 1039 3264 Dei
1095 3201 1168 3263 in
1227 3201 1460 3264 itinere
1516 3220 1662 3265 meo
1706 3200 2087 3266 beneficium
2131 3201 2206 3266 in

261 3302 361 3349 me
402 3284 712 3351 collatum
758 3284 878 3350 tibi
921 3306 961 3351 a
1006 3287 1283 3368 periam:
1307 3284 1341 3315 *
1399 3285 1597 3368 Quod
1641 3307 1723 3351 ex
1766 3285 2055 3369 periculo
2098 3286 2205 3351 in-

261 3371 712 3437 carcerationis
735 3370 803 3437 in
830 3372 907 3437 M
990 3370 1204 3436 iolano
1239 3371 1472 3450 (illhuc
1499 3372 1781 3457 ingressi
1802 3375 1866 3445 ⁴)
1910 3393 2032 3438 sua
2072 3373 2204 3439 cle-

263 3456 507 3522 mentia
549 3457 811 3523 salvum
853 3478 961 3522 me
1003 3457 1268 3524 fecerit:
1328 3457 1657 3524 derelictis
1702 3458 1911 3524 tribus
1955 3458 2205 3525 adoles·

262 3543 568 3620 centulis,
629 3565 713 3608 ex
755 3544 1027 3622 nostris,
1085 3544 1198 3626 qui
1241 3545 1323 3611 ab
1368 3566 1443 3609 eo
1488 3554 1776 3628 tempore
1820 3544 1893 3608 in
1934 3545 2203 3611 castello

263 3624 651 3694 detinentur.
733 3628 962 3711 Neque
1005 3629 1206 3713 (quod
1249 3638 1351 3696 est
1394 3630 1712 3713 deterius)
1757 3650 1906 3713 spes
1952 3639 2054 3695 est
2096 3650 2204 3694 eo-

261 3734 402 3779 rum
492 3715 746 3780 roxime
802 3713 1065 3781 futurae
1120 3716 1467 3794 libertatis,
1529 3725 1603 3780 ut
1659 3714 2037 3781 tabellarius
2078 3717 2205 3782 iste

262 3816 451 3867 conso
498 3802 685 3865 rinus
727 3822 911 3866 meus
956 3799 1074 3867 tibi
1118 3802 1337 3867 latiori
1380 3821 1681 3868 sermone
1717 3810 1946 3867 notum
1990 3802 2200 3868 faciet.

261 3882 363 3950 Sit
406 3887 506 3952 eis
549 3885 874 3952 Dominus
916 3908 1033 3971 pro
1089 3910 1209 3952 sua
1252 3887 1654 3972 benignitate
1698 3886 2036 3971 propitius.
2126 3886 2203 3953 Si

262 3968 418 4038 haec
476 3972 833 4055 plurimum
893 3994 1088 4057 aegre
1142 3973 1281 4038 fero
1338 3982 1561 4038 tamen
1603 3973 1671 4038 in
1743 3972 1866 4037 hoc
1922 3972 2204 4038 laetatus

261 4076 402 4122 sum
445 4058 622 4141 quod
666 4056 877 4122 eidem
922 4059 1311 4125 consobrino
1354 4079 1531 4138 meo,
1575 4060 2040 4141 comitatuique
2083 4080 2203 4124 suo

263 4141 386 4209 hiis
409 4147 444 4183 ⁴
502 4156 567 4209 te
611 4144 939 4209 invisendi
1002 4146 1409 4211 occasionem
1468 4142 1772 4210 dederim.
1859 4144 1956 4210 Ut
2000 4164 2201 4227 quum

262 4230 673 4313 omnipotens
724 4230 836 4295 ille
895 4230 1379 4297 misericordiae
1435 4230 1708 4315 largitor
1765 4232 1898 4295 iam
1951 4251 2061 4295 eos
2118 4250 2203 4295 ex

262 4315 544 4382 tenebris
587 4317 934 4399 eripuerit,
994 4315 1180 4383 verbi
1222 4318 1350 4382 Dei
1406 4317 1726 4399 colloquio
1785 4317 2204 4382 infirmitates

259 4419 483 4466 eorum
528 4409 873 4481 eruantur3
920 4414 1158 4486 tuaque
1193 4401 1561 4468 eruditione
1603 4403 2091 4480 confirmentur,
2137 4410 2205 4467 et

260 4486 339 4549 ad
380 4496 638 4554 rectum
681 4508 1140 4571 summumque
1182 4490 1251 4552 in
1296 4489 1530 4553 timore
1574 4498 1642 4553 et
1683 4487 2026 4553 dilectione
2070 4497 2202 4552 tra-

257 4572 485 4639 mitem
528 4573 707 4638 vitae
758 4573 1159 4657 dirigantur,
1218 4595 1302 4639 ne
1352 4575 1627 4658 posthac
1683 4594 1722 4638 a
1776 4585 1953 4639 recto
2009 4593 2204 4656 scopo

258 4678 547 4742 unquam
614 4659 983 4725 deflectant.
1073 4658 1269 4741 Quod
1327 4662 1383 4725 si
1437 4661 1761 4726 Dominus
1820 4666 1926 4735 (ut
1981 4667 2201 4742 spero)

258 4741 339 4807 ad
380 4766 493 4811 eos
536 4754 654 4811 tua
693 4746 988 4811 oratione
1045 4746 1334 4829 respicit,
1393 4745 1497 4812 fac
1555 4747 1754 4811 etiam
1798 4756 1875 4810 ut
1915 4743 2204 4810 assidua-

256 4848 407 4895 rum
441 4829 968 4915 deprecationum
1006 4842 1273 4896 tuarum
1307 4831 1619 4897 beneficio
1662 4831 2008 4915 particeps,
2053 4850 2201 4913 pre-

258 4932 394 4995 cor,
456 4917 704 4983 efficiar
758 4928 827 4981 et
878 4937 983 4982 me
1043 4926 1253 4983 totum
1307 4926 1492 4982 tuum
1538 4918 1607 4981 in
1650 4925 2038 5000 perpetuum
2082 4915 2200 4981 ha-

260 4998 431 5069 beas.
519 5002 689 5069 Vale
708 5054 722 5081 ‚
781 5005 873 5069 mi
917 5001 1506 5069 observandissime
1549 5012 1770 5086 pastor
1812 5018 1879 5067 et
1920 5000 2200 5067 domine.

258 5292 517 5430 κακῇ
553 5294 640 5431 <²253
666 5293 946 5418 ¹1⁸vili37s
990 5363 1138 5419 1389.

1933 442 2096 504 1553
2138 438 2557 510 NOVEMB.

2164 2878 2179 2897 ‘
2310 2875 2691 2957 sinceraque
2745 2895 2851 2939 res

4129 454 4255 518 666

2309 630 2607 713 Patavii,
2675 651 2758 697 ex
2802 631 2962 698 aede
3017 631 3398 715 Gontarina,
3464 635 3550 700 ad
3594 632 3913 703 Sanctum
3954 637 4257 706 Blasium

2318 721 2411 782 17.
2458 715 2597 783 Oai.
2643 717 2989 785 Decembr.
3044 723 3221 784 1553.

2833 852 3114 921 Filiolus
3156 863 3313 922 tuus
3357 856 3578 923 animo
3622 866 3691 924 et
3732 857 3949 925 studio

3301 956 3699 1027 Gunielmus
3740 960 4081 1030 Babottus.

3063 1251 3466 1261 *ᾠ-

3177 1484 3375 1559 185⁰.

2634 1638 3266 1707 GRATAROLUS
3310 1639 3930 1711 BULLINGERO.

2488 1808 2807 1876 Seu-vetum
2869 1811 3009 1876 iure
3051 1786 3386 1895 'supplicio
3450 1814 3735 1896 affectum
3786 1814 4069 1897 perhibet
4083 1866 4102 1896 ,
4178 1816 4258 1883 de

2307 1914 2531 1978 qenere
2548 1900 2754 1962 andem
2774 1897 3074 1980 &applicet
3093 1897 3458 1983 Bullinyeri
3488 1900 3837 1982 opinionem
3870 1900 4032 1967 scire
4065 1902 4253 1986 cupit.

2311 2065 2422 2133 (Ex
2469 2067 2810 2190 autogragho
2856 2068 3019 2122 Arch.
3067 2068 3245 2124 Turio.
3292 2068 3436 2124 Plut.
3473 2069 3563 2124 vl.
3597 2071 3716 2124 Vol.
3754 2068 3882 2138 156,
3935 2072 4065 2126 olim
4112 2072 4255 2143 ΕΠ».

2744 2153 2848 2190 om.
2884 2134 2970 2203 83,
3007 2135 3097 2191 fol.
3135 2136 3219 2192 5⁷.
3263 2166 3320 2177 —
3357 2138 3566 2192 Simler.
3605 2139 3708 2193 Vol
3741 2137 3857 2206 80.)

2485 2307 2866 2374 Clarissimo
2924 2327 3000 2373 ac
3053 2308 3303 2391 optimo
3361 2308 3717 2394 Tigurinae
3769 2310 4079 2378 ecclesiae
4133 2312 4259 2377 mi-

2312 2394 2522 2459 nistro
2565 2394 2649 2459 D.
2686 2392 3050 2458 Heinrioho
3072 2393 3458 2479 Bullingero
3499 2397 3707 2463 amico
3752 2405 3821 2462 et
3861 2397 4094 2462 maiori
4137 2417 4260 2463 suo

2311 2477 2904 2547 observandissimo

3700 2590 3780 2633 zu
3823 2567 4085 2633 zurich.

2483 2700 2553 2768 S.
2596 2702 2673 2768 P.
2719 2702 2805 2767 D.
2871 2702 3196 2768 Redditae
3226 2702 3419 2769 hodie
3453 2704 3621 2770 mihi
3656 2713 3817 2769 sunt
3847 2703 4261 2789 gratissimae

2309 2788 2541 2854 literae
2585 2799 2737 2853 tuae
2791 2809 2944 2854 cum
2999 2795 3221 2855 vestra
3278 2786 3362 2853 ad
3406 2790 3830 2857 Genevenses
3886 2790 4265 2857 doctissima

2936 2876 3166 2940 nsione
3182 2924 3196 2951 ‚
3258 2895 3376 2958 pro
3429 2876 3667 2959 quibus
3725 2875 3951 2958 quales
3993 2896 4264 2959 possum

2307 2959 2428 3027 tibi
2473 2959 2721 3045 gratias
2761 2958 2850 3024 ha
2930 2979 2988 3025 o.
3075 2959 3427 3025 Caeterum
3483 2983 3571 3027 an
3624 2960 3890 3027 omnino
3932 2970 4109 3027 recte
4154 2980 4261 3039 ac-

2311 3052 2455 3111 tum
2498 3067 2639 3112 esse
2694 3065 2845 3111 cum
2893 3043 3140 3112 Serveto
3182 3046 3460 3125 sentias,
3520 3046 3680 3112 dum
3735 3066 3812 3112 eo
3869 3048 4104 3113 mortis
4145 3067 4260 3132 ge-

2309 3152 2469 3197 nere
2548 3131 2738 3196 iilum
2803 3151 2840 3194 e
2905 3131 3078 3197 vivis
3140 3130 3582 3211 sustulerunt,
3652 3130 3999 3216 aliquando
4056 3152 4262 3216 quum

2308 3217 2568 3283 vacabit
2637 3215 2888 3282 duabus
2956 3217 3150 3282 lineis
3216 3228 3291 3281 ut
3354 3217 3519 3282 mihi
3582 3218 3909 3302 significes
3972 3217 4258 3284 obsecro.

2308 3302 2918 3369 Pertinacissimum
2958 3301 3128 3367 illud
3173 3301 3462 3369 Satanae
3517 3303 4026 3370 instrumentum
4076 3303 4258 3383 duas,

2310 3388 2552 3454 nedum
2596 3408 2800 3454 unam
2857 3398 3134 3453 mortem
3191 3389 3510 3455 meruisse
3563 3388 3787 3468 credo,
3847 3391 4102 3474 hocque
4143 3410 4261 3453 ex-

2309 3476 2524 3558 emplo
2589 3495 2665 3541 ac
2721 3476 2957 3539 terrori
3017 3474 3144 3539 erit
3199 3474 3282 3539 iis
3338 3476 3453 3558 qui
3504 3495 3693 3540 secus
3751 3474 4090 3541 emendari
4147 3475 4262 3541 vix

2308 3567 2585 3644 possunt
2624 3568 2740 3624 aut
2780 3561 3091 3626 coerceri:
3136 3559 3251 3626 sed
3294 3560 3419 3625 hoc
3454 3561 3809 3627 christiano
3843 3561 4264 3646 magistratui

2309 3666 2441 3711 non
2501 3646 2766 3711 licuisse
2821 3645 3118 3711 nonnulli
3161 3657 3496 3724 asserunt,
3553 3647 3796 3729 alioqui
3836 3648 4059 3711 minus
4102 3646 4262 3711 hae-

2310 3732 2516 3796 retico
2549 3731 2865 3808 faventes,
2896 3736 2947 3809 ¹)
2983 3731 3289 3814 quamvis
3325 3731 3584 3816 eulpam
3606 3753 3866 3798 omnem
3904 3733 3974 3797 in
4008 3730 4262 3798 bonum

2309 3838 2385 3883 ac
2426 3818 2757 3903 sincerum
2808 3815 3139 3882 Calvinum
3181 3817 3544 3900 proiiciunt.
3633 3815 3769 3883 Sed
3812 3817 3969 3900 quid
4013 3838 4135 3902 ego
4180 3817 4263 3883 de

2308 3925 2380 3969 re
2436 3903 2615 3969 clara
2676 3914 2743 3968 te
2796 3902 3139 3985 interpello
3208 3905 3617 3985 quorundam
3672 3903 3753 3969 ob
3812 3903 4012 3987 impie
4079 3903 4263 3987 piam

2308 3987 2732 4072 opinionem?
2821 3987 3140 4053 Liberum
3183 4007 3341 4072 ergo
3384 3990 3470 4052 sit
3512 3989 3665 4066 tibi,
3723 3997 3800 4054 ut
3843 3988 4261 4072 respondeas.

2307 4074 2480 4139 Nam
2532 4096 2651 4159 ego
2718 4094 2851 4138 non
2919 4072 3173 4151 dubito,
3240 4083 3308 4140 et
3368 4072 3566 4140 licere
3631 4083 3699 4138 et
3754 4074 4005 4141 factum
4062 4080 4261 4152 recte,

2307 4180 2512 4244 quum
2576 4170 2713 4225 tam
2780 4158 2894 4224 diu
2954 4180 3029 4225 ac
3093 4160 3275 4243 peior
3339 4160 3409 4223 in
3469 4178 3679 4225 annos
3733 4160 4265 4243 perseveraverit

2305 4247 2666 4331 pessimum
2723 4244 3000 4310 serendo
3054 4265 3280 4311 semen
3298 4297 3313 4323 ,
3371 4245 3546 4329 quod
3598 4245 3853 4311 utinam
3908 4247 3980 4310 in
4033 4245 4262 4311 multis

2307 4353 2441 4397 non
2516 4333 2861 4408 crevisset,
2938 4332 3049 4414 qui
3108 4340 3328 4397 tamen
3401 4331 3847 4396 obmutescere
3916 4332 4260 4414 incipiunt.

2306 4417 2494 4482 Bene
2552 4439 2627 4483 ac
2682 4416 3052 4482 diutissime
3109 4418 3282 4498 vale,
3344 4438 3576 4499 meque
3632 4424 3822 4481 tuum
3881 4437 4024 4483 esse
4079 4416 4262 4481 noris

2305 4524 2449 4654 RH)
2488 4503 2748 4655 eaefflla
2811 4512 3064 4569 cuncta.
3166 4505 3276 4569 Ex
3343 4502 3599 4568 Basilea
3660 4503 3793 4569 xvi.
3861 4500 4260 4569 Novembris

2923 4676 3107 4739 Tuae
3149 4674 3608 4740 Praestantiae
3650 4684 3939 4758 quantus
3982 4680 4083 4738 est

3048 4775 3422 4843 Gulielmus
3466 4746 3861 4844 &fretai-olus
3903 4776 3995 4841 M.

2647 4898 2708 4905 „-

2306 4963 2487 5017 1850.
2518 4964 2571 5026 1>
2620 4963 2753 5018 Vide
2782 4964 3021 5030 priorem
3067 4964 3186 5015 eius
3230 4962 3510 5030 epistolam
3557 4962 3633 5017 N.
3673 4960 3809 5015 1843
3855 4969 3906 5016 et
3941 4963 4086 5017 alias

2303 5034 2456 5155 «Βᾷἷαῗ
2488 5033 2666 5156 ἰῗιὸἓςὸ
2696 5033 3064 5155 cgaferuntur.
3138 5029 3227 5083 Dc
3263 5030 3575 5101 Bullinqen·
3616 5033 3884 5085 amentia
3927 5031 4052 5085 vide
4157 5045 4259 5098 ess,

3093 5293 3498 5301 ——aem—
