4900 6167
274 413 381 475 649

272 595 371 661 (Ex
402 594 739 666 autographo
775 597 875 651 filii
911 596 1122 652 Gallitii
1154 600 1212 654 in
1248 600 1414 654 Arch-
1449 601 1627 657 Turio.
1663 603 1759 658 vl.
1793 604 1913 674 161,
1948 605 2042 659 fol.
2077 605 2197 672 514,

630 665 761 719 olim
796 666 939 737 Epp.
975 667 1039 721 T.
1073 666 1159 722 36.
1198 696 1260 707 -
1298 668 1507 725 Simler.
1544 671 1670 725 Vol.
1707 670 1824 740 80.)

421 833 602 902 Vere
644 857 882 923 magno
926 840 1068 906 viro
1110 838 1197 905 D.
1234 842 1620 926 Heinrycho
1654 842 2041 929 Bullingero
2084 844 2197 910 do-

269 920 436 987 mino
477 920 948 990 colendissimo.

426 1140 497 1208 S.
578 1143 827 1211 Fecisti
889 1147 1077 1213 nobis
1142 1169 1280 1213 rem
1340 1149 1689 1217 iucundam
1746 1153 1941 1219 simul
2001 1161 2196 1237 atque

265 1225 756 1310 conducibilem,
856 1232 983 1297 uod
1027 1254 1248 1299 rerum
1354 1258 1474 1302 uae
1521 1237 1832 1304 Genevae
1875 1249 2197 1323 geruntur

262 1313 562 1414 certiores
583 1336 704 1381 nos
860 1315 1133 1385 dideris:
1153 1321 1213 1402 2)
1247 1258 1563 1388 iudicium
1592 1325 1862 1407 insuper
1894 1335 2197 1391 vestrum

260 1419 531 1477 miseris,
568 1422 941 1485 quanquam
963 1424 1100 1470 non
1135 1406 1352 1489 ignari
1384 1429 1615 1475 rerum
1642 1430 1902 1476 eramus
1938 1411 2193 1477 harum.

260 1483 423 1549 Nam
477 1507 560 1551 ex
606 1486 777 1552 Italo
793 1489 852 1570 Β)
910 1509 1045 1554 non
1088 1493 1279 1575 parvi
1336 1493 1407 1558 in
1462 1515 1535 1560 re
1575 1494 1870 1561 literaria
1912 1498 2198 1563 nominis

262 1569 379 1635 hac
430 1570 695 1638 Italiam
750 1582 1086 1657 repetente
1141 1577 1574 1646 audieramus.
1663 1579 1797 1647 Sed
1855 1583 1913 1648 is
1966 1582 2198 1649 favens

258 1676 489 1721 causae
542 1655 975 1727 Servetianae
1039 1662 1462 1730 favorabilius
1525 1668 1746 1732 omnia
1810 1670 2196 1751 exponebat.

264 1739 435 1807 Utile
475 1763 633 1827 ergo
678 1753 746 1809 et
784 1749 1227 1814 necessarium
1269 1750 1393 1814 fuit
1425 1763 1503 1815 nt
1535 1773 1618 1817 ex
1664 1752 1846 1819 vobis
1886 1754 1984 1818 rei
2025 1754 2197 1819 veri-

256 1834 459 1892 tatem
501 1828 898 1897 audiremus,
966 1833 1152 1899 Alias
1195 1836 1342 1918 plus
1384 1837 1587 1903 semel
1629 1838 1700 1902 in
1744 1841 1986 1906 nostris
2029 1840 2199 1905 Foe-

260 1913 521 1980 deribus
540 1916 600 2001 ⁴)
641 1915 665 1979 i
752 1918 763 1931 '
814 1918 1118 1997 vidimus,
1163 1922 1273 2004 qui
1317 1922 1564 1988 multos
1608 1933 1762 1990 ante
1806 1945 2010 1992 annos
2053 1948 2202 1991 evo-

254 2009 515 2065 merent
565 1999 677 2067 dia
757 2003 953 2070 licam
995 2006 1187 2071 istam
1244 2007 1543 2073 haeresin
1603 2009 1969 2077 luculenter
2012 2011 2199 2077 redo-

257 2084 479 2150 lentia.
567 2086 896 2155 Videbitis
940 2091 1153 2157 adbuc
1196 2093 1417 2175 plura,
1475 2116 1642 2177 quae
1685 2100 2021 2180 proferent
2061 2119 2200 2162 am·

258 2170 496 2237 bitiosa
536 2174 953 2259 inquietaque
997 2177 1294 2261 ingenia,
1335 2178 1558 2244 eadem
1605 2200 1755 2246 cum
1797 2182 1941 2249 aliis
1983 2182 2199 2247 humi-

256 2255 410 2321 liter
455 2280 533 2324 ac
575 2259 960 2343 simpliciter
1001 2263 1261 2347 ingredi
1301 2265 1406 2330 via
1439 2264 1868 2351 indignantia.
1937 2269 2201 2352 Alioqui

258 2341 761 2411 Genevensibus
803 2368 921 2413 vos
961 2349 1289 2416 mehercle
1331 2352 1762 2435 respondistis
1804 2375 1939 2419 non
1982 2356 2201 2420 minus

256 2448 295 2492 a
339 2437 407 2494 te
450 2438 520 2494 et
560 2430 939 2513 prudenter,
984 2454 1182 2516 quam
1215 2436 1323 2519 pie
1360 2436 1856 2522 christianeque.
1927 2441 2201 2507 Utinam

260 2515 279 2577 i
327 2534 435 2578 em
491 2516 736 2582 faciant
784 2520 897 2602 qui
953 2520 1253 2586 Basileae
1310 2532 1468 2588 sunt
1523 2523 1697 2588 docti
1755 2546 2011 2591 omnes:
2079 2547 2202 2591 nec

256 2599 426 2666 ullos
471 2601 711 2668 habeat
752 2604 886 2669 illic
942 2605 1230 2672 fautores
1285 2609 1533 2673 malum
1580 2609 1702 2675 hoc
1747 2610 2042 2677 funditus
2086 2632 2199 2676 ex-

256 2685 692 2770 stirpandum.
804 2689 951 2756 Non
1014 2703 1115 2756 est
1183 2692 1308 2759 hoc
1363 2694 1891 2761 incredulitatem
1946 2700 2198 2779 punire,

250 2772 397 2922 {oggi
400 2794 502 2923 11)ιέ
546 2774 733 2858 virus
795 2786 929 2840 tam
986 2778 1302 2860 pestilens
1357 2779 1429 2843 in
1486 2780 1798 2863 populum
1854 2791 2201 2868 spargatur

486 2880 577 2925 re.

428 2942 784 3012 Caeterum
825 2948 945 3012 filii
988 2950 1122 3013 mei
1162 2966 1360 3033 opera
1395 2972 1571 3018 nunc
1615 2962 1761 3018 utor
1803 2954 1874 3018 in
1911 2954 2200 3020 scriben-

252 3027 351 3096 dis
397 3031 708 3114 epistolis.
781 3032 934 3117 Ipse
979 3035 1157 3101 enim
1200 3058 1357 3119 prae
1400 3036 1622 3104 dolore
1665 3041 1874 3105 cruris
1917 3038 2198 3105 scribere

244 3136 385 3181 non
432 3138 703 3200 possum
748 3133 815 3183 et
849 3120 1189 3187 medicinis
1228 3121 1568 3193 Clavenna
1610 3125 1844 3202 allatis,
1889 3125 2200 3191 interces-

244 3201 434 3268 sione
478 3204 563 3267 D.
626 3202 930 3288 Verqerii,
977 3216 1158 3286 uter,
1215 3229 1334 3291 per
1375 3229 1536 3291 quas
1579 3211 1710 3274 iam
1754 3233 1929 3277 nunc
1968 3211 2199 3277 melius

246 3284 498 3354 habere
544 3289 797 3372 incipio.

421 3372 501 3440 Si
546 3375 877 3458 agendum
920 3379 1107 3445 nobis
1151 3389 1323 3445 esset
1365 3389 1597 3445 contra
1640 3390 1941 3448 versutos
1973 3384 2192 3467 papis-

242 3468 345 3525 tas
415 3461 651 3539 Italos,
732 3464 997 3528 mallem
1072 3465 1353 3531 eundem
1426 3467 1789 3550 Veryerium
1864 3468 1971 3532 hie
2035 3490 2197 3549 esse,

241 3565 447 3627 quam
493 3546 666 3613 alibi.
683 3549 742 3629 ⁶)
832 3549 1001 3632 Quis
1046 3558 1267 3615 autem
1309 3573 1463 3629 nos,
1523 3554 1640 3635 qui
1682 3552 1752 3617 in
1795 3553 2198 3621 Foederibus

221 3650 481 3698 sumus
527 3635 1035 3713 concionatores,
1082 3637 1286 3719 possit
1327 3638 1407 3702 ab
1453 3639 1767 3703 avaritiae
1809 3660 2037 3704 somno
2082 3662 2196 3705 ex-

236 3719 450 3784 citare
495 3729 691 3804 atque
734 3721 1073 3803 impellere
1116 3733 1190 3786 ut
1225 3722 1576 3806 diligenter
1609 3724 1972 3803 doceamus,
2010 3747 2195 3791 seve-

238 3804 413 3868 riter
458 3807 953 3889 redarguamuS‚
1016 3819 1236 3874 sancte
1285 3808 1707 3889 obtestemur,
1752 3813 1972 3875 omnia
2020 3809 2199 3876 deni-

237 3909 367 3972 que
417 3912 553 3956 non
597 3894 1094 3976 superficialiter
1138 3894 1456 3979 agamus?
1526 3896 1893 3979 Loquimur
1933 3896 2196 3979 quidem

233 3976 434 4042 nulla
469 3977 827 4058 mendacia,
873 3979 985 4044 sed
1023 3989 1242 4045 tamen
1282 3981 1469 4057 asini,
1514 3982 1685 4064 qued
1723 3981 1976 4059 dicitur,
2023 4004 2196 4048 mor-

233 4080 365 4132 tes:
440 4066 522 4130 iis
566 4064 804 4148 quibus
848 4065 955 4131 vel
998 4066 1187 4130 unice
1231 4087 1392 4149 opus
1438 4076 1611 4131 esset
1651 4068 2053 4150 praeteritis,
2110 4090 2196 4133 ne

237 4152 423 4217 male
490 4152 899 4217 conciliatam
964 4151 1485 4217 benevolentiam
1553 4155 1948 4218 amittamus.
2059 4152 2196 4219 Sed

234 4258 321 4303 ne
386 4246 457 4301 te
518 4235 911 4314 obtundam,
979 4246 1090 4313 (ex
1158 4237 1491 4321 unguibus
1557 4241 1828 4303 aestima
1891 4239 2193 4319 leonem).

226 4322 417 4388 Vale
441 4335 510 4389 et
552 4343 673 4389 nos
716 4323 1056 4389 redamare
1099 4343 1316 4408 perge.
1386 4322 1651 4388 Salutat
1685 4333 1751 4390 ιθ
1779 4324 2122 4390 Comnder
2141 4327 2195 4408 ⁶)

451 4648 513 4714 3)
552 4647 816 4702 :simlerus
853 4649 1142 4703 Curionem
1184 4648 1350 4701 innui
1380 4649 1709 4714 suspicatur.
1794 4650 1986 4703 Verum
2019 4652 2071 4703 is
2106 4667 2194 4704 ne·

379 4723 515 4773 tunc
548 4718 611 4771 in
647 4715 873 4772 Italiam
908 4732 965 4770 se
997 4716 1223 4770 emuniit
1255 4732 1426 4786 neque
1471 4724 1582 4770 tam
1623 4733 1659 4770 a
1698 4724 1806 4772 erte
1836 4734 1941 4787 pro
1980 4718 2195 4774 Ser-veto

222 4735 500 4857 mutus
535 4791 685 4839 esset.
743 4784 1102 4852 Coqitandum
1134 4787 1324 4853 potius
1357 4786 1425 4839 de
1448 4784 1623 4840 Griba
1732 4789 1828 4856 qui
1862 4787 1989 4840 dum
2023 4804 2196 4843 causa

228 4856 461 4909 Ser-veti
504 4856 768 4925 agebatur
812 4853 1064 4907 Genavae
1106 4860 1229 4907 erat
1272 4860 1321 4907 et
1365 4870 1433 4907 m.
1474 4853 1620 4923 Sept.
1662 4855 1885 4919 iau-ico,
1938 4855 2110 4910 Gur-ia
2145 4864 2195 4911 ot

223 4923 485 5058 anschaN‘
488 4925 849 5046 vglgranmen'
850 4939 879 4977 ε
930 4921 1226 4976 Patavium
1279 4938 1338 4977 sc
1381 4927 1591 4991 recepzt'.
1674 4924 1955 4990 (Tremel
1999 4925 2069 4978 11.
2106 4924 2190 4980 55.

449 5060 510 5125 4)
558 5060 804 5116 Trechel
836 5060 903 5113 11.
940 5058 1007 5111 77
1042 5074 1114 5113 ss.
1150 5116 1153 5119 Α

454 5130 509 5195 5)
547 5129 600 5183 Δ
635 5130 771 5184 duee
815 5127 1249 5198 Wmemberqico

452 5196 510 5265 6)
554 5196 859 5252 Gomander
900 5213 967 5251 ea·
1006 5214 1156 5265 paqo
1193 5196 1501 5263 Evuzcbuch,
1551 5197 1808 5266 Ztoinylii
1840 5200 2050 5252 amictas
2080 5200 2192 5252 iam

222 5287 283 5323 a.
326 5265 481 5323 1524
514 5284 551 5321 a
580 5265 789 5402 Bw
825 5265 1083 5321 Curiones·
1099 5273 1337 5322 vocatus
1371 5283 1470 5335 per
1498 5266 1569 5321 33
1603 5283 1781 5322 annos
1821 5267 1898 5321 ad
1938 5267 1992 5320 S.
2031 5266 2193 5323 Mar·

207 5341 331 5395 fine·
372 5337 630 5392 mmet·
742 5337 789 5392 '.
1336 5368 1345 5377 ·

1282 5134 1507 5182 vocam
1540 5135 1674 5183 erat.

1290 5530 1299 5535 ”
1322 5538 1373 5561 ’κ-

1992 419 2151 480 1553
2197 411 2522 481 ΟΟΤΟΒ.

4122 428 4251 493 650

2303 610 2373 667 et
2422 604 2657 702 reliqui
2701 625 2863 688 quos
2912 607 3104 672 nosti.
3207 608 3461 674 Datum
3506 609 3748 681 Curiae
3802 610 3908 677 die
3957 618 4049 678 19.
4098 612 4244 680 Oct.

2304 708 2466 753 πω
2517 695 2696 754 ιῧὸἃ
3401 782 3582 847 Tuae
3621 781 4076 850 Humanitatis

3500 883 3626 948 Ph.
3673 884 4011 953 Gallicius.

3086 1176 3488 1185 --—-———-————-·——

3175 1391 3366 1462 1835.

2820 1544 3227 1614 VIRETUS
3271 1547 3732 1615 PARELLO.

2479 1712 2857 1797 Suspicat-ur
2886 1719 3319 1798 praecedentes
3352 1738 3505 1783 suas
3539 1720 3598 1784 ei
3630 1739 3747 1783 non
3785 1740 3915 1785 esse
3948 1722 4245 1803 redditas,

2302 1801 2509 1882 itaque
2551 1802 2779 1867 iterum
2820 1803 3036 1868 scribit
3072 1803 3206 1885 fere
3247 1804 3481 1869 eadem.

2305 1972 2421 2037 (Ex
2467 1974 2803 2043 autographo
2851 1975 2993 2029 Bibl.
3023 1978 3311 2096 fssmssff
3354 1974 3830 2110 11:11e0'3x3mensium,
3874 1976 4015 2046 Epp.
4064 1979 4246 2033 Vireti

2479 2212 2744 2279 Eximio
2797 2212 2954 2279 Iesu
3007 2211 3254 2279 Christi
3324 2235 3515 2279 servo
3575 2213 3932 2281 Guilielmo
3986 2217 4249 2283 Farello

2306 2297 2769 2365 Neocomensis
2830 2298 3141 2364 ecclesiae
3198 2300 3443 2382 pastori
3511 2298 3886 2367 fidelissimo
3942 2302 4130 2368 fratri
4185 2310 4252 2370 et

2305 2392 2708 2469 symmystae
2741 2384 3103 2468 plurimum
3146 2383 3430 2450 colendo.

3747 2472 3811 2537 N
3813 2474 4073 2538 eocomi.

2478 2604 2547 2671 S.
2622 2605 2987 2691 Sperabam
3033 2616 3098 2672 te
3141 2607 3273 2672 huc
3331 2607 3516 2673 brevi
3574 2617 3924 2674 venturum
3969 2610 4028 2675 si
4069 2631 4255 2677 meae

2304 2690 2421 2755 tibi
2467 2690 2693 2757 literae
2719 2696 2771 2772 ¹)
2814 2693 3093 2758 fuissent
3135 2694 3204 2758 in
3245 2701 3539 2776 tempore
3582 2693 3874 2760 redditae
3917 2714 4065 2760 cum
4110 2696 4253 2763 lite-

2305 2777 2397 2841 ris
2442 2776 2721 2850 ‚Calvini
2782 2778 2863 2843 ad
2936 2799 3041 2843 me
3120 2799 3284 2863 quas
3360 2779 3526 2844 meis
3589 2779 4003 2845 incluseram.
4114 2781 4249 2848 Sed

2302 2874 2756 2946 praeterquam
2804 2864 2977 2948 quod
3022 2874 3240 2929 metuo
3275 2885 3360 2928 ne
3396 2885 3526 2929 non
3563 2865 3808 2931 fuerint
3845 2868 3917 2930 in
3955 2875 4250 2950 tempore

2304 2946 2631 3026 redditae,
2689 2949 2885 3015 audio
2930 2959 2995 3015 te
3054 2949 3299 3017 afflicta
3342 2950 3543 3016 fuisse
3584 2950 3991 3030 valetudine,
4050 2973 4248 3036 quam

2303 3033 2422 3098 tibi
2465 3034 2768 3118 inprimis
2810 3056 3003 3101 curae
3048 3058 3188 3102 esse
3232 3036 3434 3120 cupio,
3530 3035 3781 3102 Calvini
3822 3036 4054 3103 literae
4096 3059 4249 3105 cau·

2303 3140 2411 3185 sas
2455 3122 2907 3199 continebant,
2965 3130 3232 3206 propter
3282 3142 3442 3203 quas
3487 3130 3925 3204 opportunum
3968 3124 4104 3188 fore
4144 3125 4248 3190 iu-

2304 3205 2564 3271 dicabat
2652 3214 2950 3273 nostrum
3028 3208 3371 3291 utriusque
3442 3205 3787 3272 Genevam
3869 3209 4246 3276 adventum.

2302 3291 2448 3375 Ege
2470 3292 2553 3358 ad
2587 3300 2844 3377 tempus
2867 3290 3030 3357 illud
3069 3293 3295 3359 adesse
3332 3313 3466 3357 non
3501 3300 3816 3375 poteram,
3854 3294 4024 3377 quod
4058 3315 4244 3378 prae-

2304 3377 2723 3443 scribebatur.
2811 3377 3177 3463 Sperabam
3235 3387 3297 3443 te
3351 3399 3881 3462 praecessurum,
3943 3402 4049 3445 me
4093 3402 4248 3447 vero
4313 3422 4318 3425 =

2302 3482 2458 3529 mox
2535 3472 2981 3547 sequuturum.
3087 3463 3224 3530 Sed
3304 3464 3528 3528 malim
3609 3476 3675 3528 te
3741 3464 3914 3530 domi
3977 3488 4247 3533 manere

2302 3569 2502 3630 quam
2546 3558 2730 3615 tuam
2773 3551 2984 3635 magis
3041 3549 3333 3634 affligere
3389 3548 3869 3628 valetudinem,
3923 3553 3990 3615 in
4047 3573 4247 3634 quam

2302 3642 2368 3699 ιθ
2407 3633 2600 3699 audio
2642 3636 2949 3702 incidisse
2994 3636 3148 3700 mali
3190 3635 3425 3701 medici
3444 3635 3501 3719 ²)
3545 3654 3770 3714 causa,
3816 3637 3921 3701 cui
3964 3657 4096 3702 non
4142 3658 4246 3702 sa-

2301 3722 2389 3785 tis
2432 3721 2557 3784 fuit
2614 3720 2732 3787 tibi
2792 3720 2948 3786 dum
3004 3724 3256 3786 viveret
3308 3742 3570 3799 nocere,
3631 3722 3761 3786 nisi
3823 3734 3892 3785 et
3945 3730 4246 3791 mortuus

2302 3807 2646 3872 nocuisset.
2736 3807 2906 3875 Nam
2953 3808 3010 3872 si
3055 3828 3125 3872 se
3179 3807 3379 3872 talem
3433 3808 3864 3889 praestitisset
3918 3818 4246 3890 pastorem

2346 3892 2561 3957 nalem
2608 3891 2937 3971 debuerat,
2981 3914 3115 3961 non
3149 3892 3380 3958 fuisset
3413 3892 3528 3956 tibi
3565 3901 3909 3976 tantopere
3942 3894 4246 3961 laboran-

2302 3912 2459 4042 gum
2526 3977 2608 4041 ad
2675 3977 3156 4044 restituendum
3220 3977 3392 4061 quod
3447 3977 3560 4043 ille
3623 3977 4015 4062 perdiderat.
4119 3981 4246 4046 Ille

2301 4084 2478 4128 nunc
2522 4072 2656 4129 stat
2696 4073 2848 4129 ante
2886 4064 3062 4130 illius
3105 4063 3395 4128 tribunal
3433 4065 3620 4129 cuius
3655 4064 3992 4130 ministros
4038 4072 4247 4131 tanto-

2303 4170 2457 4231 pere
2521 4150 2928 4232 contempsit.
3027 4149 3231 4214 Faxit
3283 4150 3467 4214 Deus
3538 4155 3617 4214 ut
3668 4152 3731 4213 A
3819 4150 4249 4233 thopolitanis

2302 4246 2436 4299 tam
2483 4233 2817 4300 immundo
2863 4235 3129 4299 animali
3173 4256 3300 4299 non
3360 4235 3662 4301 succedat
3706 4257 3745 4299 a
3770 4235 3882 4300 iud
3929 4236 4099 4318 quod
4144 4238 4247 4302 vi-

2302 4341 2495 4386 neam
2559 4322 2828 4386 Domini
2894 4320 3220 4398 devastet,
3297 4328 3373 4384 ut
3439 4341 3672 4403 porcus
3736 4321 3847 4384 ille
3924 4321 4245 4388 sordidus.

2302 4406 2706 4471 Distuleram
2742 4404 2824 4470 ad
2863 4416 3049 4472 tuum
3084 4405 3439 4471 adventum
3475 4406 3703 4482 multa,
3748 4427 3912 4488 quae
3949 4429 4033 4473 ne
4067 4428 4248 4473 nunc

2301 4492 2564 4574 quidem
2609 4493 2854 4558 chartis
2910 4493 3343 4568 committam,
3405 4511 3676 4574 sperans
3732 4492 3868 4556 fore
3928 4502 4002 4557 ut
4059 4493 4249 4560 brevi

2300 4577 2631 4643 advenias.
2741 4579 2914 4643 Nam
2978 4598 3380 4661 quocumque
3446 4577 3671 4643 venias
3735 4584 4024 4660 tempore
4088 4586 4246 4644 tuus

2299 4664 2429 4729 erit
2483 4684 2742 4747 semper
2796 4674 3203 4747 opportunus
3261 4663 3597 4729 adventus.
3698 4663 3921 4728 Audio
3974 4662 4248 4729 rediisse

2298 4750 2618 4815 nuncium
2661 4751 2767 4832 qui
2817 4749 2899 4815 ad
2941 4750 3245 4815 ecclesias
3281 4750 3703 4815 Germanicas
3745 4750 3987 4814 missus
4029 4749 4249 4814 fuerat

2297 4856 2416 4917 pro
2475 4857 2673 4900 causa
2735 4834 2984 4901 Servati.
3087 4833 3391 4902 Calvinus
3447 4835 3749 4917 cupiebat
3805 4843 3871 4900 ιθ
3925 4843 4068 4899 tum
4129 4834 4244 4899 ad-

2298 4977 2709 4984 fflmfiffl———-

2296 5059 2472 5113 1885·
2503 5060 2566 5189 ἓ)
2595 5057 2966 5182 Ιὲἰαέθὸῗεζηία
2979 5127 3081 5182 tibi
3113 5124 3444 5180 enucleanda
3476 5123 3848 5205 relinqat‘mua.
3894 5123 4128 5179 Tantum
4147 5125 4247 5181 hoc

2298 5195 2479 5250 dicere
2526 5198 2772 5249 ausimne
2818 5197 2907 5250 hic
2956 5211 3071 5250 non
3116 5201 3227 5249 tam
3262 5193 3329 5247 de
3371 5208 3499 5247 vero
3541 5192 3746 5246 medwo
3794 5207 4091 5248 sermonem
4123 5194 4249 5260 fian

2298 5265 2398 5335 qun·
2431 5266 2575 5318 mala
2607 5265 2848 5319 remedia
2884 5265 2945 5319 in
2979 5265 3227 5320 curando
3259 5262 3441 5318 morbo
3476 5261 3782 5316 adhibuerit
3818 5278 3982 5331 quam
4019 5263 4086 5317 de
4118 5278 4246 5329 pan-

2301 5341 2416 5388 ton
2434 5333 2896 5403 Ayathopolitauo
2930 5334 3028 5404 qm·
3049 5332 3274 5388 Farello
3289 5332 3559 5402 negotium
3576 5330 3895 5397 facessebat.
3931 5331 4030 5399 (N.
4060 5331 4245 5400 1837.)
