4900 6167
207 450 306 513 609
1872 455 2036 517 1553
2083 450 2533 521 ΒΕΡΤΕΜΒ.
4088 477 4220 541 610

208 633 594 718 disciplinam
655 635 1162 702 ecclesiasticam
1208 638 1479 717 attinet,
1538 637 1901 721 plurimum
1952 639 2145 705 nobis

206 720 624 787 exhibuerunt
664 722 910 807 negotii
957 721 1199 788 classes
1244 744 1490 789 omnes.
1558 723 1761 789 Nulla
1804 724 1979 790 enim
2026 745 2142 790 ex-

206 816 366 892 cepta
407 828 690 872 examen
736 827 966 873 omnes
1011 828 1277 874 suorum
1326 809 1449 874 sibi
1496 808 1640 875 dari
1677 811 2029 893 petierunt,
2076 819 2144 876 et

203 900 567 976 potestatem
625 892 1013 958 excludendi
1069 913 1109 958 a
1165 915 1368 960 coena
1410 896 1703 961 Domini.
1796 895 1982 961 Nulli
2040 904 2142 961 ta-

202 1000 331 1043 men
374 977 833 1044 vehementius
877 978 1001 1045 hoc
1040 990 1354 1046 urserunt
1386 1002 1577 1065 quam
1604 982 2139 1063 Lausannenses,

205 1064 350 1129 sicut
411 1063 535 1130 hoc
596 1085 679 1129 ex
737 1065 980 1149 scripto
1036 1065 1367 1148 ipsorum,
1434 1068 1619 1132 cuius
1685 1066 2141 1151 apographum

203 1148 303 1213 tibi
344 1150 564 1228 mitto,
590 1154 644 1233 ³)
700 1150 1006 1234 colligere
1059 1160 1275 1235 potes,
1337 1152 1509 1235 quod
1556 1151 1745 1218 nobis
1806 1154 2141 1218 communi

204 1255 499 1300 consensu
574 1234 1035 1302 exhibuerunt.
1148 1239 1255 1302 Ad
1321 1237 1498 1321 quod
1563 1259 1684 1303 nos
1750 1238 2141 1321 simpliciter

202 1320 664 1403 respondimus:
755 1320 1126 1406 Disciplina
1159 1324 1231 1387 in
1278 1323 1552 1390 ecclesia
1594 1345 1758 1407 opus
1801 1344 1977 1402 esse,
2024 1323 2141 1390 sed

204 1404 448 1471 eandem
519 1427 653 1471 non
721 1427 912 1490 posse
977 1408 1047 1471 in
1121 1410 1428 1475 omnibus
1487 1408 1775 1475 ecclesiis
1831 1410 2141 1474 constitui

203 1491 476 1559 formam.
568 1492 721 1558 Non
781 1491 1097 1558 damnare
1156 1515 1278 1559 nos
1336 1494 1509 1561 hanc
1562 1495 1875 1575 formam,
1935 1495 2142 1562 sicubi

203 1596 265 1640 ea
303 1578 369 1641 in
413 1578 778 1643 christiana
833 1579 1108 1645 ecclesia
1164 1580 1252 1645 sit
1308 1588 1597 1664 recepta,
1658 1581 1960 1664 quamvis
2004 1602 2140 1646 non

201 1662 588 1746 ignoremus,
634 1664 815 1728 illam
861 1665 1139 1730 formam
1184 1666 1602 1749 peculiariter
1641 1666 1710 1731 in
1757 1666 1890 1730 illis
1936 1666 2140 1732 eccle·

202 1748 300 1813 siis
342 1749 556 1814 locum
602 1749 863 1828 habere,
910 1759 979 1815 et
1012 1750 1171 1814 olim
1215 1772 1475 1834 quoque
1509 1752 1927 1834 potissimum

201 1854 295 1898 eas
337 1835 534 1900 fuisse
575 1846 993 1986 usurpatam,
1051 1858 1217 1919 quae
1277 1837 1496 1902 adhuc
1535 1838 1838 1921 privatae
1881 1750 2141 1901 nulfuliil
2182 1866 2185 1869 “

200 1919 610 1985 christianum
646 1920 738 1986 ha
780 1923 1002 1987 uerint
1035 1923 1516 2007 magistratum.
1583 1923 1666 1987 In
1700 1923 1949 1989 nostris
1985 1942 2142 1988 vero

200 2005 473 2072 ecclesiis
518 2007 661 2071 fieri
709 2028 841 2072 non
886 2028 1079 2091 posse
1122 2017 1199 2073 ut
1250 2008 1398 2074 talis
1446 2007 1791 2091 disciplina
1832 2009 2141 2074 institua-

200 2097 324 2169 tur,
384 2091 685 2175 nihilque
744 2104 1173 2176 sequuturum
1228 2095 1355 2159 nisi
1417 2094 1739 2160 maximas
1793 2094 2022 2159 turbas
2067 2113 2144 2158 ac

198 2176 567 2253 seditiones,
613 2179 745 2243 imo
789 2180 988 2243 totius
1033 2179 1358 2264 evangelii
1404 2181 1845 2257 eversionem,
1893 2180 1948 2243 si
1997 2178 2142 2263 quis

199 2262 357 2329 hanc
401 2264 745 2329 instituere
791 2273 1041 2347 pergat.
1131 2263 1567 2331 Ostendimus
1611 2265 1810 2331 etiam
1855 2265 2147 2348 pericula

200 2347 316 2412 alia
378 2349 533 2415 hinc
605 2359 964 2432 sequutura
1044 2352 1216 2416 circa
1284 2351 1796 2417 satisfactionem
1860 2358 1930 2415 et
1995 2350 2142 2430 alia,

198 2432 556 2518 hortatique
601 2456 833 2500 snmus
877 2448 953 2500 ut
987 2437 1069 2502 ab
1103 2436 1217 2501 illo
1253 2437 1555 2503 instituto
1592 2435 1933 2515 desistant,
1979 2437 2143 2502 sint-

199 2539 311 2669 gue
346 2519 692 2604 disciplina
720 2521 1148 2606 magistratus
1186 2532 1252 2586 et
1274 2523 1810 2589 consistoriorum
1833 2523 2143 2587 contenti.

246 2607 267 2669 i
331 2627 482 2671 vero
548 2606 674 2673 hoc
733 2608 1001 2672 omnino
1058 2607 1306 2687 nolint,
1375 2615 1452 2673 ut
1517 2607 1903 2692 singulatim
1967 2627 2143 2672 unus

198 2699 333 2773 post
376 2692 664 2758 alterum
718 2713 961 2759 nomen
1019 2715 1211 2759 suum
1275 2691 1635 2772 adscribat,
1696 2701 1839 2758 tum
1895 2714 2015 2758 nos
2060 2693 2143 2758 ad

196 2786 487 2843 senatum
542 2779 763 2843 omnia
817 2778 1155 2844 relaturos,
1244 2780 1599 2862 Postquam
1660 2801 1732 2844 er
1875 2779 2145 2844 nomina

198 2882 305 2926 sua
341 2864 481 2947 peti
526 2862 870 2942 viderunt,
933 2874 1275 2930 cesserunt
1330 2865 1653 2930 instituto,
1735 2800 1978 2948 {lisque
2022 2863 2147 2930 hoe

198 2950 523 3033 negotium
568 2949 661 3016 sic
703 2971 1130 3034 suppressum
1175 2959 1305 3031 est,
1367 2959 1440 3016 ut
1496 2949 1684 3015 nulla
1738 2950 1880 3016 eius
1923 2971 2146 3015 coram

198 3042 416 3099 senatu
489 3035 738 3101 mentio
816 3037 901 3100 sit
969 3037 1210 3102 futura.
1321 3036 1470 3102 Hoc
1538 3046 1640 3101 est
1717 3037 2145 3119 praecipuum

198 3120 358 3201 quod
402 3142 524 3186 nos
567 3123 879 3187 exercuit.
968 3121 1187 3188 Fuere
1241 3130 1309 3187 et
1350 3122 1481 3186 alia
1521 3123 1816 3206 privatas
1860 3142 2146 3205 quorun-

198 3203 338 3270 dam
382 3227 698 3290 personas
743 3209 1206 3273 concernentia
1260 3227 1426 3291 quae
1482 3227 1825 3274 recensere
1868 3229 2001 3272 non
2048 3214 2148 3273 est

196 3310 369 3373 opus.
441 3289 803 3375 Speramus
848 3314 1076 3359 omnes
1113 3314 1433 3378 magnum
1477 3314 1561 3358 ex
1606 3292 1729 3358 hac
1773 3293 2147 3359 visitatione

194 3374 473 3443 fructum
517 3388 969 3461 aequaturum.
1057 3379 1426 3444 Interfuere
1482 3400 1601 3462 pro
1646 3398 1829 3443 more
1873 3376 2148 3463 synodo-

196 3482 335 3526 rum
378 3471 757 3530 nostrarum
800 3485 1029 3529 omnes
1085 3465 1429 3548 praefecti,
1486 3474 1855 3548 praetores,
1914 3463 2146 3530 castel-

196 3544 356 3626 lani,
402 3548 687 3628 nobiles,
733 3558 854 3616 etc.
902 3572 1179 3634 quorum
1225 3571 1536 3615 numerus
1579 3551 1648 3615 in
1692 3549 1941 3632 aliquot
1983 3548 2147 3615 clas-

66 3706 69 3709 ,
196 3632 366 3700 sibus
410 3636 863 3701 ministrorum
912 3658 1265 3701 numerum
1310 3637 1594 3702 excessit
1638 3635 1878 3714 multo,
1926 3636 2037 3719 qui
2081 3643 2151 3699 et
2192 3681 2198 3735 W

193 3718 428 3805 singuli
474 3741 789 3787 censuras
833 3722 1057 3787 subire
1094 3730 1253 3787 sunt
1287 3722 1511 3799 coacti,
1557 3720 1836 3787 barones
1871 3740 2146 3804 quoque.

194 3805 296 3886 qui
341 3806 463 3872 sub
508 3808 782 3890 imperio
827 3807 1078 3891 degunt
1111 3808 1549 3873 Dominorum
1597 3815 1997 3873 nostrorum.
2065 3805 2148 3870 Id

192 3890 358 3973 quod
409 3912 730 3977 magnum
791 3894 1098 3959 omnibus
1159 3894 1443 3959 incussit
1496 3913 1830 3977 pavorem.
1934 3890 2146 3975 Spero

192 3995 341 4060 ergo
384 3979 632 4043 rectius
666 3980 888 4043 omnia
924 3978 1198 4064 posthac
1242 3978 1323 4044 ab
1366 3979 1529 4061 ipsis
1574 3977 1816 4043 futura.
1874 3977 1957 4042 In
2002 3998 2146 4043 cae-

193 4064 631 4129 remoniarum
698 4062 993 4129 doctrina
1059 4065 1235 4130 inter
1294 4063 1633 4129 ecclesiam
1706 4071 2000 4128 nostram
2083 4070 2149 4127 et

194 4145 654 4215 Genevensem
714 4149 1037 4215 nihildum
1083 4158 1183 4215 est
1226 4157 1463 4214 actum.
1488 4151 1544 4233 ⁴)
1633 4147 1846 4232 Spero
1889 4148 2146 4214 facilem

190 4231 477 4298 futuram
538 4236 970 4319 componendi
1016 4235 1140 4301 hoc
1192 4255 1451 4319 quoque
1494 4236 1693 4300 viam.
1784 4234 1955 4300 Cum
2004 4231 2146 4299 Gal-

191 4320 330 4384 vino
376 4320 790 4386 familiariter
846 4321 1094 4386 contuli
1152 4321 1384 4387 multa.
1406 4321 1467 4403 ⁶)
1552 4320 1994 4387 Perturbatur
2034 4319 2147 4385 ille

189 4404 378 4470 modo
435 4406 628 4472 valde
694 4415 960 4491 propter
1013 4427 1279 4473 causam
1344 4406 1582 4472 Sei-veti
1630 4406 2146 4486 haeresiarchae,

192 4492 295 4571 qui
342 4491 477 4557 illic
521 4493 591 4557 in
634 4493 921 4559 vinculis
967 4491 1315 4558 detinetur.
1405 4493 1511 4557 De
1556 4513 1687 4576 qua
1743 4512 1944 4559 causa
1987 4511 2146 4575 quo-

188 4575 369 4640 niam
417 4577 806 4645 Gualthms
849 4580 1072 4644 omnia
1115 4600 1385 4644 narrare
1440 4578 1712 4661 poterit,
1771 4577 1941 4642 nihil
1985 4578 2146 4644 scri-

188 4657 357 4726 bam.
467 4662 654 4745 Quae
721 4665 918 4730 etiam
989 4685 1163 4730 nova
1226 4665 1557 4742 feruntur,
1625 4663 1922 4729 narrabit
1983 4663 2142 4746 ipse.

188 4742 514 4814 Nimirum
560 4751 846 4828 festinat,
892 4760 968 4815 ut
1009 4772 1187 4817 nunc
1232 4750 1429 4834 plura
1471 4771 1605 4815 non
1641 4749 1904 4833 possim.
1970 4749 2149 4815 Boni

190 4885 235 4893 u—
254 4890 461 4895 --..—j——
516 4890 593 4896 -—

387 4952 448 5091 {i
483 4953 785 5089 1532ssaess
788 4969 1183 5078 αωῖεἱηαιᾱω
1218 5020 1285 5074 aa
1300 5020 1492 5075 diebus
1523 5021 1699 5089 festa,
1734 5027 1845 5075 tun·
1879 5020 2044 5075 ettam
2079 5019 2147 5073 aa

188 5088 381 5143 mutus
415 5097 880 5147 sacramentorum
915 5096 966 5145 et
999 5089 1512 5143 matrimonialibus.
1568 5090 1760 5158 Neque
1793 5091 1912 5143 sinc
1945 5103 2145 5143 caasa.-

187 5157 368 5223 plum
427 5161 567 5214 enim
624 5166 783 5214 erant
835 5159 1130 5229 parochiae
1188 5158 1433 5213 subditos
1487 5159 1776 5228 utriusqus
1817 5158 2147 5226 reipublicae

184 5228 594 5364 ww&
624 5296 696 5351 N.
738 5295 886 5350 1773.
949 5296 1162 5350 Mirum
1197 5294 1344 5366 qaod
1378 5295 1446 5353 de
1477 5295 1578 5351 hoc
1613 5294 1835 5350 Hazleri
1865 5310 1984 5351 cum
2020 5295 2142 5365 ipso

188 5376 473 5434 conpressa
510 5366 774 5421 Οαῑοίπιιε
805 5365 950 5420 nihil
980 5380 1213 5435 usquam
1247 5363 1465 5431 referat.

415 5449 637 5507 Calvini
669 5467 856 5521 opera.
940 5450 1063 5508 Vol·
1094 5450 1264 5507 XIV.

2246 663 2403 727 ergo
2489 644 2723 710 aucula
2767 644 2960 725 haec,
3009 668 3177 731 quae
3220 651 3334 715 vix
3380 652 3620 736 raptim
3667 656 3930 738 scripsi,
3975 681 4213 726 consu-

2246 726 2360 793 les.
2504 729 2763 795 alut-ant
2822 738 2890 795 te
2947 735 3152 798 nostri
3215 756 3462 803 omnes.
3568 738 3757 806 Salvi
3815 743 3952 807 sint
4006 747 4214 811 vestri

2247 835 2539 897 quoque,
2587 818 2978 899 praesertim
3022 820 3270 885 familia
3313 830 3460 902 tua,
3508 826 3608 890 cui
3656 848 3740 890 ex
3787 848 3891 893 me
3934 850 4214 915 meaque

2245 900 2496 964 familia
2567 901 2844 967 salutem
2926 904 3203 971 multam
3285 908 3464 974 dicas
3543 932 3675 977 oro.
3789 913 3975 979 Bene
4041 918 4211 984 vale.

2246 984 2510 1051 Bernae
2556 990 2613 1052 6.
2662 986 3074 1073 Septembris
3126 984 3308 1058 1553.

3175 1130 3459 1197 Ioannes
3502 1133 3819 1201 Hallerus
3865 1150 4037 1203 tuus.

3023 1419 3429 1431 —.——

3129 1656 3320 1731 179⁰.

2646 1808 3123 1879 CALVINUS
3171 1815 3811 1886 BULLINGERO.

2420 1979 2675 2046 Literae
2741 2003 2782 2046 a
2841 1982 3079 2049 Iudaeo
3145 2006 3272 2051 non
3339 1988 3641 2054 redditae.
3747 1990 3878 2057 Res
3932 1993 4213 2078 Anyliac

2248 2065 2617 2148 deploratae.
2715 2066 2958 2133 Serveti
2991 2072 3300 2154 neyotium
3343 2074 3614 2140 eccle-siis
3654 2075 4077 2158 deferendum.

2252 2236 2362 2303 (Ex
2400 2239 2741 2308 autographo
2777 2238 2913 2293 Cod.
2949 2239 3083 2294 Gen.
3124 2241 3277 2309 107⁸,
3315 2242 3406 2296 sol.
3441 2243 3526 2300 61.
3565 2273 3627 2282 —-
3663 2247 3902 2301 Exstant
3936 2266 4092 2303 exem
4134 2252 4212 2305 la·

2249 2307 2335 2359 ria
2368 2308 2677 2361 recentiora
2710 2309 2767 2361 in
2802 2308 2933 2362 Cod.
2971 2310 3099 2374 111,
3147 2312 3241 2367 fol.
3277 2310 3407 2377 272,
3448 2316 3659 2368 Bernae
3783 2333 3834 2383 p.
3873 2317 3969 2370 VI.
4016 2318 4083 2372 81
4158 2327 4217 2374 et

2249 2391 2336 2444 ap.
2375 2375 2589 2429 Simler.
2629 2375 2756 2433 Vol.
2790 2376 2874 2433 80.
2933 2378 3164 2448 Anglice
3201 2398 3361 2436 versa
3396 2389 3483 2439 est
3514 2386 3573 2436 in
3610 2384 3694 2438 ed.
3777 2386 3927 2441 dinb.
3962 2387 4033 2441 11.
4067 2386 4214 2459 407.)

2247 2546 2517 2612 Eximio
2562 2547 2833 2614 Domini
2875 2549 3030 2616 Iesu
3077 2549 3333 2617 Christi
3387 2556 3693 2621 ministro
3737 2556 3821 2621 D.
3868 2559 4212 2626 Henricho

2248 2631 2640 2719 Bullingero
2657 2685 2672 2712 ‚
2719 2636 3078 2720 Tigurinae
3136 2638 3446 2704 ecclesiae
3499 2640 3630 2706 fido
3674 2646 3924 2725 pastori
3940 2697 3957 2724 ,
4017 2645 4215 2711 fratri

2713 2728 2780 2785 et
2823 2731 3230 2808 symmystae
3275 2724 3754 2794 colendissimo.

2425 2854 2497 2921 S.
2565 2854 2670 2920 De
2713 2855 2926 2924 literis
2952 2857 3002 2944 ¹)
3061 2880 3198 2925 non
3256 2861 3664 2941 dubitabam,
3722 2867 3885 2948 quin
3929 2868 4216 2936 fideliter

2251 2960 2551 3008 curasses
2594 2942 2768 3024 quod
2811 2944 3005 3011 officii
3051 2946 3149 3011 tui
3204 2959 3380 3027 erat,
3441 2960 3520 3013 ut
3574 2951 3742 3015 mihi
3800 2962 3943 3019 tuto
3987 2954 4217 3021 redde-

2251 3034 2498 3092 rentur.
2569 3028 2835 3093 Fefellit
2876 3040 3099 3097 tamen
3143 3032 3427 3099 Iudaeus
3471 3034 3600 3114 ille,
3644 3037 3756 3103 vel
3799 3037 4033 3105 saltem
4078 3061 4216 3106 non

2250 3113 2615 3196 praestitit,
2672 3115 2847 3197 quod
2902 3117 3228 3198 sperabas.
3336 3120 3633 3186 Tandem
3691 3122 3775 3188 ad
3831 3144 3954 3191 nos
4009 3127 4215 3204 venit,

2251 3198 2367 3264 sed
2411 3210 2807 3281 conquestus
2849 3222 2919 3266 se
2964 3203 3280 3289 Friburgi
3322 3207 3524 3272 fuisse
3568 3208 3954 3291 spoliatum,
4010 3211 4091 3276 de
4133 3212 4220 3276 li-

2251 3284 2413 3350 teris
2459 3284 2625 3349 nihil
2669 3286 2882 3368 potuit
2926 3288 3089 3353 certi
3130 3310 3439 3356 asserere.
3520 3290 3743 3373 Quum
3788 3295 3898 3360 hic
3941 3317 4015 3363 se
4059 3310 4215 3363 con‘-

2252 3369 2436 3448 ditio,
2483 3371 2742 3452 qualem
2787 3372 3074 3455 optabat,
3118 3397 3252 3441 non
3289 3377 3574 3458 offerret,
3618 3380 3689 3444 in
3726 3381 4044 3465 Angliam
4080 3391 4214 3448 tra-

2251 3455 2422 3520 iecit.
2485 3456 2723 3521 Monui
2743 3479 2849 3522 res
2878 3458 3015 3525 illic
3039 3480 3180 3526 esse
3203 3462 3622 3530 turbulentas
3657 3473 3725 3529 et
3745 3480 4020 3534 conatus
4063 3489 4213 3534 sum

2253 3563 2292 3606 a
2346 3543 2683 3624 proposito
2742 3545 3112 3610 retrahere:
3189 3548 3363 3612 nihil
3421 3560 3646 3614 tamen
3703 3553 3968 3634 profeci.
4072 3552 4211 3620 Sed

2251 3625 2475 3693 valeat
2509 3627 2637 3693 ille.
2701 3629 2840 3695 Nos
2876 3652 3158 3713 regnum
3200 3634 3417 3715 ipsum
3461 3637 3696 3701 merito
3739 3638 3972 3703 anxios
4017 3638 4219 3706 habet

2251 3713 2384 3778 imo
2430 3713 2783 3779 excruciat.
2874 3713 3052 3796 Quid
3107 3724 3295 3783 tanta
3337 3720 3599 3802 piorum
3641 3722 4068 3790 multitudine
4109 3726 4215 3791 fu·

2253 3806 2481 3863 turum
2525 3799 2641 3877 sit,
2700 3801 2813 3881 qui
2854 3801 3015 3868 illuc
3069 3805 3144 3867 in
3199 3804 3649 3871 voluntarium
3705 3808 4013 3874 exsilium
4056 3831 4218 3877 con-

2253 3895 2620 3964 cesserant,
2639 3886 2696 3965 2)
2753 3885 2912 3967 quid
2967 3889 3166 3953 etiam
3222 3890 3451 3956 multis
3504 3890 3864 3976 indigeniS,
3920 3896 4035 3978 qui
4079 3896 4217 3963 iam

2253 3967 2594 4035 Christum
2651 3980 2844 4035 erant
2909 3973 3242 4057 amplexi?
3342 3976 3489 4042 Nisi
3544 3978 3874 4044 Dominus
3938 4000 3976 4045 e
4034 3981 4216 4050 coelo

2251 4054 2645 4120 mirabiliter
2700 4068 3066 4137 succurrat,
3129 4061 3495 4143 periculum
3552 4073 3653 4127 est
3701 4085 3786 4128 ne
3834 4068 4015 4132 brevi
4059 4068 4215 4132 tris-

2252 4142 2541 4206 tissimos
2586 4142 2860 4207 nuncios
2914 4143 3276 4212 audiamus.
3380 4146 3487 4213 De
3545 4149 3920 4232 Reginaldo
3984 4151 4138 4219 Polo
4154 4155 4214 4228 Β)

2251 4225 2427 4292 idem
2493 4248 2749 4311 quoque
2813 4227 2921 4294 hic
2986 4230 3172 4314 viget
3235 4254 3480 4299 rumor.
3595 4233 3983 4315 Caeterum,
4058 4238 4216 4321 quia

2251 4333 2513 4397 semper
2579 4313 2833 4391 audivi,
2901 4317 3442 4399 superbissimam
3501 4341 3643 4392 esse
3699 4321 3979 4387 bestiam
4044 4344 4214 4406 quae

2249 4420 2428 4465 nunc
2473 4419 2677 4483 regno
2720 4399 2988 4483 potitur,
3035 4410 3102 4467 et
3144 4403 3418 4487 perinde
3463 4405 3827 4472 crudelem:
3875 4408 4216 4475 interdum

2250 4485 2418 4550 mihi
2463 4485 2720 4568 obrepit
2755 4487 2918 4552 haec
2954 4486 3288 4570 divinatio,
3335 4491 3478 4557 fieri
3523 4512 3711 4574 posse
3756 4499 3831 4557 ut
3874 4515 3994 4560 sua
4029 4495 4217 4561 illam

2253 4570 2530 4637 audacia
2573 4571 2998 4655 praecipitem
3036 4585 3219 4659 agat:
3278 4577 3405 4641 scis
3442 4577 3806 4643 animosam
3865 4601 4007 4646 esse
4052 4601 4214 4664 gen-

2252 4664 2384 4720 tem
2430 4657 2634 4723 illam.
2727 4656 3054 4724 Omnibus
3107 4662 3245 4728 fere
3301 4662 3542 4727 infesta
3587 4663 3853 4730 tandem
3898 4665 4040 4730 erit.
4133 4664 4214 4732 si

2248 4878 2429 4935 1790.
2463 4879 2517 4944 1)
2554 4878 2634 4936 N.
2671 4879 2810 4934 1768
2843 4887 2894 4934 et
2931 4879 3079 4935 1778.

2457 4948 2520 5015 2)
2564 4948 2648 5015 Cf.
2695 4948 2986 5004 Utenhovii
3015 4951 3245 5005 librum:
3279 4952 3523 5021 Simplex
3560 4959 3618 5006 et
3651 4955 3827 5008 fidelis
3862 4956 4107 5009 narratio
4144 4954 4215 5009 de

2249 5018 2505 5071 instituta
2540 5035 2602 5070 ac
2638 5018 2854 5071 demum
2892 5019 3155 5088 dissipata
3193 5021 3290 5073 Bel
3363 5038 3482 5073 rum
3528 5022 3863 5091 aliorumque
3900 5024 4214 5093 peregrino·

2251 5104 2371 5139 rum
2426 5086 2482 5139 in
2531 5087 2726 5156 Anglia
2783 5089 3031 5152 ecclesia,
3090 5094 3145 5141 et
3199 5090 3543 5157 potissimum
3590 5090 3660 5143 de
3710 5092 3976 5160 susceptis
4020 5099 4215 5161 postea

2248 5156 2396 5208 illius
2445 5156 2662 5208 nomine
2708 5156 2999 5210 itineribus
3048 5172 3297 5226 quaeque
3346 5159 3425 5210 eis
3461 5160 3517 5211 in
3553 5159 3661 5212 illis
3697 5166 4013 5214 evenerunt.
4087 5162 4232 5219 Bas·

2250 5221 2402 5278 1560.
2457 5222 2508 5276 8.
2579 5224 2843 5289 (Bar-tels,
2895 5225 3080 5280 Lasco
3120 5241 3175 5294 p.
3225 5225 3310 5280 45.
3398 5226 3518 5281 Sal·
3552 5268 3565 5291 ‚
3614 5227 3686 5282 IL
3734 5228 3916 5297 1091.)
3993 5229 4216 5286 Laecae

2245 5293 2649 5361 praefationem
2684 5292 2921 5361 addidit,
2957 5293 3010 5349 d.
3047 5293 3102 5349 d.
3135 5293 3221 5348 28.
3260 5295 3435 5350 Mart.
3473 5294 3502 5348 1
3541 5293 3623 5350 58.
3725 5320 3732 5326 ·

2453 5360 2517 5428 3)
2556 5361 2631 5416 N.
2670 5360 2822 5418 1783.

3729 5448 3799 5504 39
