4900 6167
708 433 838 501 391
2250 425 2777 497 EPISTOLAE
2826 432 3249 496 1663—1664
4578 445 4677 508 392

713 620 1047 688 'honorum
1119 621 1190 683 et
1259 616 1677 702 dignitatum.
1776 615 2033 701 Negavi
2107 639 2215 683 me
2281 616 2675 686 Serbonicos

715 708 1055 772 aditurum
1100 723 1225 769 nec
1266 705 1335 768 in
1397 702 1681 787 gratiam
1736 724 1964 769 eorum
2017 703 2376 787 quidquam
2418 703 2673 770 detrac-

717 802 974 858 turum:
1024 788 1271 872 alioqui
1312 810 1420 854 me
1481 786 1914 872 disputationi
1956 788 2258 872 publicae
2301 790 2670 856 offerebam.

709 879 1071 943 Caeterum
1115 875 1462 941 veritatem
1505 875 1802 940 omnium
1846 876 2098 959 gratiae
2142 882 2211 940 et
2252 872 2427 956 odio,
2473 877 2673 941 etiam

713 963 917 1047 regio,
958 961 1440 1044 praelaturam,
1487 960 2035 1044 manifestumque
2078 983 2220 1028 esse
2265 961 2674 1027 adversarios

715 1048 896 1132 ipsos
938 1046 1280 1114 seditiosos
1340 1066 1484 1111 esse
1536 1055 1604 1111 et
1646 1046 1853 1131 Regis
1894 1047 2195 1114 inimicos
2213 1098 2228 1125 ‚
2287 1055 2362 1112 ut
2403 1049 2516 1130 qui
2560 1068 2675 1131 po-

714 1133 941 1199 testati
962 1134 1102 1198 eius
1123 1132 1458 1218 legitimae
1478 1152 1597 1214 per
1616 1152 1723 1197 me
1766 1141 2056 1198 assertae
2098 1133 2264 1199 fucis
2288 1141 2357 1198 et
2396 1133 2677 1217 praesti-

717 1221 846 1303 giis
891 1220 1027 1285 suis
1071 1216 1417 1283 detrahere
1459 1218 1851 1284 niterentur.
1941 1217 2055 1284 Sic
2098 1217 2411 1285 dimissus
2447 1219 2560 1284 fui.
2590 1222 2673 1295 ¹²)

889 1389 1114 1472 Quum
1160 1390 1322 1455 haec
1364 1399 1655 1473 aguntur
1700 1388 2008 1455 dederam
2030 1389 2305 1455 Parisiis
2348 1388 2673 1455 excuden-

718 1475 879 1541 dum
931 1474 1230 1540 libellum
1286 1477 1359 1540 in
1415 1495 1679 1542 causam
1722 1475 2132 1560 Landgravii
2178 1476 2387 1542 Hessi.
2417 1479 2502 1556 ¹³)
2591 1476 2674 1541 In

716 1582 848 1645 quo
891 1560 1115 1639 obiter,
1161 1561 1276 1626 sed
1312 1570 1553 1644 aperte,
1598 1564 2101 1644 protestantium
2134 1562 2515 1646 religionem
2562 1561 2673 1627 de·

716 1645 930 1725 fendo,
975 1646 1301 1728 fidemque
1336 1654 1405 1711 et
1439 1648 1870 1713 constantiam
1908 1646 2091 1713 ducis
2139 1646 2416 1713 Saxonis
2458 1648 2671 1713 nomi-

713 1733 925 1798 natim
969 1734 1177 1797 refero
1222 1742 1290 1797 et
1325 1729 1538 1797 laudo.
1627 1733 1699 1798 Is
1743 1733 2000 1798 libellus
2034 1733 2423 1798 venumdari
2459 1734 2674 1817 coepit

716 1827 784 1884 et
840 1818 1264 1884 circumferri.
1356 1817 1549 1899 Quod
1608 1826 1683 1883 ut
1738 1818 2002 1901 quidam
2047 1817 2388 1885 Sorbonici
2446 1820 2670 1885 audie-

712 1916 901 1982 runt,
963 1925 1092 1968 non
1135 1904 1430 1986 inspecta
1472 1926 1545 1969 re
1589 1912 1869 1970 currunt
1910 1903 1990 1969 ad
2035 1926 2229 1969 suum
2271 1905 2672 1971 cardinalem

714 1998 782 2055 et
823 1989 1173 2073 prandenti
1216 1989 1618 2072 irrumpunt,
1660 1988 2022 2056 clamantes
2066 1992 2206 2055 eius
2251 1993 2672 2056 autoritatem

713 2075 1111 2158 floccipendi,
1157 2075 1328 2159 quod
1369 2083 1599 2142 contra
1640 2097 1834 2159 quam
1870 2077 2152 2141 iusserat
2194 2077 2360 2141 liber
2393 2078 2504 2142 ille
2546 2078 2671 2142 im-

714 2161 863 2245 pius
918 2169 1148 2226 contra
1196 2161 1439 2227 abusus
1475 2161 1694 2244 palam
1746 2163 2014 2227 veniret.
2064 2200 2133 2211 —
2177 2195 2261 2207 —
2295 2163 2593 2228 Monitus
2637 2183 2678 2227 a

714 2247 1102 2330 quibusdam
1162 2246 1396 2328 quibus
1455 2247 1710 2313 facinus
1767 2247 2182 2330 displicebat,
2254 2249 2412 2331 quin
2470 2250 2669 2313 etiam

712 2333 968 2415 oblique
1014 2333 1095 2397 ab
1153 2331 1313 2415 ipsis
1368 2333 1568 2414 regiis
1624 2332 1974 2408 advocatis,
2035 2336 2146 2417 qui
2209 2335 2498 2400 dicentes
2543 2333 2667 2401 sibi

712 2439 977 2484 necesse
1022 2438 1167 2483 esse
1209 2417 1292 2482 ad
1348 2418 1569 2502 ignem
1616 2418 1998 2484 concludere
2048 2422 2106 2484 si
2163 2420 2271 2484 vel
2328 2421 2666 2485 tantillum

712 2524 753 2568 a
807 2503 1190 2569 Serbonicis
1246 2501 1659 2568 dissentirem
1718 2506 1879 2569 satis
1936 2525 2245 2588 praesens
2303 2506 2667 2589 periculum

707 2588 1109 2666 indicabant,
1155 2587 1269 2654 sed
1313 2598 1447 2652 tam
1496 2588 1679 2654 brevi
1725 2601 2016 2673 tempore
2060 2601 2138 2656 ut
2179 2591 2376 2659 rebus
2412 2592 2666 2657 domes-

710 2675 859 2740 ticis
903 2675 1222 2756 nequiens
1266 2672 1604 2740 consulere
1672 2696 1914 2760 magno
1957 2677 2193 2742 itinere
2258 2698 2374 2760 per
2415 2678 2666 2744 Lotha-

711 2760 996 2844 ringiam
1053 2759 1378 2825 Basileam
1437 2762 1748 2826 venerim.
1837 2762 2028 2828 Illico
2084 2763 2288 2847 Regi,
2347 2764 2665 2849 Reginae,

714 2844 1165 2911 Gennestabili
1225 2853 1293 2910 et
1348 2845 1495 2911 aliis
1538 2866 1805 2912 causam
1863 2848 2080 2915 abitus
2126 2850 2357 2932 scripsi
2414 2850 2497 2914 ad
2541 2872 2667 2934 pu-

708 2931 947 2996 blicam
993 2929 1506 3015 disputationem
1527 2933 1714 3018 Rege
1748 2954 2012 3001 reverso
2046 2955 2154 3001 me
2187 2937 2483 3002 offerens.
2552 2936 2667 3001 Li-

706 3017 958 3083 bellum
992 3017 1178 3083 illum
1216 3019 1651 3103 primogenito
1685 3018 2095 3103 Landgravii
2131 3020 2418 3088 dicatum
2453 3020 2665 3087 eidem

705 3124 829 3188 per
873 3103 1311 3188 apparitorem
1345 3104 1819 3171 Basiliensium
1863 3106 1935 3170 in
1978 3115 2195 3173 castra
2236 3107 2404 3171 misi.
2497 3105 2664 3189 Spe·

706 3189 936 3255 rabam
1004 3191 1180 3255 enim
1251 3191 1579 3274 principes
1649 3191 2047 3257 Germaniae
2114 3213 2378 3258 causam
2446 3212 2665 3257 meam

705 3276 1065 3352 adiuturos,
1111 3284 1187 3339 ut
1221 3275 1417 3339 etiam
1453 3277 1782 3354 fecissent,
1826 3278 1960 3343 nisi
1978 3278 2165 3360 Rege
2199 3298 2349 3343 cum
2386 3284 2665 3361 utroque

705 3359 1116 3427 Antichristo
1160 3359 1388 3426 foedus
1429 3361 1711 3427 habente
1755 3383 1865 3428 res
1903 3362 2097 3427 aliter
2138 3362 2491 3429 cecidisset.
2580 3363 2664 3428 In

705 3448 850 3530 ipso
894 3466 1054 3511 vero
1089 3445 1297 3530 Regis
1354 3447 1565 3528 primo
1620 3448 1893 3515 consilio
1952 3446 2265 3513 dixerunt
2321 3448 2487 3514 mihi
2528 3451 2664 3532 pri-

706 3552 922 3598 mores
967 3532 1311 3598 victoriam
1357 3552 1499 3597 esse
1541 3532 1613 3595 in
1657 3534 1961 3599 manibus
2004 3535 2059 3599 si
2106 3534 2410 3600 abessent
2451 3535 2663 3601 cardi-

707 3618 890 3684 nales
935 3617 1043 3683 vel
1087 3618 1340 3701 Regem
1383 3637 1519 3682 non
1560 3618 1987 3699 possiderent.
2075 3621 2249 3686 Mihi
2293 3629 2514 3686 tamen
2559 3622 2663 3687 in-

706 3713 894 3770 caute
937 3701 1218 3769 favendo
1263 3711 1629 3768 nocuerunt
1680 3703 1878 3771 nimis
1936 3726 2236 3772 securum
2294 3707 2663 3787 reddentes,

703 3790 801 3853 ita
856 3798 931 3854 ut
987 3789 1201 3856 latens
1258 3787 1626 3872 periculum
1682 3790 2064 3872 praevidere
2129 3813 2260 3858 non
2316 3793 2660 3876 potuerim,

701 3875 1083 3958 priusquam
1128 3875 1330 3958 capiti
1372 3873 1794 3957 impenderet.
1879 3876 2143 3960 Alioqui
2201 3879 2259 3942 si
2301 3878 2660 3961 praevidis-

705 3979 846 4026 sem
890 3960 1029 4024 fore
1073 3969 1145 4024 ut
1187 3982 1308 4027 nec
1351 3960 1683 4044 publicam
1729 3959 2237 4046 disputationem
2279 3963 2662 4045 obtinerem,

703 4052 893 4129 parte
937 4044 1255 4110 bonorum
1298 4053 1555 4112 mature
1607 4045 1878 4114 vendita
1917 4048 2234 4115 familiam
2269 4049 2467 4115 simul
2509 4048 2659 4116 edu-

702 4132 967 4197 xissem.
1057 4130 1254 4195 Nunc
1298 4151 1432 4197 non
1477 4133 1687 4198 solum
1744 4133 2027 4211 familia,
2087 4156 2221 4200 non
2276 4133 2487 4200 solum
2546 4135 2661 4200 ad-

706 4217 1083 4295 vocationiS,
1130 4236 1298 4299 quae
1333 4238 1510 4283 nunc
1539 4217 1835 4285 laborum
1870 4221 2173 4285 solatium
2208 4240 2349 4285 esse
2383 4228 2657 4303 poterat,

701 4302 1034 4382 exercitio,
1078 4302 1191 4369 sed
1228 4302 1430 4367 etiam
1465 4301 1648 4370 bonis
1681 4307 1981 4389 privatus
2014 4327 2179 4372 sum.
2269 4305 2407 4372 Nec
2444 4306 2658 4373 adhuc

699 4408 937 4472 parum
976 4409 1126 4454 mea
1160 4387 1363 4453 refert
1405 4388 1461 4453 si
1496 4388 1739 4456 triente
1771 4391 2091 4457 librorum
2136 4411 2350 4476 nuper
2383 4393 2659 4460 Parisiis

702 4474 948 4541 selecto
991 4474 1120 4539 frui
1163 4474 1374 4554 liceat,
1419 4481 1493 4539 ut
1535 4475 1833 4541 residuos
1876 4477 2188 4562 fugientis
2245 4479 2478 4544 aetatis
2540 4501 2655 4545 an-

700 4580 823 4626 nos
865 4561 936 4624 in
980 4560 1360 4643 obsequium
1413 4559 1723 4626 ecclesiae
1779 4562 2172 4646 impendam.
2257 4564 2473 4630 Multa
2515 4569 2656 4648 qui-

701 4646 853 4711 dem
897 4653 1046 4710 tuta
1088 4653 1157 4710 et
1199 4653 1453 4711 semota
1495 4654 1713 4713 castra
1753 4647 1826 4712 in
1871 4647 2094 4714 Gallia
2136 4649 2299 4716 mihi
2343 4658 2500 4716 sunt
2542 4652 2654 4718 ob-

879 4935 971 5004 12)
1012 4935 1325 5006 θεραπηίην
1358 4936 1532 4992 multa
1566 4936 1635 4992 de
1666 4938 1740 4992 iis
1772 4955 1913 5009 quae
1947 4957 2013 4993 m.
2048 4939 2241 5011 Aprao·
2272 4946 2323 4996 st
2349 4939 2511 4996 Maio
2547 4941 2659 4996 Pa·

700 5006 861 5061 risiis
926 5011 1043 5061 esta
1075 5011 1207 5060 sunt
1239 5010 1433 5061 contra
1469 5004 1828 5065 Malitiosam.

908 5074 972 5139 3)
1008 5074 1247 5128 Consilia
1279 5075 1378 5129 lv.
1413 5090 1511 5128 seu
1545 5076 1941 5145 propontiones
1976 5093 2222 5132 errorum
2256 5077 2314 5132 in
2349 5094 2512 5132 causa
2530 5078 2658 5131 Phi·

701 5140 842 5210 lippi
879 5143 1208 5213 Landgravii
1242 5143 1472 5197 Hessiae
1507 5149 1702 5197 contra
1734 5146 1958 5199 comites
1993 5163 2026 5198 a
2045 5146 2255 5201 Nassan
2290 5152 2348 5200 et
2381 5148 2656 5217 principes

701 5212 941 5269 Auriaci.
1009 5212 1134 5266 Par.
1175 5210 1322 5267 1562.
1367 5209 1418 5266 4.
1492 5211 1715 5268 Errant
1745 5230 1873 5283 erqo
1905 5216 2004 5284 qui
2033 5216 2177 5271 hunc
2209 5217 2409 5271 librum
2442 5217 2655 5270 danem

689 5293 768 5332 eo
803 5283 1036 5346 tmpore
1069 5282 1273 5336 editum
1321 5280 1513 5335 dicunt
1559 5297 1667 5351 quo
1705 5281 2018 5339 Melinum
2058 5285 2197 5355 fuya
2243 5300 2349 5340 sua
2377 5286 2565 5354 prima
2599 5300 2657 5340 se

699 5345 786 5399 ad
821 5345 1240 5418 Landqraviun
1270 5355 1560 5420 receperat.
2697 5401 2703 5409 .

2781 617 2933 697 lata,
2971 625 3048 683 ut
3081 619 3245 684 mihi
3280 619 3406 703 ipsi
3442 620 3886 705 philosophari
3924 620 4105 685 nullo
4127 628 4383 706 sumptu
4415 623 4681 696 licuisset.

2781 703 2916 771 Sed
2955 705 3160 770 malui
3202 706 3515 771 remotius
3559 708 3755 772 etiam
3793 706 4166 790 sumptibus
4205 711 4421 775 uxoris
4461 721 4521 777 et
4549 714 4681 780 libe-

2778 801 4229 963 mmffiaiss'ffiffiossffipffiofflffiffl
4266 795 4683 968 {fitiffloeffssi

2729 1019 2735 1029 .
2778 970 2878 1026 est
2922 960 3162 1027 candor
3198 974 3350 1030 tuus
3385 970 3454 1028 et
3484 974 3837 1047 perpetuus
3877 965 3949 1030 in
3984 966 4257 1031 ecclesia
4288 970 4685 1049 promovenda

2779 1046 2974 1125 zelus,
3022 1068 3153 1113 non
3199 1049 3325 1113 erit
3366 1049 3797 1115 iniucundum
3844 1050 4005 1116 haec
4048 1051 4283 1134 legere.
4370 1053 4578 1136 Nuper
4614 1056 4683 1121 ad

2777 1132 3106 1216 principes
3163 1136 3521 1219 praefectos
3578 1145 3645 1201 et
3697 1136 3994 1202 consules
4054 1137 4417 1203 Beruenses
4470 1142 4682 1223 scripsi,

2777 1219 3212 1285 intentionem
3248 1241 3457 1286 meam
3497 1222 3800 1304 aperiens
3835 1220 3914 1287 de
3949 1221 4345 1288 absolvendo
4379 1232 4441 1288 et
4471 1224 4686 1292 edendo

2778 1305 3246 1388 ἐπανορθώμαπ
3287 1306 3461 1371 Iuris
3497 1308 3729 1385 civilis,
3775 1317 3927 1373 ante
3970 1307 4336 1392 complures
4371 1329 4563 1375 annos
4600 1312 4685 1375 in-

2779 1390 3042 1456 choato:
3113 1393 3171 1456 si
3213 1392 3611 1458 Lausannae
3667 1393 3881 1459 locum
3941 1393 4130 1472 dent,
4176 1394 4359 1460 nulla
4400 1396 4685 1477 stipendia

2778 1475 2949 1556 volo,
3017 1477 3131 1542 sed
3190 1478 3555 1562 simplicem
3608 1487 3869 1544 tantum
3927 1479 4389 1545 habitationem
4405 1532 4420 1559 ,
4486 1482 4686 1545 saltem

2777 1572 3057 1646 quatuor
3101 1572 3216 1628 aut
3259 1566 3545 1648 quinque
3587 1586 3930 1630 annorum.
4018 1565 4255 1631 Nescio
4299 1568 4353 1631 si
4410 1566 4553 1649 quid
4592 1566 4685 1631 de-

2776 1659 3068 1715 cernant.
3158 1650 3293 1715 Res
3352 1659 3452 1715 est
3507 1652 3770 1734 gravior
3826 1659 3891 1716 et
3948 1651 4172 1716 utilior
4236 1672 4428 1735 quam
4467 1662 4681 1734 putent.

2777 1734 2926 1799 Nisi
2970 1734 3341 1818 scriptionis
3385 1736 3764 1819 prolixitate
3818 1757 4082 1802 vererer
4135 1739 4305 1802 seria
4358 1746 4465 1802 tua
4515 1739 4686 1802 inter·

2777 1840 3101 1902 rumpere,
3147 1819 3455 1887 adderem
3499 1839 3766 1901 causas,
3827 1822 4066 1905 quibus‘
4105 1833 4286 1888 tuam
4330 1824 4517 1888 etiam
4555 1843 4687 1907 erga

2774 1906 3151 1973 Beruenses
3195 1909 3612 1973 autoritatem
3655 1908 3737 1973 ad
3779 1908 3846 1972 id
3891 1913 4359 1993 interponeres.
4444 1908 4686 1974 Vestrae
4808 1903 4809 1916 ¹

2774 1991 3167 2075 reipublicae
3206 1992 3327 2059 hoc
3372 1992 3717 2076 splendore
3740 1994 4072 2078 digniores
4115 2004 4276 2060 sunt
4316 2015 4503 2077 quam
4542 1994 4688 2058 ullae
4808 2013 4809 2020 ¹

2778 2077 3012 2142 horum
3048 2078 3453 2144 saeculorum
3489 2080 3921 2145 monarchiae.
4012 2081 4105 2147 Ut
4139 2089 4357 2146 autem
4393 2079 4687 2163 intelligas
4808 2095 4809 2100 ’

2775 2184 2893 2228 cur
2935 2163 3224 2228 favorem
3267 2166 3706 2232 Beruensium
3764 2167 3908 2231 sine
3967 2187 4189 2232 eorum
4237 2165 4468 2231 damno
4521 2185 4686 2248 quae-

2774 2269 2913 2313 ram
2933 2301 2948 2327 ,
3012 2249 3289 2333 simplex
3349 2259 3723 2335 praetextus
3776 2252 4018 2317 favoris
4075 2274 4303 2317 eorum
4360 2251 4500 2336 plus
4551 2250 4687 2315 mihi

2773 2335 3066 2417 proficiet
3109 2357 3306 2419 quam
3364 2338 3722 2421 quingenta
3764 2358 3999 2402 annua.
4088 2337 4203 2404 Sic
4248 2338 4423 2403 enim
4474 2338 4579 2402 fiet
4626 2345 4687 2398 ut

2771 2420 2970 2487 fiscus
3015 2442 3147 2486 non
3191 2422 3443 2488 involet
3484 2422 3655 2488 bona
3699 2424 3957 2512 relicta,
4017 2434 4084 2488 et
4140 2425 4232 2489 sic
4292 2424 4529 2490 familia
4576 2441 4685 2487 non

2771 2505 2981 2572 solum
3025 2507 3110 2572 ali
3152 2506 3266 2573 sed
3310 2509 3505 2573 etiam
3540 2510 3705 2573 mihi
3743 2509 4161 2592 suppeditare
4203 2511 4427 2594 possit,
4471 2519 4534 2573 et
4562 2530 4685 2574 sen-

2771 2594 2896 2657 sim
2935 2593 3032 2658 ita
3074 2615 3180 2658 res
3223 2613 3610 2677 componere
3654 2604 3730 2660 ut
3769 2594 3900 2661 huc
3939 2595 4283 2661 transferri
4326 2596 4540 2680 possit,
4582 2594 4685 2659 nisi

2770 2677 2906 2742 illic
2949 2679 3365 2763 evangelium
3424 2690 3749 2764 emergat:
3809 2680 4048 2763 alioqui
4107 2703 4418 2766 oppressa
4470 2680 4685 2745 familis

2771 2772 2840 2827 et
2901 2783 3102 2830 censu
3168 2764 3249 2830 ad
3316 2774 3681 2830 extremam
3741 2769 4125 2832 servitutem
4186 2767 4488 2835 redactus
4544 2785 4683 2831 sum.

2771 2848 2972 2928 Vale,
3028 2849 3251 2916 doctor
3293 2859 3361 2914 et
3402 2860 3781 2934 praeceptor
3838 2851 4321 2932 colendissime,
4375 2872 4591 2934 meque
4628 2851 4684 2914 in

2770 2946 3035 3000 tuorum
3079 2934 3223 3000 albo
3260 2955 3521 3019 semper
3555 2936 3925 3004 adscribito.
4015 2937 4329 3005 Genevae
4381 2945 4469 3002 14.
4514 2935 4683 3003 Octo·
4808 2951 4809 2966 ¹

2770 3021 2906 3086 bris
2959 3025 3139 3087 1552.

3796 3108 4265 3178 Deditissimus
4310 3119 4462 3178 tuus

3671 3211 3948 3280 Carolus
3989 3213 4363 3281 Molinaeus
4404 3213 4455 3279 I.
4499 3209 4576 3275 D.

2941 3381 3068 3446 His
3134 3382 3394 3465 scriptis
3457 3384 3683 3450 literas
3748 3386 3828 3452 ab
3882 3386 4112 3452 amicis
4165 3385 4425 3453 Galliae
4480 3383 4682 3465 recepi,

2768 3473 2987 3532 actum
3031 3489 3173 3534 esse
3219 3468 3299 3533 de
3343 3468 3593 3535 familia
3636 3471 3694 3535 si
3736 3470 3926 3536 aulae
3968 3473 4411 3539 innotesceret
4450 3490 4549 3537 me
4569 3469 4683 3534 Ge·
4808 3541 4809 3552 χ

2768 3574 2974 3619 nevae
3040 3553 3424 3634 consistere,
3487 3556 3683 3640 idque
3716 3558 3868 3623 ‘iam
3928 3567 4152 3623 notum
4211 3580 4358 3625 esse
4408 3555 4682 3624 Parisiis:

2767 3641 3185 3722 quamobrem
3241 3641 3557 3706 familiam
3623 3642 3693 3706 in
3758 3665 4015 3709 summa
4069 3664 4210 3709 esse
4266 3642 4683 3727 trepidatione.
4808 3643 4809 3650 ’

2767 3724 2896 3791 His
2939 3734 3278 3810 permotus
3318 3726 3744 3794 Lausannam
3789 3729 3960 3796 illico
4004 3731 4175 3806 veni,
4234 3732 4351 3796 ubi
4408 3735 4685 3820 exceptus
4808 3779 4809 3790 ς

2765 3831 2914 3877 sum
2959 3812 3135 3877 domi
3179 3812 3523 3880 Francisci
3565 3814 3997 3893 Houomanni,
4057 3815 4231 3882 docti
4290 3811 4683 3883 iureconsulti
4808 3843 4809 3868 2

2765 3897 2878 3979 qui
2932 3898 3130 3963 etiam
3188 3918 3551 3983 congruum
3612 3899 3845 3966 studiis
3901 3908 3968 3966 et
4020 3901 4206 3967 libris
4250 3903 4463 3969 locum
4519 3897 4686 3965 dedit·

2767 3981 2990 4064 Quare
3068 3983 3152 4049 ad
3236 3984 3931 4067 praecellentissimum
4007 3987 4131 4052 D..
4172 3987 4686 4073 Wolphgangum

2766 4067 3164 4149 Musa-ulum,
3223 4078 3298 4146 ,et
3338 4070 3422 4135 ad
3466 4072 3900 4154 amplissimos
3956 4074 4129 4139 viros
4174 4073 4517 4140 Nicolaum
4560 4069 4686 4164 Zerj

2763 4154 3026 4221 chium
3066 4155 3483 4257 Petrumque·
3526 4155 3837 4258 Gfronum
3877 4159 4170 4259 Bernam
4204 4162 4488 4261 scripsi,
4544 4152 4684 4222 milu

2763 4262 2900 4393 33?
2914 4241 4685 4424 issptzvtttuffibz‘tfflssz.?fi‘3.5;ffi1'.¹332fssfii‘z‘zzip‘ssss‘ff

2763 4411 2890 4478 diis
2946 4433 3053 4478 me
3110 4414 3504 4497 reciperent,
3571 4414 3628 4479 si
3682 4415 3881 4480 etiam
3933 4415 4006 4481 in
4068 4417 4192 4483 hac
4249 4424 4440 4501 parte
4492 4409 4685 4482 studia

2761 4520 2909 4565 mea
2951 4498 3261 4566 ecclesiae
3293 4498 3619 4566 iuvandae
3661 4499 4007 4576 destinata,
4029 4502 4252 4569 fovere
4299 4504 4553 4571 vellent.

3652 4931 3681 4997 1
3692 4928 3846 5001 664.

3198 5081 3696 5151 FARELLUS
3740 5084 4261 5153 BLAURERO.

2946 5253 3260 5322 Valentini
3314 5255 3552 5334 albim,
3618 5275 3799 5339 quem
3850 5262 4163 5324 nostrates
4214 5262 4444 5336 vocant,
4500 5254 4566 5321 id
4603 5252 4679 5315 est

2756 5338 2987 5405 librum
3028 5343 3370 5410 amicorum
3411 5343 3742 5409 „mm-iae
3773 5363 3904 5409 sese
3934 5343 4402 5411 irc-scribentium
4431 5339 4677 5409 destina·
