<?xml version="1.0" encoding="UTF-8"?>
<!DOCTYPE html PUBLIC "-//W3C//DTD XHTML 1.0 Transitional//EN"
    "http://www.w3.org/TR/xhtml1/DTD/xhtml1-transitional.dtd">
<html xmlns="http://www.w3.org/1999/xhtml" xml:lang="en" lang="en">
 <head>
  <title>
</title>
<meta http-equiv="Content-Type" content="text/html;charset=utf-8" />
  <meta name='ocr-system' content='tesseract 3.04.00' />
  <meta name='ocr-capabilities' content='ocr_page ocr_carea ocr_par ocr_line ocrx_word'/>
</head>
<body>
  <div class='ocr_page' id='page_1' title='image "./ioanniscalvinio03unkngoog_0058.png"; bbox 0 0 4900 6167; ppageno 0'>
   <div class='ocr_carea' id='block_1_1' title="bbox 624 418 4662 488">
    <p class='ocr_par' dir='ltr' id='par_1_1' title="bbox 624 418 4662 488">
     <span class='ocr_line' id='line_1_1' title="bbox 624 418 4662 488; baseline -0.001 0"><span class='ocrx_word' id='word_1_1' title='bbox 624 424 705 488; x_wconf 70' lang='lat'><strong>91</strong></span> <span class='ocrx_word' id='word_1_2' title='bbox 2140 418 2662 487; x_wconf 77' lang='lat' dir='ltr'><strong>EPIS&#39;I&#39;OLAE</strong></span> <span class='ocrx_word' id='word_1_3' title='bbox 2714 423 3136 483; x_wconf 78' lang='lat'>1474-1475</span> <span class='ocrx_word' id='word_1_4' title='bbox 4573 422 4662 485; x_wconf 78' lang='lat'><strong>92</strong></span> 
     </span>
    </p>
   </div>
   <div class='ocr_carea' id='block_1_2' title="bbox 620 605 2598 5147">
    <p class='ocr_par' dir='ltr' id='par_1_2' title="bbox 624 605 2598 2744">
     <span class='ocr_line' id='line_1_2' title="bbox 628 605 2592 687; baseline -0.003 -8"><span class='ocrx_word' id='word_1_5' title='bbox 628 612 770 679; x_wconf 84' lang='lat' dir='ltr'><strong>sint</strong></span> <span class='ocrx_word' id='word_1_6' title='bbox 820 610 1019 677; x_wconf 89' lang='lat' dir='ltr'><strong>duces</strong></span> <span class='ocrx_word' id='word_1_7' title='bbox 1072 608 1250 675; x_wconf 76' lang='lat' dir='ltr'><strong>caeci</strong></span> <span class='ocrx_word' id='word_1_8' title='bbox 1317 627 1693 687; x_wconf 82' lang='lat' dir='ltr'><strong>caecorum,</strong></span> <span class='ocrx_word' id='word_1_9' title='bbox 1760 605 2254 673; x_wconf 75' lang='lat' dir='ltr'><strong>manendumne</strong></span> <span class='ocrx_word' id='word_1_10' title='bbox 2308 627 2433 676; x_wconf 89' lang='lat' dir='ltr'><strong>nec</strong></span> <span class='ocrx_word' id='word_1_11' title='bbox 2488 628 2592 674; x_wconf 87' lang='lat' dir='ltr'><strong>ne.</strong></span> 
     </span>
     <span class='ocr_line' id='line_1_3' title="bbox 628 692 2594 780; baseline -0.002 -17"><span class='ocrx_word' id='word_1_12' title='bbox 628 696 785 780; x_wconf 76' lang='lat' dir='ltr'><strong>Qua</strong></span> <span class='ocrx_word' id='word_1_13' title='bbox 825 696 908 761; x_wconf 93' lang='lat' dir='ltr'><strong>de</strong></span> <span class='ocrx_word' id='word_1_14' title='bbox 950 717 1024 761; x_wconf 92' lang='lat' dir='ltr'><strong>re</strong></span> <span class='ocrx_word' id='word_1_15' title='bbox 1064 703 1249 760; x_wconf 88' lang='lat' dir='ltr'><strong>tuam</strong></span> <span class='ocrx_word' id='word_1_16' title='bbox 1294 714 1585 777; x_wconf 87' lang='lat' dir='ltr'><strong>quoque,</strong></span> <span class='ocrx_word' id='word_1_17' title='bbox 1643 693 1704 758; x_wconf 91' lang='lat' dir='ltr'><strong>si</strong></span> <span class='ocrx_word' id='word_1_18' title='bbox 1744 701 1970 758; x_wconf 86' lang='lat' dir='ltr'><strong>nostro</strong></span> <span class='ocrx_word' id='word_1_19' title='bbox 2025 693 2136 760; x_wconf 87' lang='lat' dir='ltr'><strong>hic</strong></span> <span class='ocrx_word' id='word_1_20' title='bbox 2187 692 2330 760; x_wconf 89' lang='lat' dir='ltr'><strong>loco</strong></span> <span class='ocrx_word' id='word_1_21' title='bbox 2394 714 2594 772; x_wconf 88' lang='lat' dir='ltr'><strong>esses,</strong></span> 
     </span>
     <span class='ocr_line' id='line_1_4' title="bbox 629 777 2594 862; baseline -0.003 -13"><span class='ocrx_word' id='word_1_22' title='bbox 629 782 1027 849; x_wconf 84' lang='lat' dir='ltr'><strong>sententiam</strong></span> <span class='ocrx_word' id='word_1_23' title='bbox 1082 779 1353 847; x_wconf 74' lang='lat' dir='ltr'><strong>rescribi</strong></span> <span class='ocrx_word' id='word_1_24' title='bbox 1406 777 1492 845; x_wconf 90' lang='lat' dir='ltr'><strong>ad</strong></span> <span class='ocrx_word' id='word_1_25' title='bbox 1539 800 1648 845; x_wconf 88' lang='lat' dir='ltr'><strong>me</strong></span> <span class='ocrx_word' id='word_1_26' title='bbox 1704 778 2041 862; x_wconf 78' lang='lat' dir='ltr'>pervelim.</span> <span class='ocrx_word' id='word_1_27' title='bbox 2141 778 2360 844; x_wconf 74' lang='lat' dir='ltr'><strong>Maior</strong></span> <span class='ocrx_word' id='word_1_28' title='bbox 2414 779 2594 845; x_wconf 83' lang='lat' dir='ltr'><strong>enim</strong></span> 
     </span>
     <span class='ocr_line' id='line_1_5' title="bbox 626 864 2595 953; baseline -0.003 -19"><span class='ocrx_word' id='word_1_29' title='bbox 626 889 787 953; x_wconf 87' lang='lat' dir='ltr'><strong>pars</strong></span> <span class='ocrx_word' id='word_1_30' title='bbox 829 868 927 933; x_wconf 87' lang='lat' dir='ltr'><strong>ita</strong></span> <span class='ocrx_word' id='word_1_31' title='bbox 963 866 1101 932; x_wconf 83' lang='lat' dir='ltr'><strong>fere</strong></span> <span class='ocrx_word' id='word_1_32' title='bbox 1143 866 1351 932; x_wconf 89' lang='lat' dir='ltr'><strong>sentit</strong></span> <span class='ocrx_word' id='word_1_33' title='bbox 1364 916 1381 943; x_wconf 90' lang='lat'><strong>,</strong></span> <span class='ocrx_word' id='word_1_34' title='bbox 1440 864 1616 947; x_wconf 88' lang='lat' dir='ltr'><strong>quod</strong></span> <span class='ocrx_word' id='word_1_35' title='bbox 1658 884 1864 948; x_wconf 89' lang='lat' dir='ltr'><strong>quum</strong></span> <span class='ocrx_word' id='word_1_36' title='bbox 2068 864 2083 878; x_wconf 82' lang='lat'><strong><em>‘</em></strong></span> <span class='ocrx_word' id='word_1_37' title='bbox 2382 866 2595 930; x_wconf 79' lang='lat' dir='ltr'><strong>nostri</strong></span> 
     </span>
     <span class='ocr_line' id='line_1_6' title="bbox 628 949 2594 1035; baseline -0.003 -15"><span class='ocrx_word' id='word_1_38' title='bbox 628 955 766 1020; x_wconf 85' lang='lat' dir='ltr'><strong>iam</strong></span> <span class='ocrx_word' id='word_1_39' title='bbox 799 953 926 1019; x_wconf 89' lang='lat' dir='ltr'><strong>hoc</strong></span> <span class='ocrx_word' id='word_1_40' title='bbox 959 952 1054 1017; x_wconf 88' lang='lat' dir='ltr'><strong>ita</strong></span> <span class='ocrx_word' id='word_1_41' title='bbox 1071 951 1440 1035; x_wconf 85' lang='lat' dir='ltr'><strong>receperint</strong></span> <span class='ocrx_word' id='word_1_42' title='bbox 1461 951 1628 1032; x_wconf 90' lang='lat' dir='ltr'><strong>(uon</strong></span> <span class='ocrx_word' id='word_1_43' title='bbox 1664 949 1805 1015; x_wconf 88' lang='lat' dir='ltr'><strong>siue</strong></span> <span class='ocrx_word' id='word_1_44' title='bbox 1871 950 2299 1016; x_wconf 88' lang='lat' dir='ltr'><strong>rotestatioue</strong></span> <span class='ocrx_word' id='word_1_45' title='bbox 2320 957 2594 1030; x_wconf 88' lang='lat' dir='ltr'><strong>tamen),</strong></span> 
     </span>
     <span class='ocr_line' id='line_1_7' title="bbox 628 1034 2592 1123; baseline -0.002 -19"><span class='ocrx_word' id='word_1_46' title='bbox 628 1037 805 1123; x_wconf 85' lang='lat' dir='ltr'><strong>quod</strong></span> <span class='ocrx_word' id='word_1_47' title='bbox 846 1059 1041 1105; x_wconf 87' lang='lat' dir='ltr'><strong>nosse</strong></span> <span class='ocrx_word' id='word_1_48' title='bbox 1084 1051 1150 1103; x_wconf 87' lang='lat' dir='ltr'><strong>te</strong></span> <span class='ocrx_word' id='word_1_49' title='bbox 1190 1037 1494 1114; x_wconf 87' lang='lat' dir='ltr'><strong>arbitror,</strong></span> <span class='ocrx_word' id='word_1_50' title='bbox 1539 1043 1607 1100; x_wconf 92' lang='lat' dir='ltr'><strong>et</strong></span> <span class='ocrx_word' id='word_1_51' title='bbox 1650 1057 1691 1100; x_wconf 88' lang='lat' dir='ltr'><strong>a</strong></span> <span class='ocrx_word' id='word_1_52' title='bbox 1734 1055 1823 1101; x_wconf 92' lang='lat' dir='ltr'><strong>no</strong></span> <span class='ocrx_word' id='word_1_53' title='bbox 1868 1035 1928 1101; x_wconf 90' lang='lat' dir='ltr'><strong>is</strong></span> <span class='ocrx_word' id='word_1_54' title='bbox 1970 1036 2371 1118; x_wconf 73' lang='lat' dir='ltr'><strong>postulaturi</strong></span> <span class='ocrx_word' id='word_1_55' title='bbox 2404 1034 2592 1101; x_wconf 78' lang='lat' dir='ltr'><strong>vide-</strong></span> 
     </span>
     <span class='ocr_line' id='line_1_8' title="bbox 628 1120 2595 1207; baseline -0.002 -17"><span class='ocrx_word' id='word_1_56' title='bbox 628 1131 834 1190; x_wconf 89' lang='lat' dir='ltr'><strong>antur</strong></span> <span class='ocrx_word' id='word_1_57' title='bbox 876 1130 954 1188; x_wconf 87' lang='grc' dir='ltr'><strong>ιιι</strong></span> <span class='ocrx_word' id='word_1_58' title='bbox 994 1122 1262 1207; x_wconf 90' lang='lat' dir='ltr'><strong>quidam</strong></span> <span class='ocrx_word' id='word_1_59' title='bbox 1304 1143 1389 1188; x_wconf 86' lang='lat' dir='ltr'><strong>ex</strong></span> <span class='ocrx_word' id='word_1_60' title='bbox 1454 1120 1645 1186; x_wconf 89' lang='lat' dir='ltr'><strong>nobis</strong></span> <span class='ocrx_word' id='word_1_61' title='bbox 1699 1128 1884 1196; x_wconf 82' lang='lat' dir='ltr'><strong>eant,</strong></span> <span class='ocrx_word' id='word_1_62' title='bbox 1940 1120 2307 1204; x_wconf 90' lang='lat' dir='ltr'><strong>parendum</strong></span> <span class='ocrx_word' id='word_1_63' title='bbox 2350 1121 2425 1186; x_wconf 90' lang='lat' dir='ltr'><strong>in</strong></span> <span class='ocrx_word' id='word_1_64' title='bbox 2467 1121 2595 1187; x_wconf 80' lang='lat' dir='ltr'><strong>hoo</strong></span> 
     </span>
     <span class='ocr_line' id='line_1_9' title="bbox 628 1206 2594 1289; baseline -0.002 -13"><span class='ocrx_word' id='word_1_65' title='bbox 628 1231 773 1276; x_wconf 88' lang='lat' dir='ltr'><strong>esse</strong></span> <span class='ocrx_word' id='word_1_66' title='bbox 786 1261 803 1286; x_wconf 90' lang='lat'><em>‚</em></span> <span class='ocrx_word' id='word_1_67' title='bbox 863 1231 939 1276; x_wconf 89' lang='lat' dir='ltr'><strong>ac</strong></span> <span class='ocrx_word' id='word_1_68' title='bbox 994 1230 1146 1275; x_wconf 88' lang='lat' dir='ltr'><strong>cum</strong></span> <span class='ocrx_word' id='word_1_69' title='bbox 1190 1207 1574 1273; x_wconf 82' lang='lat' dir='ltr'><strong>discrimine</strong></span> <span class='ocrx_word' id='word_1_70' title='bbox 1625 1207 1861 1289; x_wconf 88' lang='lat' dir='ltr'><strong>capitis</strong></span> <span class='ocrx_word' id='word_1_71' title='bbox 1901 1206 2247 1289; x_wconf 87' lang='lat' dir='ltr'><strong>omnisque</strong></span> <span class='ocrx_word' id='word_1_72' title='bbox 2289 1206 2594 1272; x_wconf 85' lang='lat' dir='ltr'><strong>fortunae</strong></span> 
     </span>
     <span class='ocr_line' id='line_1_10' title="bbox 628 1292 2596 1375; baseline -0.002 -14"><span class='ocrx_word' id='word_1_73' title='bbox 628 1294 1075 1361; x_wconf 87' lang='lat' dir='ltr'><strong>confitendum</strong></span> <span class='ocrx_word' id='word_1_74' title='bbox 1140 1292 1347 1359; x_wconf 89' lang='lat' dir='ltr'><strong>libere</strong></span> <span class='ocrx_word' id='word_1_75' title='bbox 1413 1311 1635 1358; x_wconf 87' lang='lat' dir='ltr'><strong>coram</strong></span> <span class='ocrx_word' id='word_1_76' title='bbox 1691 1293 1891 1357; x_wconf 86' lang='lat' dir='ltr'><strong>etiam</strong></span> <span class='ocrx_word' id='word_1_77' title='bbox 1966 1300 2162 1375; x_wconf 90' lang='lat' dir='ltr'><strong>atque</strong></span> <span class='ocrx_word' id='word_1_78' title='bbox 2227 1293 2301 1357; x_wconf 92' lang='lat' dir='ltr'><strong>in</strong></span> <span class='ocrx_word' id='word_1_79' title='bbox 2356 1293 2596 1358; x_wconf 81' lang='lat' dir='ltr'><strong>faciem</strong></span> 
     </span>
     <span class='ocr_line' id='line_1_11' title="bbox 627 1376 2598 1466; baseline -0.002 -20"><span class='ocrx_word' id='word_1_80' title='bbox 627 1399 1007 1466; x_wconf 76' lang='lat' dir='ltr'><strong>synagogae</strong></span> <span class='ocrx_word' id='word_1_81' title='bbox 1050 1377 1341 1445; x_wconf 84' lang='lat' dir='ltr'><strong>Satanae</strong></span> <span class='ocrx_word' id='word_1_82' title='bbox 1382 1384 1450 1443; x_wconf 81' lang='lat' dir='ltr'><strong>et</strong></span> <span class='ocrx_word' id='word_1_83' title='bbox 1508 1376 2048 1444; x_wconf 74' lang='lat' dir='ltr'><strong>antichristorum</strong></span> <span class='ocrx_word' id='word_1_84' title='bbox 2102 1378 2464 1443; x_wconf 88' lang='lat' dir='ltr'><strong>multorum</strong></span> <span class='ocrx_word' id='word_1_85' title='bbox 2529 1385 2598 1444; x_wconf 90' lang='lat' dir='ltr'><strong>et</strong></span> 
     </span>
     <span class='ocr_line' id='line_1_12' title="bbox 630 1463 2597 1551; baseline -0.002 -19"><span class='ocrx_word' id='word_1_86' title='bbox 630 1484 1177 1551; x_wconf 90' lang='lat' dir='ltr'><strong>quorumcunque</strong></span> <span class='ocrx_word' id='word_1_87' title='bbox 1246 1463 1534 1528; x_wconf 88' lang='lat' dir='ltr'><strong>tandem.</strong></span> <span class='ocrx_word' id='word_1_88' title='bbox 1633 1464 1965 1529; x_wconf 78' lang='lat' dir='ltr'><strong>Dominus</strong></span> <span class='ocrx_word' id='word_1_89' title='bbox 2023 1463 2135 1529; x_wconf 87' lang='lat' dir='ltr'><strong>det</strong></span> <span class='ocrx_word' id='word_1_90' title='bbox 2197 1484 2388 1528; x_wconf 90' lang='lat' dir='ltr'><strong>suam</strong></span> <span class='ocrx_word' id='word_1_91' title='bbox 2444 1483 2597 1547; x_wconf 88' lang='lat' dir='ltr'><strong>gra-</strong></span> 
     </span>
     <span class='ocr_line' id='line_1_13' title="bbox 627 1547 2596 1632; baseline -0.001 -15"><span class='ocrx_word' id='word_1_92' title='bbox 627 1553 810 1617; x_wconf 89' lang='lat' dir='ltr'><strong>tiam.</strong></span> <span class='ocrx_word' id='word_1_93' title='bbox 914 1547 1053 1616; x_wconf 82' lang='lat' dir='ltr'><strong>Sed</strong></span> <span class='ocrx_word' id='word_1_94' title='bbox 1104 1548 1262 1632; x_wconf 92' lang='lat' dir='ltr'><strong>quid</strong></span> <span class='ocrx_word' id='word_1_95' title='bbox 1318 1548 1500 1616; x_wconf 81' lang='lat' dir='ltr'><strong>Galli</strong></span> <span class='ocrx_word' id='word_1_96' title='bbox 1558 1548 1703 1614; x_wconf 78' lang='lat' dir='ltr'><strong>tui?</strong></span> <span class='ocrx_word' id='word_1_97' title='bbox 1792 1549 2090 1614; x_wconf 80' lang='lat' dir='ltr'><strong>Nemone</strong></span> <span class='ocrx_word' id='word_1_98' title='bbox 2141 1556 2245 1615; x_wconf 90' lang='lat' dir='ltr'><strong>est</strong></span> <span class='ocrx_word' id='word_1_99' title='bbox 2308 1549 2596 1632; x_wconf 87' lang='lat' dir='ltr'><strong>amplius</strong></span> 
     </span>
     <span class='ocr_line' id='line_1_14' title="bbox 628 1633 2594 1719; baseline -0.002 -17"><span class='ocrx_word' id='word_1_100' title='bbox 628 1637 741 1702; x_wconf 81' lang='lat' dir='ltr'><strong>vel</strong></span> <span class='ocrx_word' id='word_1_101' title='bbox 772 1633 1225 1713; x_wconf 88' lang='lat' dir='ltr'><strong>cardinalium,</strong></span> <span class='ocrx_word' id='word_1_102' title='bbox 1271 1633 1380 1701; x_wconf 85' lang='lat' dir='ltr'><strong>vel</strong></span> <span class='ocrx_word' id='word_1_103' title='bbox 1413 1635 1888 1719; x_wconf 88' lang='lat' dir='ltr'><strong>episcoporum,</strong></span> <span class='ocrx_word' id='word_1_104' title='bbox 1930 1635 2036 1700; x_wconf 78' lang='lat' dir='ltr'><strong>vel</strong></span> <span class='ocrx_word' id='word_1_105' title='bbox 2059 1634 2594 1710; x_wconf 83' lang='lat' dir='ltr'><strong>Sorbonicorum,</strong></span> 
     </span>
     <span class='ocr_line' id='line_1_15' title="bbox 626 1719 2597 1806; baseline -0.002 -19"><span class='ocrx_word' id='word_1_106' title='bbox 626 1722 745 1806; x_wconf 90' lang='lat' dir='ltr'><strong>qui</strong></span> <span class='ocrx_word' id='word_1_107' title='bbox 786 1721 1138 1789; x_wconf 86' lang='lat' dir='ltr'><strong>concilium</strong></span> <span class='ocrx_word' id='word_1_108' title='bbox 1179 1729 1257 1785; x_wconf 88' lang='lat' dir='ltr'><strong>ut</strong></span> <span class='ocrx_word' id='word_1_109' title='bbox 1298 1720 1459 1786; x_wconf 90' lang='lat' dir='ltr'><strong>olim</strong></span> <span class='ocrx_word' id='word_1_110' title='bbox 1502 1719 1935 1787; x_wconf 78' lang='lat' dir='ltr'><strong>Constantiae</strong></span> <span class='ocrx_word' id='word_1_111' title='bbox 1976 1728 2046 1785; x_wconf 88' lang='lat' dir='ltr'><strong>et</strong></span> <span class='ocrx_word' id='word_1_112' title='bbox 2086 1719 2391 1786; x_wconf 82' lang='lat' dir='ltr'><strong>Basileae</strong></span> <span class='ocrx_word' id='word_1_113' title='bbox 2434 1720 2597 1787; x_wconf 85' lang='lat' dir='ltr'><strong>velit</strong></span> 
     </span>
     <span class='ocr_line' id='line_1_16' title="bbox 628 1804 2596 1890; baseline -0.001 -17"><span class='ocrx_word' id='word_1_114' title='bbox 628 1827 775 1874; x_wconf 87' lang='lat' dir='ltr'><strong>esse</strong></span> <span class='ocrx_word' id='word_1_115' title='bbox 825 1805 1247 1890; x_wconf 87' lang='lat' dir='ltr'><strong>iudicareque</strong></span> <span class='ocrx_word' id='word_1_116' title='bbox 1302 1826 1507 1890; x_wconf 87' lang='lat' dir='ltr'><strong>supra</strong></span> <span class='ocrx_word' id='word_1_117' title='bbox 1560 1825 1802 1890; x_wconf 82' lang='lat' dir='ltr'><strong>papam</strong></span> <span class='ocrx_word' id='word_1_118' title='bbox 1846 1816 1915 1872; x_wconf 91' lang='lat' dir='ltr'><strong>et</strong></span> <span class='ocrx_word' id='word_1_119' title='bbox 1971 1804 2308 1889; x_wconf 78' lang='lat' dir='ltr'><strong>papistas?</strong></span> <span class='ocrx_word' id='word_1_120' title='bbox 2399 1805 2596 1871; x_wconf 77' lang='lat' dir='ltr'><strong>&#39;l&#39;alea</strong></span> 
     </span>
     <span class='ocr_line' id='line_1_17' title="bbox 626 1890 2596 1977; baseline -0.002 -18"><span class='ocrx_word' id='word_1_121' title='bbox 626 1892 1021 1977; x_wconf 86' lang='lat' dir='ltr'><strong>praesertim</strong></span> <span class='ocrx_word' id='word_1_122' title='bbox 1061 1892 1173 1976; x_wconf 91' lang='lat' dir='ltr'><strong>qui</strong></span> <span class='ocrx_word' id='word_1_123' title='bbox 1216 1913 1352 1957; x_wconf 92' lang='lat' dir='ltr'><strong>non</strong></span> <span class='ocrx_word' id='word_1_124' title='bbox 1392 1892 1539 1958; x_wconf 76' lang='lat' dir='ltr'><strong>vita</strong></span> <span class='ocrx_word' id='word_1_125' title='bbox 1579 1899 1840 1957; x_wconf 88' lang='lat' dir='ltr'><strong>tantum</strong></span> <span class='ocrx_word' id='word_1_126' title='bbox 1874 1890 2294 1975; x_wconf 89' lang='lat' dir='ltr'><strong>moribusque</strong></span> <span class='ocrx_word' id='word_1_127' title='bbox 2338 1898 2405 1956; x_wconf 85' lang='lat' dir='ltr'><strong>et</strong></span> <span class='ocrx_word' id='word_1_128' title='bbox 2438 1912 2596 1957; x_wconf 89' lang='lat' dir='ltr'><strong>con-</strong></span> 
     </span>
     <span class='ocr_line' id='line_1_18' title="bbox 627 1975 2595 2062; baseline -0.001 -18"><span class='ocrx_word' id='word_1_129' title='bbox 627 1978 1003 2044; x_wconf 81' lang='lat' dir='ltr'><strong>versatione</strong></span> <span class='ocrx_word' id='word_1_130' title='bbox 1044 1978 1179 2043; x_wconf 90' lang='lat' dir='ltr'><strong>iam</strong></span> <span class='ocrx_word' id='word_1_131' title='bbox 1218 1977 1475 2062; x_wconf 87' lang='lat' dir='ltr'><strong>pridem</strong></span> <span class='ocrx_word' id='word_1_132' title='bbox 1518 1977 1631 2043; x_wconf 91' lang='lat' dir='ltr'><strong>lou</strong></span> <span class='ocrx_word' id='word_1_133' title='bbox 1773 1978 2149 2061; x_wconf 78' lang='lat' dir='ltr'><strong>superarint</strong></span> <span class='ocrx_word' id='word_1_134' title='bbox 2190 1997 2419 2042; x_wconf 88' lang='lat' dir='ltr'><strong>omnes</strong></span> <span class='ocrx_word' id='word_1_135' title='bbox 2461 1975 2595 2061; x_wconf 81' lang='lat' dir='ltr'><strong>Sy-</strong></span> 
     </span>
     <span class='ocr_line' id='line_1_19' title="bbox 628 2060 2596 2147; baseline -0.001 -18"><span class='ocrx_word' id='word_1_136' title='bbox 628 2064 880 2129; x_wconf 77' lang='lat' dir='ltr'><strong>baritas</strong></span> <span class='ocrx_word' id='word_1_137' title='bbox 917 2062 1212 2130; x_wconf 77' lang='lat' dir='ltr'><strong>Milesios</strong></span> <span class='ocrx_word' id='word_1_138' title='bbox 1256 2065 1530 2130; x_wconf 83' lang='lat' dir='ltr'><strong>Ariaeos</strong></span> <span class='ocrx_word' id='word_1_139' title='bbox 1772 2063 1786 2077; x_wconf 87' lang='lat'>&#39;</span> <span class='ocrx_word' id='word_1_140' title='bbox 1811 2067 1869 2140; x_wconf 82' lang='lat'><strong>⁴)</strong></span> <span class='ocrx_word' id='word_1_141' title='bbox 1914 2060 2237 2147; x_wconf 80' lang='lat' dir='ltr'><strong>Scythas,</strong></span> <span class='ocrx_word' id='word_1_142' title='bbox 2290 2063 2426 2129; x_wconf 89' lang='lat' dir='ltr'><strong>imo</strong></span> <span class='ocrx_word' id='word_1_143' title='bbox 2470 2062 2596 2128; x_wconf 80' lang='lat' dir='ltr'><strong>So-</strong></span> 
     </span>
     <span class='ocr_line' id='line_1_20' title="bbox 626 2147 2594 2234; baseline -0.001 -21"><span class='ocrx_word' id='word_1_144' title='bbox 626 2147 893 2215; x_wconf 81' lang='lat' dir='ltr'><strong>domam</strong></span> <span class='ocrx_word' id='word_1_145' title='bbox 916 2148 1513 2234; x_wconf 82' lang='lat' dir='ltr'><strong>Gomorrhamque,</strong></span> <span class='ocrx_word' id='word_1_146' title='bbox 1715 2157 1786 2213; x_wconf 89' lang='lat' dir='ltr'><strong>et</strong></span> <span class='ocrx_word' id='word_1_147' title='bbox 1826 2148 2276 2216; x_wconf 87' lang='lat' dir='ltr'><strong>schismaticos</strong></span> <span class='ocrx_word' id='word_1_148' title='bbox 2318 2148 2401 2214; x_wconf 88' lang='lat' dir='ltr'><strong>ab</strong></span> <span class='ocrx_word' id='word_1_149' title='bbox 2445 2148 2594 2212; x_wconf 88' lang='lat' dir='ltr'><strong>uni·</strong></span> 
     </span>
     <span class='ocr_line' id='line_1_21' title="bbox 627 2233 2595 2318; baseline -0.002 -17"><span class='ocrx_word' id='word_1_150' title='bbox 627 2255 825 2301; x_wconf 81' lang='lat' dir='ltr'><strong>versa</strong></span> <span class='ocrx_word' id='word_1_151' title='bbox 864 2235 1205 2318; x_wconf 82' lang='lat' dir='ltr'><strong>primitiva</strong></span> <span class='ocrx_word' id='word_1_152' title='bbox 1243 2233 1536 2312; x_wconf 85' lang='lat' dir='ltr'><strong>ecclesia,</strong></span> <span class='ocrx_word' id='word_1_153' title='bbox 1602 2233 2099 2317; x_wconf 87' lang='lat' dir='ltr'><strong>haereticosque</strong></span> <span class='ocrx_word' id='word_1_154' title='bbox 2151 2234 2222 2300; x_wconf 90' lang='lat' dir='ltr'><strong>in</strong></span> <span class='ocrx_word' id='word_1_155' title='bbox 2282 2233 2595 2299; x_wconf 81' lang='lat' dir='ltr'><strong>maximis</strong></span> 
     </span>
     <span class='ocr_line' id='line_1_22' title="bbox 624 2317 2595 2404; baseline 0.001 -18"><span class='ocrx_word' id='word_1_156' title='bbox 624 2329 697 2386; x_wconf 85' lang='lat' dir='ltr'><strong>et</strong></span> <span class='ocrx_word' id='word_1_157' title='bbox 735 2320 1109 2404; x_wconf 77' lang='lat' dir='ltr'><strong>praecipuis</strong></span> <span class='ocrx_word' id='word_1_158' title='bbox 1153 2317 1607 2403; x_wconf 71' lang='lat' dir='ltr'><strong>dogmatibus,</strong></span> <span class='ocrx_word' id='word_1_159' title='bbox 1652 2318 1981 2404; x_wconf 78' lang='lat' dir='ltr'><strong>Caynicos</strong></span> <span class='ocrx_word' id='word_1_160' title='bbox 2025 2329 2094 2385; x_wconf 87' lang='lat' dir='ltr'><strong>et</strong></span> <span class='ocrx_word' id='word_1_161' title='bbox 2133 2320 2595 2404; x_wconf 87' lang='lat' dir='ltr'><strong>sanguinarios</strong></span> 
     </span>
     <span class='ocr_line' id='line_1_23' title="bbox 628 2403 2593 2489; baseline -0.003 -18"><span class='ocrx_word' id='word_1_162' title='bbox 628 2405 795 2472; x_wconf 87' lang='lat' dir='ltr'><strong>tales</strong></span> <span class='ocrx_word' id='word_1_163' title='bbox 831 2405 1059 2489; x_wconf 89' lang='lat' dir='ltr'><strong>quales</strong></span> <span class='ocrx_word' id='word_1_164' title='bbox 1093 2413 1273 2470; x_wconf 85' lang='lat' dir='ltr'><strong>totus</strong></span> <span class='ocrx_word' id='word_1_165' title='bbox 1306 2404 1441 2469; x_wconf 90' lang='lat' dir='ltr'><strong>iam</strong></span> <span class='ocrx_word' id='word_1_166' title='bbox 1482 2405 1778 2489; x_wconf 89' lang='lat' dir='ltr'><strong>agnoscit</strong></span> <span class='ocrx_word' id='word_1_167' title='bbox 1811 2412 1881 2471; x_wconf 89' lang='lat' dir='ltr'><strong>et</strong></span> <span class='ocrx_word' id='word_1_168' title='bbox 1915 2405 2334 2472; x_wconf 80' lang='lat' dir='ltr'><strong>abominatur</strong></span> <span class='ocrx_word' id='word_1_169' title='bbox 2367 2404 2547 2471; x_wconf 90' lang='lat' dir='ltr'><strong>orbis</strong></span> <span class='ocrx_word' id='word_1_170' title='bbox 2561 2403 2593 2465; x_wconf 82' lang='lat'><strong>⁴?</strong></span> 
     </span>
     <span class='ocr_line' id='line_1_24' title="bbox 626 2489 2595 2575; baseline 0.001 -19"><span class='ocrx_word' id='word_1_171' title='bbox 626 2489 811 2572; x_wconf 80' lang='lat' dir='ltr'><strong>Quid</strong></span> <span class='ocrx_word' id='word_1_172' title='bbox 848 2491 969 2556; x_wconf 91' lang='lat' dir='ltr'><strong>hos</strong></span> <span class='ocrx_word' id='word_1_173' title='bbox 1010 2489 1233 2568; x_wconf 85' lang='lat' dir='ltr'><strong>facias,</strong></span> <span class='ocrx_word' id='word_1_174' title='bbox 1276 2490 1335 2557; x_wconf 90' lang='lat' dir='ltr'><strong>si</strong></span> <span class='ocrx_word' id='word_1_175' title='bbox 1377 2491 1474 2555; x_wconf 90' lang='lat' dir='ltr'><strong>ita</strong></span> <span class='ocrx_word' id='word_1_176' title='bbox 1516 2511 1789 2575; x_wconf 83' lang='lat' dir='ltr'><strong>pergere</strong></span> <span class='ocrx_word' id='word_1_177' title='bbox 1824 2491 2094 2556; x_wconf 91' lang='lat' dir='ltr'><strong>omniuo</strong></span> <span class='ocrx_word' id='word_1_178' title='bbox 2121 2490 2362 2556; x_wconf 82' lang='lat' dir='ltr'><strong>malint</strong></span> <span class='ocrx_word' id='word_1_179' title='bbox 2394 2511 2595 2573; x_wconf 88' lang='lat' dir='ltr'><strong>quam</strong></span> 
     </span>
     <span class='ocr_line' id='line_1_25' title="bbox 625 2575 2593 2661; baseline 0 -19"><span class='ocrx_word' id='word_1_180' title='bbox 625 2576 838 2642; x_wconf 92' lang='lat' dir='ltr'><strong>ullum</strong></span> <span class='ocrx_word' id='word_1_181' title='bbox 897 2575 1001 2640; x_wconf 83' lang='lat' dir='ltr'><strong>vel</strong></span> <span class='ocrx_word' id='word_1_182' title='bbox 1046 2576 1392 2641; x_wconf 89' lang='lat' dir='ltr'><strong>minimum</strong></span> <span class='ocrx_word' id='word_1_183' title='bbox 1448 2596 1735 2642; x_wconf 89' lang='lat' dir='ltr'><strong>errorem</strong></span> <span class='ocrx_word' id='word_1_184' title='bbox 1782 2597 1979 2642; x_wconf 90' lang='lat' dir='ltr'><strong>suum</strong></span> <span class='ocrx_word' id='word_1_185' title='bbox 2031 2596 2386 2661; x_wconf 76' lang='lat' dir='ltr'><strong>agnoscere</strong></span> <span class='ocrx_word' id='word_1_186' title='bbox 2428 2579 2593 2642; x_wconf 87' lang='lat' dir='ltr'><strong>fate-</strong></span> 
     </span>
     <span class='ocr_line' id='line_1_26' title="bbox 626 2660 2592 2744; baseline 0.001 -17"><span class='ocrx_word' id='word_1_187' title='bbox 626 2663 772 2727; x_wconf 81' lang='lat' dir='ltr'><strong>rive</strong></span> <span class='ocrx_word' id='word_1_188' title='bbox 789 2711 806 2740; x_wconf 90' lang='lat'><strong>,</strong></span> <span class='ocrx_word' id='word_1_189' title='bbox 876 2660 993 2727; x_wconf 89' lang='lat' dir='ltr'><strong>sed</strong></span> <span class='ocrx_word' id='word_1_190' title='bbox 1052 2662 1276 2727; x_wconf 86' lang='lat' dir='ltr'><strong>fucare</strong></span> <span class='ocrx_word' id='word_1_191' title='bbox 1333 2661 1734 2744; x_wconf 89' lang='lat' dir='ltr'><strong>palliareque</strong></span> <span class='ocrx_word' id='word_1_192' title='bbox 1798 2662 2021 2727; x_wconf 90' lang='lat' dir='ltr'><strong>omnia</strong></span> <span class='ocrx_word' id='word_1_193' title='bbox 2076 2663 2148 2726; x_wconf 90' lang='lat' dir='ltr'><strong>in</strong></span> <span class='ocrx_word' id='word_1_194' title='bbox 2207 2664 2592 2728; x_wconf 86' lang='lat' dir='ltr'><strong>universum</strong></span> 
     </span>
    </p>

    <p class='ocr_par' dir='ltr' id='par_1_3' title="bbox 620 2745 2594 5147">
     <span class='ocr_line' id='line_1_27' title="bbox 674 2745 2592 2831; baseline 0.002 -20"><span class='ocrx_word' id='word_1_195' title='bbox 674 2768 890 2830; x_wconf 88' lang='lat' dir='ltr'><strong>uoquo</strong></span> <span class='ocrx_word' id='word_1_196' title='bbox 933 2745 1128 2811; x_wconf 92' lang='lat' dir='ltr'><strong>modo</strong></span> <span class='ocrx_word' id='word_1_197' title='bbox 1147 2745 1181 2808; x_wconf 80' lang='lat'><strong>⁶?</strong></span> <span class='ocrx_word' id='word_1_198' title='bbox 1269 2745 1404 2812; x_wconf 81' lang='lat' dir='ltr'><strong>Sed</strong></span> <span class='ocrx_word' id='word_1_199' title='bbox 1452 2746 1681 2813; x_wconf 84' lang='lat' dir='ltr'><strong>dicunt</strong></span> <span class='ocrx_word' id='word_1_200' title='bbox 1723 2745 1991 2831; x_wconf 87' lang='lat' dir='ltr'><strong>quidam</strong></span> <span class='ocrx_word' id='word_1_201' title='bbox 2046 2768 2131 2813; x_wconf 80' lang='lat' dir='ltr'><strong>ex</strong></span> <span class='ocrx_word' id='word_1_202' title='bbox 2174 2747 2271 2813; x_wconf 88' lang='lat' dir='ltr'><strong>eis</strong></span> <span class='ocrx_word' id='word_1_203' title='bbox 2337 2750 2448 2831; x_wconf 88' lang='lat' dir='ltr'><strong>qui</strong></span> <span class='ocrx_word' id='word_1_204' title='bbox 2493 2748 2592 2814; x_wconf 80' lang='lat' dir='ltr'><strong>vi·</strong></span> 
     </span>
     <span class='ocr_line' id='line_1_28' title="bbox 626 2767 2591 2916; baseline 0.001 -20"><span class='ocrx_word' id='word_1_205' title='bbox 626 2767 771 2897; x_wconf 54' lang='lat' dir='ltr'><strong>deri</strong></span> <span class='ocrx_word' id='word_1_206' title='bbox 813 2831 1043 2898; x_wconf 82' lang='lat' dir='ltr'><strong>volunt</strong></span> <span class='ocrx_word' id='word_1_207' title='bbox 1086 2833 1380 2898; x_wconf 86' lang='lat' dir='ltr'><strong>saniores</strong></span> <span class='ocrx_word' id='word_1_208' title='bbox 1403 2884 1419 2909; x_wconf 91' lang='lat'><strong>,</strong></span> <span class='ocrx_word' id='word_1_209' title='bbox 1478 2854 1601 2898; x_wconf 89' lang='lat' dir='ltr'><strong>nec</strong></span> <span class='ocrx_word' id='word_1_210' title='bbox 1643 2831 1979 2899; x_wconf 89' lang='lat' dir='ltr'><strong>erroribus</strong></span> <span class='ocrx_word' id='word_1_211' title='bbox 2022 2841 2093 2899; x_wconf 87' lang='lat' dir='ltr'><strong>et</strong></span> <span class='ocrx_word' id='word_1_212' title='bbox 2136 2834 2591 2916; x_wconf 87' lang='lat' dir='ltr'><strong>superstitioni</strong></span> 
     </span>
     <span class='ocr_line' id='line_1_29' title="bbox 624 2915 2592 2997; baseline 0.001 -15"><span class='ocrx_word' id='word_1_213' title='bbox 624 2918 742 2983; x_wconf 79' lang='lat' dir='ltr'><strong>isti</strong></span> <span class='ocrx_word' id='word_1_214' title='bbox 785 2915 1275 2983; x_wconf 79' lang='lat' dir='ltr'><strong>manifestariae</strong></span> <span class='ocrx_word' id='word_1_215' title='bbox 1317 2919 1413 2983; x_wconf 89' lang='lat' dir='ltr'><strong>ita</strong></span> <span class='ocrx_word' id='word_1_216' title='bbox 1456 2916 1732 2997; x_wconf 85' lang='lat' dir='ltr'><strong>addicti,</strong></span> <span class='ocrx_word' id='word_1_217' title='bbox 1788 2918 1902 2985; x_wconf 90' lang='lat' dir='ltr'><strong>sed</strong></span> <span class='ocrx_word' id='word_1_218' title='bbox 1961 2940 2003 2985; x_wconf 92' lang='lat' dir='ltr'><strong>a</strong></span> <span class='ocrx_word' id='word_1_219' title='bbox 2044 2918 2318 2986; x_wconf 64' lang='lat' dir='ltr'><strong>Ltdlnero</strong></span> <span class='ocrx_word' id='word_1_220' title='bbox 2361 2929 2428 2985; x_wconf 87' lang='lat' dir='ltr'><strong>et</strong></span> <span class='ocrx_word' id='word_1_221' title='bbox 2471 2939 2592 2984; x_wconf 91' lang='lat' dir='ltr'><strong>no-</strong></span> 
     </span>
     <span class='ocr_line' id='line_1_30' title="bbox 625 3002 2592 3087; baseline 0 -18"><span class='ocrx_word' id='word_1_222' title='bbox 625 3003 730 3069; x_wconf 91' lang='lat' dir='ltr'><strong>bis</strong></span> <span class='ocrx_word' id='word_1_223' title='bbox 763 3002 1086 3087; x_wconf 84' lang='lat' dir='ltr'><strong>quaedam</strong></span> <span class='ocrx_word' id='word_1_224' title='bbox 1120 3002 1449 3086; x_wconf 83' lang='lat' dir='ltr'><strong>placentia</strong></span> <span class='ocrx_word' id='word_1_225' title='bbox 1490 3004 1653 3086; x_wconf 89' lang='lat' dir='ltr'><strong>ipsis</strong></span> <span class='ocrx_word' id='word_1_226' title='bbox 1688 3002 1918 3082; x_wconf 89' lang='lat' dir='ltr'><strong>edocti,</strong></span> <span class='ocrx_word' id='word_1_227' title='bbox 1956 3024 2353 3070; x_wconf 90' lang='lat' dir='ltr'><strong>consensum</strong></span> <span class='ocrx_word' id='word_1_228' title='bbox 2386 3004 2592 3071; x_wconf 88' lang='lat' dir='ltr'><strong>eccle-</strong></span> 
     </span>
     <span class='ocr_line' id='line_1_31' title="bbox 622 3088 2591 3175; baseline 0 -20"><span class='ocrx_word' id='word_1_229' title='bbox 622 3089 764 3156; x_wconf 81' lang='lat' dir='ltr'><strong>siae</strong></span> <span class='ocrx_word' id='word_1_230' title='bbox 804 3088 1200 3157; x_wconf 80' lang='lat' dir='ltr'><strong>catholicum</strong></span> <span class='ocrx_word' id='word_1_231' title='bbox 1242 3090 1903 3175; x_wconf 85' lang='lat' dir='ltr'><strong>antiquissimumque</strong></span> <span class='ocrx_word' id='word_1_232' title='bbox 1945 3090 2019 3155; x_wconf 92' lang='lat' dir='ltr'><strong>in</strong></span> <span class='ocrx_word' id='word_1_233' title='bbox 2062 3090 2365 3155; x_wconf 89' lang='lat' dir='ltr'><strong>omnibus</strong></span> <span class='ocrx_word' id='word_1_234' title='bbox 2405 3110 2591 3174; x_wconf 89' lang='lat' dir='ltr'><strong>spec-</strong></span> 
     </span>
     <span class='ocr_line' id='line_1_32' title="bbox 624 3173 2594 3260; baseline -0.001 -19"><span class='ocrx_word' id='word_1_235' title='bbox 624 3173 910 3241; x_wconf 84' lang='lat' dir='ltr'><strong>tandum</strong></span> <span class='ocrx_word' id='word_1_236' title='bbox 953 3188 1023 3239; x_wconf 86' lang='lat' dir='ltr'><strong>et</strong></span> <span class='ocrx_word' id='word_1_237' title='bbox 1062 3174 1473 3258; x_wconf 88' lang='lat' dir='ltr'><strong>sequendum</strong></span> <span class='ocrx_word' id='word_1_238' title='bbox 1514 3177 1736 3259; x_wconf 86' lang='lat' dir='ltr'><strong>potius</strong></span> <span class='ocrx_word' id='word_1_239' title='bbox 1778 3196 1977 3260; x_wconf 89' lang='lat' dir='ltr'><strong>quam</strong></span> <span class='ocrx_word' id='word_1_240' title='bbox 2035 3176 2423 3242; x_wconf 83' lang='lat' dir='ltr'><strong>novationes</strong></span> <span class='ocrx_word' id='word_1_241' title='bbox 2477 3185 2594 3241; x_wconf 88' lang='lat' dir='ltr'><strong>aut</strong></span> 
     </span>
     <span class='ocr_line' id='line_1_33' title="bbox 624 3259 2592 3329; baseline -0.001 -1"><span class='ocrx_word' id='word_1_242' title='bbox 624 3261 987 3328; x_wconf 84' lang='lat' dir='ltr'><strong>schismata</strong></span> <span class='ocrx_word' id='word_1_243' title='bbox 1028 3260 1196 3325; x_wconf 91' lang='lat' dir='ltr'><strong>ulla:</strong></span> <span class='ocrx_word' id='word_1_244' title='bbox 1242 3269 1311 3326; x_wconf 87' lang='lat' dir='ltr'><strong>et</strong></span> <span class='ocrx_word' id='word_1_245' title='bbox 1353 3259 1435 3326; x_wconf 92' lang='lat' dir='ltr'><strong>de</strong></span> <span class='ocrx_word' id='word_1_246' title='bbox 1477 3261 1876 3329; x_wconf 78' lang='lat' dir='ltr'><strong>eucharistia</strong></span> <span class='ocrx_word' id='word_1_247' title='bbox 1920 3261 2266 3326; x_wconf 68' lang='lat' dir='ltr'><strong>Ltdhmm</strong></span> <span class='ocrx_word' id='word_1_248' title='bbox 2307 3262 2592 3327; x_wconf 85' lang='lat' dir='ltr'><strong>sensisse</strong></span> 
     </span>
     <span class='ocr_line' id='line_1_34' title="bbox 622 3343 2590 3516; baseline 0.001 -19"><span class='ocrx_word' id='word_1_249' title='bbox 622 3366 793 3497; x_wconf 54' lang='grc' dir='ltr'><strong>ἓξ,</strong></span> <span class='ocrx_word' id='word_1_250' title='bbox 820 3343 2590 3516; x_wconf 45' lang='lat' dir='ltr'><strong>&amp;QZffiffissffffdssffssffissnffffissiisssssoessssff</strong></span> 
     </span>
     <span class='ocr_line' id='line_1_35' title="bbox 620 3516 2592 3604; baseline 0.001 -20"><span class='ocrx_word' id='word_1_251' title='bbox 620 3523 805 3584; x_wconf 79' lang='lat' dir='ltr'><strong>stare</strong></span> <span class='ocrx_word' id='word_1_252' title='bbox 862 3516 945 3581; x_wconf 90' lang='lat' dir='ltr'><strong>de</strong></span> <span class='ocrx_word' id='word_1_253' title='bbox 1001 3518 1430 3584; x_wconf 86' lang='lat' dir='ltr'><strong>consensione</strong></span> <span class='ocrx_word' id='word_1_254' title='bbox 1494 3537 1769 3604; x_wconf 80' lang='lat' dir='ltr'><strong>graecae</strong></span> <span class='ocrx_word' id='word_1_255' title='bbox 1834 3518 2211 3601; x_wconf 87' lang='lat' dir='ltr'><strong>latinaeque</strong></span> <span class='ocrx_word' id='word_1_256' title='bbox 2280 3518 2592 3585; x_wconf 88' lang='lat' dir='ltr'><strong>ecclesiae</strong></span> 
     </span>
     <span class='ocr_line' id='line_1_36' title="bbox 624 3602 2588 3689; baseline 0 -21"><span class='ocrx_word' id='word_1_257' title='bbox 624 3603 1006 3668; x_wconf 82' lang='lat' dir='ltr'><strong>universae:</strong></span> <span class='ocrx_word' id='word_1_258' title='bbox 1062 3623 1139 3668; x_wconf 79' lang='lat' dir='ltr'><strong>ac</strong></span> <span class='ocrx_word' id='word_1_259' title='bbox 1180 3602 1255 3667; x_wconf 90' lang='lat' dir='ltr'><strong>iu</strong></span> <span class='ocrx_word' id='word_1_260' title='bbox 1297 3604 1479 3668; x_wconf 90' lang='lat' dir='ltr'><strong>omni</strong></span> <span class='ocrx_word' id='word_1_261' title='bbox 1522 3624 1782 3669; x_wconf 86' lang='lat' dir='ltr'><strong>summa</strong></span> <span class='ocrx_word' id='word_1_262' title='bbox 1825 3604 2213 3671; x_wconf 81' lang='lat' dir='ltr'><strong>traditiones</strong></span> <span class='ocrx_word' id='word_1_263' title='bbox 2253 3603 2359 3679; x_wconf 75' lang='grc' dir='ltr'><strong>τοῖς</strong></span> <span class='ocrx_word' id='word_1_264' title='bbox 2401 3602 2588 3689; x_wconf 60' lang='grc' dir='ltr'><em>ἀχρώ-</em></span> 
     </span>
     <span class='ocr_line' id='line_1_37' title="bbox 625 3688 2589 3775; baseline 0.002 -23"><span class='ocrx_word' id='word_1_265' title='bbox 625 3710 763 3771; x_wconf 72' lang='grc' dir='ltr'><strong><em>9ας,</em></strong></span> <span class='ocrx_word' id='word_1_266' title='bbox 780 3693 815 3727; x_wconf 72' lang='lat'><strong>⁴·</strong></span> <span class='ocrx_word' id='word_1_267' title='bbox 852 3695 1073 3771; x_wconf 84' lang='lat' dir='ltr'><strong>patres</strong></span> <span class='ocrx_word' id='word_1_268' title='bbox 1096 3695 1164 3752; x_wconf 90' lang='lat' dir='ltr'><strong>et</strong></span> <span class='ocrx_word' id='word_1_269' title='bbox 1199 3688 1475 3756; x_wconf 88' lang='lat' dir='ltr'><strong>concilia</strong></span> <span class='ocrx_word' id='word_1_270' title='bbox 1496 3689 1858 3756; x_wconf 89' lang='lat' dir='ltr'><strong>secundum</strong></span> <span class='ocrx_word' id='word_1_271' title='bbox 1882 3692 2245 3775; x_wconf 87' lang='lat' dir='ltr'><strong>scripturas</strong></span> <span class='ocrx_word' id='word_1_272' title='bbox 2269 3691 2390 3772; x_wconf 87' lang='lat' dir='ltr'><strong>(ita</strong></span> <span class='ocrx_word' id='word_1_273' title='bbox 2408 3691 2589 3756; x_wconf 91' lang='lat' dir='ltr'><strong>enim</strong></span> 
     </span>
     <span class='ocr_line' id='line_1_38' title="bbox 624 3773 2589 3858; baseline 0.002 -21"><span class='ocrx_word' id='word_1_274' title='bbox 624 3794 807 3839; x_wconf 90' lang='lat' dir='ltr'><strong>nunc</strong></span> <span class='ocrx_word' id='word_1_275' title='bbox 848 3773 1030 3856; x_wconf 88' lang='lat' dir='ltr'><strong>loqui</strong></span> <span class='ocrx_word' id='word_1_276' title='bbox 1075 3773 1364 3852; x_wconf 89' lang='lat' dir='ltr'><strong>malunt)</strong></span> <span class='ocrx_word' id='word_1_277' title='bbox 1423 3795 1556 3839; x_wconf 87' lang='lat' dir='ltr'><strong>non</strong></span> <span class='ocrx_word' id='word_1_278' title='bbox 1613 3795 1805 3858; x_wconf 90' lang='lat' dir='ltr'><strong>posse</strong></span> <span class='ocrx_word' id='word_1_279' title='bbox 1850 3777 1995 3841; x_wconf 87' lang='lat' dir='ltr'><strong>sine</strong></span> <span class='ocrx_word' id='word_1_280' title='bbox 2048 3776 2406 3842; x_wconf 83' lang='lat' dir='ltr'><strong>schismate</strong></span> <span class='ocrx_word' id='word_1_281' title='bbox 2448 3797 2589 3842; x_wconf 87' lang='lat' dir='ltr'><strong>om-</strong></span> 
     </span>
     <span class='ocr_line' id='line_1_39' title="bbox 625 3857 2591 3946; baseline 0.001 -22"><span class='ocrx_word' id='word_1_282' title='bbox 625 3858 821 3936; x_wconf 89' lang='lat' dir='ltr'><strong>nino,</strong></span> <span class='ocrx_word' id='word_1_283' title='bbox 889 3869 965 3923; x_wconf 89' lang='grc' dir='ltr'><strong>ιιι</strong></span> <span class='ocrx_word' id='word_1_284' title='bbox 1007 3857 1088 3925; x_wconf 89' lang='lat' dir='ltr'><strong>de</strong></span> <span class='ocrx_word' id='word_1_285' title='bbox 1146 3859 1403 3927; x_wconf 60' lang='lat' dir='ltr'><strong>haered</strong></span> <span class='ocrx_word' id='word_1_286' title='bbox 1467 3870 1794 3940; x_wconf 87' lang='lat' dir='ltr'><strong>taceatur,</strong></span> <span class='ocrx_word' id='word_1_287' title='bbox 1860 3861 2113 3946; x_wconf 86' lang='lat' dir='ltr'><strong>negligi</strong></span> <span class='ocrx_word' id='word_1_288' title='bbox 2167 3862 2409 3926; x_wconf 85' lang='lat' dir='ltr'><strong>mutari</strong></span> <span class='ocrx_word' id='word_1_289' title='bbox 2473 3868 2591 3927; x_wconf 90' lang='lat' dir='ltr'><strong>aut</strong></span> 
     </span>
     <span class='ocr_line' id='line_1_40' title="bbox 623 3944 2592 4014; baseline 0.001 -4"><span class='ocrx_word' id='word_1_290' title='bbox 623 3944 952 4010; x_wconf 88' lang='lat' dir='ltr'><strong>contemni</strong></span> <span class='ocrx_word' id='word_1_291' title='bbox 1018 3965 1246 4010; x_wconf 91' lang='lat' dir='ltr'><strong>omnes</strong></span> <span class='ocrx_word' id='word_1_292' title='bbox 1308 3948 1379 4011; x_wconf 91' lang='lat' dir='ltr'><strong>in</strong></span> <span class='ocrx_word' id='word_1_293' title='bbox 1447 3946 1853 4013; x_wconf 77' lang='lat' dir='ltr'><strong>universum.</strong></span> <span class='ocrx_word' id='word_1_294' title='bbox 1965 3947 2065 4012; x_wconf 84' lang='lat' dir='ltr'><strong>Ita</strong></span> <span class='ocrx_word' id='word_1_295' title='bbox 2129 3947 2200 4011; x_wconf 90' lang='lat' dir='ltr'><strong>in</strong></span> <span class='ocrx_word' id='word_1_296' title='bbox 2270 3947 2592 4014; x_wconf 85' lang='lat' dir='ltr'><strong>circulum</strong></span> 
     </span>
     <span class='ocr_line' id='line_1_41' title="bbox 624 4027 2592 4116; baseline 0.001 -20"><span class='ocrx_word' id='word_1_297' title='bbox 624 4049 820 4113; x_wconf 85' lang='lat' dir='ltr'><strong>saepe</strong></span> <span class='ocrx_word' id='word_1_298' title='bbox 882 4027 1051 4095; x_wconf 90' lang='lat' dir='ltr'><strong>redit</strong></span> <span class='ocrx_word' id='word_1_299' title='bbox 1095 4030 1448 4114; x_wconf 86' lang='lat' dir='ltr'><strong>disputatio</strong></span> <span class='ocrx_word' id='word_1_300' title='bbox 1466 4084 1481 4109; x_wconf 91' lang='lat'><strong>,</strong></span> <span class='ocrx_word' id='word_1_301' title='bbox 1540 4039 1607 4096; x_wconf 91' lang='lat' dir='ltr'><strong>et</strong></span> <span class='ocrx_word' id='word_1_302' title='bbox 1661 4033 1985 4115; x_wconf 85' lang='lat' dir='ltr'><strong>principia</strong></span> <span class='ocrx_word' id='word_1_303' title='bbox 2040 4033 2183 4116; x_wconf 86' lang='lat' dir='ltr'><strong>ipsa</strong></span> <span class='ocrx_word' id='word_1_304' title='bbox 2251 4055 2385 4098; x_wconf 90' lang='lat' dir='ltr'><strong>nou</strong></span> <span class='ocrx_word' id='word_1_305' title='bbox 2429 4034 2592 4099; x_wconf 90' lang='lat' dir='ltr'><strong>satis</strong></span> 
     </span>
     <span class='ocr_line' id='line_1_42' title="bbox 622 4115 2584 4201; baseline 0.001 -20"><span class='ocrx_word' id='word_1_306' title='bbox 622 4124 804 4181; x_wconf 83' lang='lat' dir='ltr'><strong>certo</strong></span> <span class='ocrx_word' id='word_1_307' title='bbox 872 4136 1083 4199; x_wconf 89' lang='lat' dir='ltr'><strong>neque</strong></span> <span class='ocrx_word' id='word_1_308' title='bbox 1147 4115 1427 4183; x_wconf 89' lang='lat' dir='ltr'><strong>dilucide</strong></span> <span class='ocrx_word' id='word_1_309' title='bbox 1493 4140 1610 4201; x_wconf 87' lang='lat' dir='ltr'><strong>per</strong></span> <span class='ocrx_word' id='word_1_310' title='bbox 1674 4120 1893 4184; x_wconf 89' lang='lat' dir='ltr'><strong>omnia</strong></span> <span class='ocrx_word' id='word_1_311' title='bbox 1970 4128 2130 4183; x_wconf 88' lang='lat' dir='ltr'><strong>sunt</strong></span> <span class='ocrx_word' id='word_1_312' title='bbox 2203 4118 2584 4186; x_wconf 83' lang='lat' dir='ltr'><strong>constituta.</strong></span> 
     </span>
     <span class='ocr_line' id='line_1_43' title="bbox 620 4199 2589 4287; baseline 0.002 -22"><span class='ocrx_word' id='word_1_313' title='bbox 620 4199 802 4267; x_wconf 88' lang='lat' dir='ltr'><strong>Hinc</strong></span> <span class='ocrx_word' id='word_1_314' title='bbox 865 4204 1029 4268; x_wconf 85' lang='lat' dir='ltr'><strong>istae</strong></span> <span class='ocrx_word' id='word_1_315' title='bbox 1096 4200 1418 4280; x_wconf 81' lang='lat' dir='ltr'><strong>latebrae,</strong></span> <span class='ocrx_word' id='word_1_316' title='bbox 1487 4202 1566 4269; x_wconf 91' lang='lat' dir='ltr'><strong>de</strong></span> <span class='ocrx_word' id='word_1_317' title='bbox 1625 4204 1862 4287; x_wconf 87' lang='lat' dir='ltr'><strong>quibus</strong></span> <span class='ocrx_word' id='word_1_318' title='bbox 1929 4215 2005 4268; x_wconf 88' lang='lat' dir='ltr'><strong>tu</strong></span> <span class='ocrx_word' id='word_1_319' title='bbox 2071 4204 2145 4268; x_wconf 92' lang='lat' dir='ltr'><strong>in</strong></span> <span class='ocrx_word' id='word_1_320' title='bbox 2366 4213 2589 4269; x_wconf 85' lang='lat' dir='ltr'><strong>mento</strong></span> 
     </span>
     <span class='ocr_line' id='line_1_44' title="bbox 624 4285 2590 4372; baseline 0.002 -21"><span class='ocrx_word' id='word_1_321' title='bbox 624 4285 1207 4372; x_wconf 87' lang='lat' dir='ltr'><strong>(quemadmodum</strong></span> <span class='ocrx_word' id='word_1_322' title='bbox 1242 4287 1562 4372; x_wconf 81' lang='lat' dir='ltr'><strong>appellas)</strong></span> <span class='ocrx_word' id='word_1_323' title='bbox 1607 4290 1920 4372; x_wconf 88' lang='lat' dir='ltr'><strong>epistolae</strong></span> <span class='ocrx_word' id='word_1_324' title='bbox 1963 4302 2135 4353; x_wconf 85' lang='lat' dir='ltr'><strong>tuae.</strong></span> <span class='ocrx_word' id='word_1_325' title='bbox 2207 4288 2259 4356; x_wconf 82' lang='lat' dir='ltr'>S</span> <span class='ocrx_word' id='word_1_326' title='bbox 2388 4290 2590 4354; x_wconf 83' lang='lat' dir='ltr'><strong>velim</strong></span> 
     </span>
     <span class='ocr_line' id='line_1_45' title="bbox 624 4372 2590 4458; baseline 0.002 -21"><span class='ocrx_word' id='word_1_327' title='bbox 624 4372 893 4437; x_wconf 87' lang='lat' dir='ltr'><strong>omnino</strong></span> <span class='ocrx_word' id='word_1_328' title='bbox 936 4382 1150 4438; x_wconf 88' lang='lat' dir='ltr'><strong>totum</strong></span> <span class='ocrx_word' id='word_1_329' title='bbox 1210 4372 1385 4440; x_wconf 90' lang='lat' dir='ltr'><strong>hunc</strong></span> <span class='ocrx_word' id='word_1_330' title='bbox 1441 4374 1659 4440; x_wconf 90' lang='lat' dir='ltr'><strong>locum</strong></span> <span class='ocrx_word' id='word_1_331' title='bbox 1702 4395 1836 4441; x_wconf 89' lang='lat' dir='ltr'><strong>nou</strong></span> <span class='ocrx_word' id='word_1_332' title='bbox 1883 4376 2176 4458; x_wconf 87' lang='lat' dir='ltr'><strong>attingas</strong></span> <span class='ocrx_word' id='word_1_333' title='bbox 2218 4373 2410 4440; x_wconf 91' lang='lat' dir='ltr'><strong>modo</strong></span> <span class='ocrx_word' id='word_1_334' title='bbox 2450 4373 2590 4440; x_wconf 92' lang='lat' dir='ltr'><strong>obi-</strong></span> 
     </span>
     <span class='ocr_line' id='line_1_46' title="bbox 623 4457 2589 4544; baseline 0.003 -23"><span class='ocrx_word' id='word_1_335' title='bbox 623 4464 755 4535; x_wconf 88' lang='lat' dir='ltr'><strong>ter,</strong></span> <span class='ocrx_word' id='word_1_336' title='bbox 798 4457 912 4523; x_wconf 89' lang='lat' dir='ltr'><strong>sed</strong></span> <span class='ocrx_word' id='word_1_337' title='bbox 957 4468 1171 4524; x_wconf 87' lang='lat' dir='ltr'><strong>totum</strong></span> <span class='ocrx_word' id='word_1_338' title='bbox 1214 4460 1470 4542; x_wconf 88' lang='lat' dir='ltr'><strong>copiose</strong></span> <span class='ocrx_word' id='word_1_339' title='bbox 1511 4461 1582 4525; x_wconf 90' lang='lat' dir='ltr'><strong>iu</strong></span> <span class='ocrx_word' id='word_1_340' title='bbox 1625 4461 1945 4543; x_wconf 80' lang='lat' dir='ltr'><strong>proximis</strong></span> <span class='ocrx_word' id='word_1_341' title='bbox 1988 4458 2071 4525; x_wconf 89' lang='lat' dir='ltr'><strong>ad</strong></span> <span class='ocrx_word' id='word_1_342' title='bbox 2116 4481 2222 4526; x_wconf 91' lang='lat' dir='ltr'><strong>me</strong></span> <span class='ocrx_word' id='word_1_343' title='bbox 2266 4463 2397 4544; x_wconf 78' lang='lat' dir='ltr'><strong>tuis</strong></span> <span class='ocrx_word' id='word_1_344' title='bbox 2440 4482 2589 4544; x_wconf 92' lang='lat' dir='ltr'><strong>per-</strong></span> 
     </span>
     <span class='ocr_line' id='line_1_47' title="bbox 621 4544 2587 4646; baseline 0.003 -39"><span class='ocrx_word' id='word_1_345' title='bbox 621 4551 866 4609; x_wconf 87' lang='lat' dir='ltr'><strong>tractes</strong></span> <span class='ocrx_word' id='word_1_346' title='bbox 908 4545 1329 4645; x_wconf 69' lang='lat' dir='ltr'><strong>excutiasque</strong></span> <span class='ocrx_word' id='word_1_347' title='bbox 1372 4544 1660 4611; x_wconf 88' lang='lat' dir='ltr'><strong>latebras</strong></span> <span class='ocrx_word' id='word_1_348' title='bbox 1700 4545 1850 4646; x_wconf 78' lang='lat' dir='ltr'><strong>illas</strong></span> <span class='ocrx_word' id='word_1_349' title='bbox 1884 4567 2113 4646; x_wconf 76' lang='lat' dir='ltr'><strong>omnes</strong></span> <span class='ocrx_word' id='word_1_350' title='bbox 2155 4554 2225 4612; x_wconf 90' lang='lat' dir='ltr'><strong>et</strong></span> <span class='ocrx_word' id='word_1_351' title='bbox 2265 4547 2587 4646; x_wconf 78' lang='lat' dir='ltr'><strong>profugia,</strong></span> 
     </span>
     <span class='ocr_line' id='line_1_48' title="bbox 621 4629 2588 4799; baseline 0.002 -18"><span class='ocrx_word' id='word_1_352' title='bbox 621 4629 2165 4799; x_wconf 40' lang='lat' dir='ltr'><strong>{3123ssosgffioitgnbzmoo‘lilgptgliusclgsszlnggsqg</strong></span> <span class='ocrx_word' id='word_1_353' title='bbox 2160 4654 2203 4783; x_wconf 59' lang='lat'><strong>3</strong></span> <span class='ocrx_word' id='word_1_354' title='bbox 2208 4654 2301 4783; x_wconf 67' lang='lat' dir='ltr'><strong>ma</strong></span> <span class='ocrx_word' id='word_1_355' title='bbox 2316 4644 2588 4785; x_wconf 53' lang='lat' dir='ltr'><strong>hlh‘iiflggg</strong></span> 
     </span>
     <span class='ocr_line' id='line_1_49' title="bbox 620 4799 2588 4889; baseline 0.002 -22"><span class='ocrx_word' id='word_1_356' title='bbox 620 4799 1032 4886; x_wconf 85' lang='lat' dir='ltr'><strong>praefatione</strong></span> <span class='ocrx_word' id='word_1_357' title='bbox 1075 4802 1370 4883; x_wconf 87' lang='lat' dir='ltr'><strong>patribus</strong></span> <span class='ocrx_word' id='word_1_358' title='bbox 1410 4801 1791 4870; x_wconf 90' lang='lat' dir='ltr'><strong>melioribus</strong></span> <span class='ocrx_word' id='word_1_359' title='bbox 1835 4802 2084 4883; x_wconf 86' lang='lat' dir='ltr'><strong>debito,</strong></span> <span class='ocrx_word' id='word_1_360' title='bbox 2130 4827 2264 4870; x_wconf 90' lang='lat' dir='ltr'><strong>non</strong></span> <span class='ocrx_word' id='word_1_361' title='bbox 2307 4804 2588 4889; x_wconf 87' lang='lat' dir='ltr'><strong>scriptu-</strong></span> 
     </span>
     <span class='ocr_line' id='line_1_50' title="bbox 622 4886 2588 4973; baseline 0.002 -20"><span class='ocrx_word' id='word_1_362' title='bbox 622 4887 719 4953; x_wconf 88' lang='lat' dir='ltr'><strong>ris</strong></span> <span class='ocrx_word' id='word_1_363' title='bbox 784 4886 1032 4952; x_wconf 86' lang='lat' dir='ltr'><strong>sanctis</strong></span> <span class='ocrx_word' id='word_1_364' title='bbox 1096 4887 1297 4970; x_wconf 90' lang='lat' dir='ltr'><strong>(quod</strong></span> <span class='ocrx_word' id='word_1_365' title='bbox 1368 4886 1697 4971; x_wconf 86' lang='lat' dir='ltr'><strong>deprecati</strong></span> <span class='ocrx_word' id='word_1_366' title='bbox 1766 4898 1925 4956; x_wconf 90' lang='lat' dir='ltr'><strong>sunt</strong></span> <span class='ocrx_word' id='word_1_367' title='bbox 1994 4890 2122 4973; x_wconf 88' lang='lat' dir='ltr'><strong>ipsi</strong></span> <span class='ocrx_word' id='word_1_368' title='bbox 2184 4909 2440 4973; x_wconf 89' lang='lat' dir='ltr'><strong>quoque</strong></span> <span class='ocrx_word' id='word_1_369' title='bbox 2503 4889 2588 4955; x_wconf 90' lang='lat' dir='ltr'><strong>ad</strong></span> 
     </span>
     <span class='ocr_line' id='line_1_51' title="bbox 622 4974 2586 5061; baseline 0.003 -24"><span class='ocrx_word' id='word_1_370' title='bbox 622 4993 831 5037; x_wconf 90' lang='lat' dir='ltr'><strong>unum</strong></span> <span class='ocrx_word' id='word_1_371' title='bbox 883 4993 1111 5039; x_wconf 90' lang='lat' dir='ltr'><strong>omnes</strong></span> <span class='ocrx_word' id='word_1_372' title='bbox 1167 4992 1327 5039; x_wconf 72' lang='lat' dir='ltr'><strong>vere</strong></span> <span class='ocrx_word' id='word_1_373' title='bbox 1391 4974 1484 5057; x_wconf 90' lang='lat' dir='ltr'><strong>pii</strong></span> <span class='ocrx_word' id='word_1_374' title='bbox 1536 4985 1605 5040; x_wconf 88' lang='lat' dir='ltr'><strong>et</strong></span> <span class='ocrx_word' id='word_1_375' title='bbox 1669 4974 1905 5061; x_wconf 83' lang='lat' dir='ltr'><strong>sancti)</strong></span> <span class='ocrx_word' id='word_1_376' title='bbox 1961 4983 2266 5059; x_wconf 89' lang='lat' dir='ltr'><strong>aequato,</strong></span> <span class='ocrx_word' id='word_1_377' title='bbox 2340 4976 2586 5043; x_wconf 88' lang='lat' dir='ltr'><strong>nedum</strong></span> 
     </span>
     <span class='ocr_line' id='line_1_52' title="bbox 620 5057 2586 5147; baseline 0.003 -26"><span class='ocrx_word' id='word_1_378' title='bbox 620 5057 931 5140; x_wconf 86' lang='lat' dir='ltr'><strong>praelato.</strong></span> <span class='ocrx_word' id='word_1_379' title='bbox 1022 5057 1167 5123; x_wconf 86' lang='lat' dir='ltr'><strong>Hoc</strong></span> <span class='ocrx_word' id='word_1_380' title='bbox 1225 5080 1435 5126; x_wconf 88' lang='lat' dir='ltr'><strong>uuum</strong></span> <span class='ocrx_word' id='word_1_381' title='bbox 1479 5081 1683 5144; x_wconf 89' lang='lat' dir='ltr'><strong>quum</strong></span> <span class='ocrx_word' id='word_1_382' title='bbox 1728 5062 1817 5126; x_wconf 87' lang='lat' dir='ltr'><strong>sit</strong></span> <span class='ocrx_word' id='word_1_383' title='bbox 1858 5071 2058 5146; x_wconf 84' lang='lat' dir='ltr'><strong>caput</strong></span> <span class='ocrx_word' id='word_1_384' title='bbox 2098 5062 2237 5127; x_wconf 81' lang='lat' dir='ltr'><strong>fere</strong></span> <span class='ocrx_word' id='word_1_385' title='bbox 2279 5072 2348 5127; x_wconf 90' lang='lat' dir='ltr'><strong>et</strong></span> <span class='ocrx_word' id='word_1_386' title='bbox 2389 5062 2586 5147; x_wconf 87' lang='lat' dir='ltr'><strong>iugu-</strong></span> 
     </span>
    </p>
   </div>
   <div class='ocr_carea' id='block_1_3' title="bbox 617 5258 2587 5397">
    <p class='ocr_par' dir='ltr' id='par_1_4' title="bbox 617 5258 2587 5397">
     <span class='ocr_line' id='line_1_53' title="bbox 827 5258 2587 5334; baseline 0.007 -23"><span class='ocrx_word' id='word_1_387' title='bbox 827 5258 1702 5331; x_wconf 44' lang='lat' dir='ltr'><strong>”scandamus</strong></span> <span class='ocrx_word' id='word_1_388' title='bbox 1781 5264 2587 5334; x_wconf 57' lang='lat' dir='ltr'><strong>Qudhoceibivelu‘t,utet</strong></span> 
     </span>
     <span class='ocr_line' id='line_1_54' title="bbox 617 5328 1527 5397; baseline 0.003 -15"><span class='ocrx_word' id='word_1_389' title='bbox 617 5328 1527 5397; x_wconf 53' lang='lat' dir='ltr'><strong>sommam-sanandam.</strong></span> 
     </span>
    </p>
   </div>
   <div class='ocr_carea' id='block_1_4' title="bbox 2639 615 2657 5369">
    <p class='ocr_par' dir='ltr' id='par_1_5' title="bbox 2639 615 2657 5369">
     <span class='ocr_line' id='line_1_55' title="bbox 2639 615 2657 5369; baseline 0 0"><span class='ocrx_word' id='word_1_390' title='bbox 2639 615 2657 5369; x_wconf 95' lang='lat' dir='ltr'><strong> </strong></span> 
     </span>
    </p>
   </div>
   <div class='ocr_carea' id='block_1_5' title="bbox 2689 605 4687 2832">
    <p class='ocr_par' dir='ltr' id='par_1_6' title="bbox 2695 605 4670 946">
     <span class='ocr_line' id='line_1_56' title="bbox 2695 605 4664 686; baseline 0.003 -15"><span class='ocrx_word' id='word_1_391' title='bbox 2695 605 2838 671; x_wconf 93' lang='lat' dir='ltr'><strong>lum</strong></span> <span class='ocrx_word' id='word_1_392' title='bbox 2893 626 3129 672; x_wconf 83' lang='lat' dir='ltr'><strong>causae</strong></span> <span class='ocrx_word' id='word_1_393' title='bbox 3181 606 3412 684; x_wconf 85' lang='lat' dir='ltr'><strong>totins,</strong></span> <span class='ocrx_word' id='word_1_394' title='bbox 3477 608 3711 675; x_wconf 86' lang='lat' dir='ltr'><strong>amabo</strong></span> <span class='ocrx_word' id='word_1_395' title='bbox 3765 616 3832 674; x_wconf 89' lang='lat' dir='ltr'><strong>te</strong></span> <span class='ocrx_word' id='word_1_396' title='bbox 3881 608 4118 675; x_wconf 82' lang='lat' dir='ltr'><strong>merito</strong></span> <span class='ocrx_word' id='word_1_397' title='bbox 4173 615 4292 674; x_wconf 88' lang='lat' dir='ltr'><strong>tuo</strong></span> <span class='ocrx_word' id='word_1_398' title='bbox 4345 608 4664 686; x_wconf 82' lang='lat' dir='ltr'><strong>maximo,</strong></span> 
     </span>
     <span class='ocr_line' id='line_1_57' title="bbox 2696 689 4670 778; baseline 0.003 -22"><span class='ocrx_word' id='word_1_399' title='bbox 2696 692 2957 774; x_wconf 89' lang='lat' dir='ltr'><strong>plenius</strong></span> <span class='ocrx_word' id='word_1_400' title='bbox 2998 689 3307 775; x_wconf 86' lang='lat' dir='ltr'><strong>deinceps</strong></span> <span class='ocrx_word' id='word_1_401' title='bbox 3350 693 3993 778; x_wconf 86' lang='lat' dir='ltr'><strong>absolutissimeque,</strong></span> <span class='ocrx_word' id='word_1_402' title='bbox 4049 702 4376 778; x_wconf 83' lang='lat' dir='ltr'><strong>quantum</strong></span> <span class='ocrx_word' id='word_1_403' title='bbox 4419 693 4670 777; x_wconf 79' lang='lat' dir='ltr'><strong>poterit</strong></span> 
     </span>
     <span class='ocr_line' id='line_1_58' title="bbox 2697 776 4670 928; baseline 0.002 -86"><span class='ocrx_word' id='word_1_404' title='bbox 2697 776 3118 928; x_wconf 51' lang='lat' dir='ltr'><strong>pegdlgteraffi</strong></span> <span class='ocrx_word' id='word_1_405' title='bbox 3162 798 3318 844; x_wconf 87' lang='lat' dir='ltr'><strong>cum</strong></span> <span class='ocrx_word' id='word_1_406' title='bbox 3359 778 3870 845; x_wconf 81' lang='lat' dir='ltr'><strong>circumstantiis</strong></span> <span class='ocrx_word' id='word_1_407' title='bbox 3912 779 4224 846; x_wconf 88' lang='lat' dir='ltr'><strong>omnibus</strong></span> <span class='ocrx_word' id='word_1_408' title='bbox 4265 781 4670 863; x_wconf 85' lang='lat' dir='ltr'><strong>explanetur</strong></span> 
     </span>
     <span class='ocr_line' id='line_1_59' title="bbox 2697 869 3162 946; baseline -0.002 -17"><span class='ocrx_word' id='word_1_409' title='bbox 2697 884 2783 929; x_wconf 91' lang='lat' dir='ltr'><strong>en</strong></span> <span class='ocrx_word' id='word_1_410' title='bbox 2907 869 3162 946; x_wconf 88' lang='lat' dir='ltr'><strong>turque.</strong></span> 
     </span>
    </p>

    <p class='ocr_par' dir='ltr' id='par_1_7' title="bbox 2699 947 4687 2059">
     <span class='ocr_line' id='line_1_60' title="bbox 2871 947 4668 1018; baseline 0.003 -6"><span class='ocrx_word' id='word_1_411' title='bbox 2871 948 2978 1013; x_wconf 93' lang='lat' dir='ltr'><strong>De</strong></span> <span class='ocrx_word' id='word_1_412' title='bbox 3035 947 3402 1015; x_wconf 80' lang='lat' dir='ltr'><strong>Clementis</strong></span> <span class='ocrx_word' id='word_1_413' title='bbox 3457 950 3660 1016; x_wconf 89' lang='lat' dir='ltr'><strong>etiam</strong></span> <span class='ocrx_word' id='word_1_414' title='bbox 3715 949 4074 1017; x_wconf 78' lang='lat' dir='ltr'><strong>Sti-ematis</strong></span> <span class='ocrx_word' id='word_1_415' title='bbox 4131 971 4366 1018; x_wconf 82' lang='lat' dir='ltr'><strong>aveam</strong></span> <span class='ocrx_word' id='word_1_416' title='bbox 4429 950 4668 1017; x_wconf 77' lang='lat' dir='ltr'><strong>audire</strong></span> 
     </span>
     <span class='ocr_line' id='line_1_61' title="bbox 2699 1032 4671 1121; baseline 0.002 -22"><span class='ocrx_word' id='word_1_417' title='bbox 2699 1032 2931 1117; x_wconf 89' lang='lat' dir='ltr'><strong>ecquid</strong></span> <span class='ocrx_word' id='word_1_418' title='bbox 2973 1034 3065 1099; x_wconf 88' lang='lat' dir='ltr'><strong>sit</strong></span> <span class='ocrx_word' id='word_1_419' title='bbox 3104 1035 3200 1099; x_wconf 91' lang='lat' dir='ltr'><strong>tui</strong></span> <span class='ocrx_word' id='word_1_420' title='bbox 3240 1033 3482 1101; x_wconf 91' lang='lat' dir='ltr'><strong>iudicii.</strong></span> <span class='ocrx_word' id='word_1_421' title='bbox 3505 1040 3554 1114; x_wconf 79' lang='lat'><strong>⁵)</strong></span> <span class='ocrx_word' id='word_1_422' title='bbox 3642 1035 3814 1101; x_wconf 86' lang='lat' dir='ltr'><strong>Nam</strong></span> <span class='ocrx_word' id='word_1_423' title='bbox 3859 1035 3942 1102; x_wconf 92' lang='lat' dir='ltr'><strong>de</strong></span> <span class='ocrx_word' id='word_1_424' title='bbox 3981 1036 4311 1121; x_wconf 77' lang='lat' dir='ltr'><strong>Dionysio</strong></span> <span class='ocrx_word' id='word_1_425' title='bbox 4353 1035 4671 1103; x_wconf 83' lang='lat' dir='ltr'><strong>Clemen-</strong></span> 
     </span>
     <span class='ocr_line' id='line_1_62' title="bbox 2699 1119 4673 1205; baseline 0.002 -21"><span class='ocrx_word' id='word_1_426' title='bbox 2699 1126 2892 1202; x_wconf 82' lang='lat' dir='ltr'><strong>teque</strong></span> <span class='ocrx_word' id='word_1_427' title='bbox 2955 1120 3262 1186; x_wconf 85' lang='lat' dir='ltr'><strong>Romano</strong></span> <span class='ocrx_word' id='word_1_428' title='bbox 3323 1119 3438 1188; x_wconf 91' lang='lat' dir='ltr'><strong>illo</strong></span> <span class='ocrx_word' id='word_1_429' title='bbox 3500 1131 3569 1188; x_wconf 88' lang='lat' dir='ltr'><strong>et</strong></span> <span class='ocrx_word' id='word_1_430' title='bbox 3624 1122 4021 1205; x_wconf 79' lang='lat' dir='ltr'><strong>apocryphis</strong></span> <span class='ocrx_word' id='word_1_431' title='bbox 4072 1122 4673 1205; x_wconf 83' lang='lat' dir='ltr'><strong>commentitiisque</strong></span> 
     </span>
     <span class='ocr_line' id='line_1_63' title="bbox 2699 1204 4670 1291; baseline 0.003 -22"><span class='ocrx_word' id='word_1_432' title='bbox 2699 1204 3004 1271; x_wconf 84' lang='lat' dir='ltr'><strong>Decretis</strong></span> <span class='ocrx_word' id='word_1_433' title='bbox 3065 1205 3212 1272; x_wconf 88' lang='lat' dir='ltr'><strong>istis</strong></span> <span class='ocrx_word' id='word_1_434' title='bbox 3263 1207 3337 1271; x_wconf 90' lang='lat' dir='ltr'><strong>in</strong></span> <span class='ocrx_word' id='word_1_435' title='bbox 3402 1209 3803 1285; x_wconf 77' lang='lat' dir='ltr'><strong>uuiversum,</strong></span> <span class='ocrx_word' id='word_1_436' title='bbox 3867 1215 3943 1272; x_wconf 88' lang='lat' dir='ltr'><strong>ut</strong></span> <span class='ocrx_word' id='word_1_437' title='bbox 3994 1207 4281 1274; x_wconf 89' lang='lat' dir='ltr'><strong>arbitror</strong></span> <span class='ocrx_word' id='word_1_438' title='bbox 4337 1208 4670 1291; x_wconf 85' lang='lat' dir='ltr'><strong>equidem,</strong></span> 
     </span>
     <span class='ocr_line' id='line_1_64' title="bbox 2699 1290 4675 1375; baseline 0.002 -20"><span class='ocrx_word' id='word_1_439' title='bbox 2699 1310 2910 1373; x_wconf 86' lang='lat' dir='ltr'><strong>paene</strong></span> <span class='ocrx_word' id='word_1_440' title='bbox 2972 1290 3279 1358; x_wconf 89' lang='lat' dir='ltr'><strong>omnibus</strong></span> <span class='ocrx_word' id='word_1_441' title='bbox 3320 1292 3688 1375; x_wconf 87' lang='lat' dir='ltr'><strong>perplacuit</strong></span> <span class='ocrx_word' id='word_1_442' title='bbox 3749 1300 3938 1357; x_wconf 89' lang='lat' dir='ltr'><strong>tuum</strong></span> <span class='ocrx_word' id='word_1_443' title='bbox 3994 1293 4313 1360; x_wconf 90' lang='lat' dir='ltr'><strong>iudicium</strong></span> <span class='ocrx_word' id='word_1_444' title='bbox 4364 1300 4434 1358; x_wconf 89' lang='lat' dir='ltr'><strong>et</strong></span> <span class='ocrx_word' id='word_1_445' title='bbox 4475 1294 4675 1360; x_wconf 88' lang='lat' dir='ltr'><strong>crisis</strong></span> 
     </span>
     <span class='ocr_line' id='line_1_65' title="bbox 2699 1374 4675 1462; baseline 0.002 -22"><span class='ocrx_word' id='word_1_446' title='bbox 2699 1377 2770 1440; x_wconf 92' lang='lat' dir='ltr'><strong>in</strong></span> <span class='ocrx_word' id='word_1_447' title='bbox 2835 1376 3023 1442; x_wconf 89' lang='lat' dir='ltr'><strong>libris</strong></span> <span class='ocrx_word' id='word_1_448' title='bbox 3085 1374 3280 1442; x_wconf 83' lang='lat' dir='ltr'><strong>editis</strong></span> <span class='ocrx_word' id='word_1_449' title='bbox 3343 1377 3476 1443; x_wconf 89' lang='lat' dir='ltr'><strong>tuis</strong></span> <span class='ocrx_word' id='word_1_450' title='bbox 3550 1379 3906 1444; x_wconf 87' lang='lat' dir='ltr'><strong>accerrima</strong></span> <span class='ocrx_word' id='word_1_451' title='bbox 3967 1378 4478 1462; x_wconf 86' lang='lat' dir='ltr'><strong>rectissimaqne.</strong></span> <span class='ocrx_word' id='word_1_452' title='bbox 4574 1379 4675 1444; x_wconf 82' lang='lat' dir='ltr'><strong>Bt</strong></span> 
     </span>
     <span class='ocr_line' id='line_1_66' title="bbox 2699 1461 4675 1550; baseline 0.003 -25"><span class='ocrx_word' id='word_1_453' title='bbox 2699 1461 2875 1525; x_wconf 86' lang='lat' dir='ltr'><strong>idem</strong></span> <span class='ocrx_word' id='word_1_454' title='bbox 2938 1462 3109 1527; x_wconf 90' lang='lat' dir='ltr'><strong>mihi</strong></span> <span class='ocrx_word' id='word_1_455' title='bbox 3179 1483 3320 1528; x_wconf 89' lang='lat' dir='ltr'><strong>sem</strong></span> <span class='ocrx_word' id='word_1_456' title='bbox 3405 1484 3442 1527; x_wconf 91' lang='lat' dir='ltr'><strong>r</strong></span> <span class='ocrx_word' id='word_1_457' title='bbox 3505 1464 3632 1528; x_wconf 84' lang='lat' dir='ltr'><strong>fuit</strong></span> <span class='ocrx_word' id='word_1_458' title='bbox 3693 1463 3912 1530; x_wconf 79' lang='lat' dir='ltr'><strong>visum</strong></span> <span class='ocrx_word' id='word_1_459' title='bbox 3931 1514 3948 1540; x_wconf 87' lang='lat'>‚</span> <span class='ocrx_word' id='word_1_460' title='bbox 4013 1464 4412 1550; x_wconf 85' lang='lat' dir='ltr'><strong>meminique</strong></span> <span class='ocrx_word' id='word_1_461' title='bbox 4454 1463 4675 1531; x_wconf 74' lang='lat' dir='ltr'><strong>Eros-</strong></span> 
     </span>
     <span class='ocr_line' id='line_1_67' title="bbox 2699 1548 4687 1633; baseline 0.003 -22"><span class='ocrx_word' id='word_1_462' title='bbox 2699 1567 2874 1611; x_wconf 72' lang='lat' dir='ltr'><strong>mum</strong></span> <span class='ocrx_word' id='word_1_463' title='bbox 2945 1554 3247 1613; x_wconf 91' lang='lat' dir='ltr'><strong>nostrum</strong></span> <span class='ocrx_word' id='word_1_464' title='bbox 3423 1548 3833 1616; x_wconf 89' lang='lat' dir='ltr'><strong>terodamum</strong></span> <span class='ocrx_word' id='word_1_465' title='bbox 3900 1550 4038 1614; x_wconf 91' lang='lat' dir='ltr'><strong>iam</strong></span> <span class='ocrx_word' id='word_1_466' title='bbox 4100 1550 4262 1615; x_wconf 91' lang='lat' dir='ltr'><strong>olim</strong></span> <span class='ocrx_word' id='word_1_467' title='bbox 4275 1601 4293 1631; x_wconf 94' lang='lat'><strong>,</strong></span> <span class='ocrx_word' id='word_1_468' title='bbox 4359 1572 4479 1633; x_wconf 87' lang='lat' dir='ltr'><strong>pro</strong></span> <span class='ocrx_word' id='word_1_469' title='bbox 4522 1571 4687 1617; x_wconf 77' lang='lat' dir='ltr'><strong>cen·</strong></span> 
     </span>
     <span class='ocr_line' id='line_1_68' title="bbox 2699 1634 4684 1719; baseline 0.003 -22"><span class='ocrx_word' id='word_1_470' title='bbox 2699 1653 2862 1698; x_wconf 90' lang='lat' dir='ltr'><strong>sura</strong></span> <span class='ocrx_word' id='word_1_471' title='bbox 2925 1642 2993 1698; x_wconf 89' lang='lat' dir='ltr'><strong>et</strong></span> <span class='ocrx_word' id='word_1_472' title='bbox 3050 1654 3212 1699; x_wconf 89' lang='lat' dir='ltr'><strong>naso</strong></span> <span class='ocrx_word' id='word_1_473' title='bbox 3270 1655 3389 1701; x_wconf 89' lang='lat' dir='ltr'><strong>suo</strong></span> <span class='ocrx_word' id='word_1_474' title='bbox 3446 1634 3910 1719; x_wconf 85' lang='lat' dir='ltr'><strong>stomachoque</strong></span> <span class='ocrx_word' id='word_1_475' title='bbox 3966 1634 4416 1703; x_wconf 88' lang='lat' dir='ltr'><strong>timidiuscule</strong></span> <span class='ocrx_word' id='word_1_476' title='bbox 4481 1636 4684 1702; x_wconf 86' lang='lat' dir='ltr'><strong>illum</strong></span> 
     </span>
     <span class='ocr_line' id='line_1_69' title="bbox 2699 1717 4682 1804; baseline 0.002 -21"><span class='ocrx_word' id='word_1_477' title='bbox 2699 1717 2983 1800; x_wconf 89' lang='lat' dir='ltr'><strong>quidem,</strong></span> <span class='ocrx_word' id='word_1_478' title='bbox 3028 1726 3107 1783; x_wconf 86' lang='lat' dir='ltr'><strong>ut</strong></span> <span class='ocrx_word' id='word_1_479' title='bbox 3148 1718 3400 1785; x_wconf 87' lang='lat' dir='ltr'><strong>solebat</strong></span> <span class='ocrx_word' id='word_1_480' title='bbox 3416 1771 3432 1798; x_wconf 89' lang='lat'><strong>,</strong></span> <span class='ocrx_word' id='word_1_481' title='bbox 3478 1730 3547 1785; x_wconf 88' lang='lat' dir='ltr'><strong>et</strong></span> <span class='ocrx_word' id='word_1_482' title='bbox 3588 1720 4089 1804; x_wconf 88' lang='lat' dir='ltr'><strong>circumspecte,</strong></span> <span class='ocrx_word' id='word_1_483' title='bbox 4133 1742 4292 1787; x_wconf 80' lang='lat' dir='ltr'><strong>vere</strong></span> <span class='ocrx_word' id='word_1_484' title='bbox 4334 1731 4564 1787; x_wconf 84' lang='lat' dir='ltr'><strong>tamen</strong></span> <span class='ocrx_word' id='word_1_485' title='bbox 4609 1730 4682 1787; x_wconf 85' lang='lat' dir='ltr'><strong>et</strong></span> 
     </span>
     <span class='ocr_line' id='line_1_70' title="bbox 2699 1802 4672 1875; baseline 0.005 -9"><span class='ocrx_word' id='word_1_486' title='bbox 2699 1804 2982 1869; x_wconf 81' lang='lat' dir='ltr'><strong>exsertis</strong></span> <span class='ocrx_word' id='word_1_487' title='bbox 3033 1802 3392 1870; x_wconf 84' lang='lat' dir='ltr'><strong>admodum</strong></span> <span class='ocrx_word' id='word_1_488' title='bbox 3457 1805 3681 1871; x_wconf 81' lang='lat' dir='ltr'><strong>verbis</strong></span> <span class='ocrx_word' id='word_1_489' title='bbox 3739 1805 3862 1872; x_wconf 89' lang='lat' dir='ltr'><strong>hoc</strong></span> <span class='ocrx_word' id='word_1_490' title='bbox 3917 1807 4016 1872; x_wconf 88' lang='lat' dir='ltr'><strong>ita</strong></span> <span class='ocrx_word' id='word_1_491' title='bbox 4072 1808 4276 1872; x_wconf 81' lang='lat' dir='ltr'><strong>etiam</strong></span> <span class='ocrx_word' id='word_1_492' title='bbox 4317 1806 4672 1875; x_wconf 80' lang='lat' dir='ltr'><strong>iudicasse.</strong></span> 
     </span>
     <span class='ocr_line' id='line_1_71' title="bbox 2700 1887 4673 1977; baseline 0.002 -23"><span class='ocrx_word' id='word_1_493' title='bbox 2700 1887 2895 1968; x_wconf 79' lang='lat' dir='ltr'><strong>Quod</strong></span> <span class='ocrx_word' id='word_1_494' title='bbox 2933 1899 3000 1954; x_wconf 91' lang='lat' dir='ltr'><strong>et</strong></span> <span class='ocrx_word' id='word_1_495' title='bbox 3052 1889 3124 1954; x_wconf 90' lang='lat' dir='ltr'><strong>in</strong></span> <span class='ocrx_word' id='word_1_496' title='bbox 3164 1891 3568 1974; x_wconf 86' lang='lat' dir='ltr'><strong>praefatione</strong></span> <span class='ocrx_word' id='word_1_497' title='bbox 3622 1890 3908 1974; x_wconf 85' lang='lat' dir='ltr'><strong>quadam</strong></span> <span class='ocrx_word' id='word_1_498' title='bbox 3972 1893 4046 1957; x_wconf 90' lang='lat' dir='ltr'><strong>in</strong></span> <span class='ocrx_word' id='word_1_499' title='bbox 4089 1892 4673 1977; x_wconf 77' lang='lat' dir='ltr'><strong>Chrysostomum,</strong></span> 
     </span>
     <span class='ocr_line' id='line_1_72' title="bbox 2700 1973 4116 2059; baseline 0.004 -21"><span class='ocrx_word' id='word_1_500' title='bbox 2700 1976 2771 2038; x_wconf 91' lang='lat' dir='ltr'><strong>ui</strong></span> <span class='ocrx_word' id='word_1_501' title='bbox 2813 1973 3022 2051; x_wconf 81' lang='lat' dir='ltr'><strong>fallor,</strong></span> <span class='ocrx_word' id='word_1_502' title='bbox 3067 1976 3314 2059; x_wconf 83' lang='lat' dir='ltr'><strong>scripta</strong></span> <span class='ocrx_word' id='word_1_503' title='bbox 3352 1977 3554 2042; x_wconf 89' lang='lat' dir='ltr'><strong>etiam</strong></span> <span class='ocrx_word' id='word_1_504' title='bbox 3597 1984 3700 2042; x_wconf 86' lang='lat' dir='ltr'><strong>est</strong></span> <span class='ocrx_word' id='word_1_505' title='bbox 3742 1985 4038 2043; x_wconf 83' lang='lat' dir='ltr'><strong>testatus.</strong></span> <span class='ocrx_word' id='word_1_506' title='bbox 4063 1981 4116 2056; x_wconf 76' lang='lat'><strong>⁸)</strong></span> 
     </span>
    </p>

    <p class='ocr_par' dir='ltr' id='par_1_8' title="bbox 2689 2059 4673 2832">
     <span class='ocr_line' id='line_1_73' title="bbox 2881 2059 4673 2145; baseline 0.002 -18"><span class='ocrx_word' id='word_1_507' title='bbox 2881 2059 3196 2127; x_wconf 77' lang='lat' dir='ltr'><strong>Osiander</strong></span> <span class='ocrx_word' id='word_1_508' title='bbox 3261 2062 3376 2145; x_wconf 89' lang='lat' dir='ltr'><strong>qui</strong></span> <span class='ocrx_word' id='word_1_509' title='bbox 3431 2062 3760 2145; x_wconf 87' lang='lat' dir='ltr'><strong>persuasit</strong></span> <span class='ocrx_word' id='word_1_510' title='bbox 3835 2071 3907 2129; x_wconf 89' lang='lat' dir='ltr'><strong>et</strong></span> <span class='ocrx_word' id='word_1_511' title='bbox 3968 2061 4098 2129; x_wconf 89' lang='lat' dir='ltr'><strong>sihi</strong></span> <span class='ocrx_word' id='word_1_512' title='bbox 4165 2074 4237 2128; x_wconf 88' lang='lat' dir='ltr'><strong>et</strong></span> <span class='ocrx_word' id='word_1_513' title='bbox 4299 2063 4673 2130; x_wconf 78' lang='lat' dir='ltr'><strong>Pruthenis</strong></span> 
     </span>
     <span class='ocr_line' id='line_1_74' title="bbox 2695 2143 4671 2229; baseline 0.003 -19"><span class='ocrx_word' id='word_1_514' title='bbox 2695 2143 3092 2228; x_wconf 90' lang='lat' dir='ltr'><strong>quibusdam</strong></span> <span class='ocrx_word' id='word_1_515' title='bbox 3135 2168 3206 2212; x_wconf 91' lang='lat' dir='ltr'><strong>se</strong></span> <span class='ocrx_word' id='word_1_516' title='bbox 3261 2147 3474 2213; x_wconf 92' lang='lat' dir='ltr'><strong>solum</strong></span> <span class='ocrx_word' id='word_1_517' title='bbox 3518 2147 3800 2213; x_wconf 87' lang='lat' dir='ltr'><strong>alterum</strong></span> <span class='ocrx_word' id='word_1_518' title='bbox 3852 2168 4032 2215; x_wconf 91' lang='lat' dir='ltr'><strong>nunc</strong></span> <span class='ocrx_word' id='word_1_519' title='bbox 4073 2169 4218 2215; x_wconf 87' lang='lat' dir='ltr'><strong>esse</strong></span> <span class='ocrx_word' id='word_1_520' title='bbox 4259 2149 4671 2229; x_wconf 80' lang='lat' dir='ltr'><strong>Lutherum,</strong></span> 
     </span>
     <span class='ocr_line' id='line_1_75' title="bbox 2697 2232 4673 2319; baseline 0.004 -23"><span class='ocrx_word' id='word_1_521' title='bbox 2697 2237 2816 2296; x_wconf 86' lang='lat' dir='ltr'><strong>aut</strong></span> <span class='ocrx_word' id='word_1_522' title='bbox 2856 2232 3171 2297; x_wconf 84' lang='lat' dir='ltr'><strong>maiorem</strong></span> <span class='ocrx_word' id='word_1_523' title='bbox 3217 2233 3415 2298; x_wconf 85' lang='lat' dir='ltr'><strong>etiam</strong></span> <span class='ocrx_word' id='word_1_524' title='bbox 3456 2233 3701 2312; x_wconf 89' lang='lat' dir='ltr'><strong>multo,</strong></span> <span class='ocrx_word' id='word_1_525' title='bbox 3759 2254 3962 2316; x_wconf 90' lang='lat' dir='ltr'><strong>quum</strong></span> <span class='ocrx_word' id='word_1_526' title='bbox 4005 2234 4269 2319; x_wconf 85' lang='lat' dir='ltr'><strong>linguas</strong></span> <span class='ocrx_word' id='word_1_527' title='bbox 4323 2243 4392 2299; x_wconf 90' lang='lat' dir='ltr'><strong>et</strong></span> <span class='ocrx_word' id='word_1_528' title='bbox 4431 2235 4673 2302; x_wconf 74' lang='lat' dir='ltr'><strong>literu-</strong></span> 
     </span>
     <span class='ocr_line' id='line_1_76' title="bbox 2698 2317 4673 2404; baseline 0.004 -23"><span class='ocrx_word' id='word_1_529' title='bbox 2698 2317 2798 2381; x_wconf 90' lang='lat' dir='ltr'><strong>las</strong></span> <span class='ocrx_word' id='word_1_530' title='bbox 2833 2337 2990 2382; x_wconf 90' lang='lat' dir='ltr'><strong>suas</strong></span> <span class='ocrx_word' id='word_1_531' title='bbox 3023 2318 3310 2401; x_wconf 88' lang='lat' dir='ltr'><strong>respicit,</strong></span> <span class='ocrx_word' id='word_1_532' title='bbox 3347 2318 3687 2402; x_wconf 87' lang='lat' dir='ltr'><strong>propalam</strong></span> <span class='ocrx_word' id='word_1_533' title='bbox 3721 2327 3955 2385; x_wconf 81' lang='lat' dir='ltr'><strong>contra</strong></span> <span class='ocrx_word' id='word_1_534' title='bbox 3987 2340 4104 2386; x_wconf 77' lang='lat' dir='ltr'><strong>vos</strong></span> <span class='ocrx_word' id='word_1_535' title='bbox 4138 2341 4391 2404; x_wconf 89' lang='lat' dir='ltr'><strong>nosque</strong></span> <span class='ocrx_word' id='word_1_536' title='bbox 4426 2341 4673 2388; x_wconf 85' lang='lat' dir='ltr'><strong>omnes</strong></span> 
     </span>
     <span class='ocr_line' id='line_1_77' title="bbox 2697 2402 4673 2484; baseline 0.004 -17"><span class='ocrx_word' id='word_1_537' title='bbox 2697 2403 2948 2468; x_wconf 86' lang='lat' dir='ltr'><strong>insanit</strong></span> <span class='ocrx_word' id='word_1_538' title='bbox 3005 2413 3075 2468; x_wconf 91' lang='lat' dir='ltr'><strong>et</strong></span> <span class='ocrx_word' id='word_1_539' title='bbox 3143 2402 3588 2470; x_wconf 84' lang='lat' dir='ltr'><strong>debacchatur</strong></span> <span class='ocrx_word' id='word_1_540' title='bbox 3656 2403 4129 2473; x_wconf 84' lang='lat' dir='ltr'><strong>incredibiliter</strong></span> <span class='ocrx_word' id='word_1_541' title='bbox 4145 2456 4162 2484; x_wconf 90' lang='lat'><strong>,</strong></span> <span class='ocrx_word' id='word_1_542' title='bbox 4224 2405 4320 2470; x_wconf 87' lang='lat' dir='ltr'><strong>ita</strong></span> <span class='ocrx_word' id='word_1_543' title='bbox 4385 2415 4464 2471; x_wconf 87' lang='lat' dir='ltr'><strong>ut</strong></span> <span class='ocrx_word' id='word_1_544' title='bbox 4527 2428 4673 2474; x_wconf 85' lang='lat' dir='ltr'><strong>neu</strong></span> 
     </span>
     <span class='ocr_line' id='line_1_78' title="bbox 2701 2485 4670 2573; baseline 0.003 -21"><span class='ocrx_word' id='word_1_545' title='bbox 2701 2485 3018 2571; x_wconf 70' lang='lat' dir='ltr'><strong>qulenm</strong></span> <span class='ocrx_word' id='word_1_546' title='bbox 3037 2490 3094 2568; x_wconf 81' lang='grc'><strong>7)</strong></span> <span class='ocrx_word' id='word_1_547' title='bbox 3148 2488 3342 2556; x_wconf 91' lang='lat' dir='ltr'><strong>modo</strong></span> <span class='ocrx_word' id='word_1_548' title='bbox 3394 2487 3510 2556; x_wconf 88' lang='lat' dir='ltr'><strong>sed</strong></span> <span class='ocrx_word' id='word_1_549' title='bbox 3564 2498 3632 2556; x_wconf 87' lang='lat' dir='ltr'><strong>et</strong></span> <span class='ocrx_word' id='word_1_550' title='bbox 3689 2490 4062 2573; x_wconf 55' lang='lat' dir='ltr'><strong>Pham</strong></span> <span class='ocrx_word' id='word_1_551' title='bbox 4117 2502 4188 2556; x_wconf 91' lang='lat' dir='ltr'><strong>et</strong></span> <span class='ocrx_word' id='word_1_552' title='bbox 4243 2491 4670 2558; x_wconf 84' lang='lat' dir='ltr'><strong>demortuum</strong></span> 
     </span>
     <span class='ocr_line' id='line_1_79' title="bbox 2690 2571 4671 2660; baseline 0.003 -21"><span class='ocrx_word' id='word_1_553' title='bbox 2690 2571 2852 2638; x_wconf 87' lang='lat' dir='ltr'><strong>adeo</strong></span> <span class='ocrx_word' id='word_1_554' title='bbox 2891 2574 3095 2639; x_wconf 90' lang='lat' dir='ltr'><strong>etiam</strong></span> <span class='ocrx_word' id='word_1_555' title='bbox 3142 2574 3547 2659; x_wconf 73' lang='lat' dir='ltr'><strong>Graciyerum</strong></span> <span class='ocrx_word' id='word_1_556' title='bbox 3560 2575 3620 2660; x_wconf 79' lang='lat'><strong>⁸)</strong></span> <span class='ocrx_word' id='word_1_557' title='bbox 3665 2576 4055 2641; x_wconf 89' lang='lat' dir='ltr'><strong>nominatim</strong></span> <span class='ocrx_word' id='word_1_558' title='bbox 4094 2577 4481 2659; x_wconf 79' lang='lat' dir='ltr'><strong>proscindat.</strong></span> <span class='ocrx_word' id='word_1_559' title='bbox 4522 2579 4671 2645; x_wconf 88' lang='lat' dir='ltr'><strong>foe-</strong></span> 
     </span>
     <span class='ocr_line' id='line_1_80' title="bbox 2690 2658 4668 2748; baseline 0.005 -25"><span class='ocrx_word' id='word_1_560' title='bbox 2690 2658 2976 2725; x_wconf 90' lang='lat' dir='ltr'><strong>dissime.</strong></span> <span class='ocrx_word' id='word_1_561' title='bbox 3065 2659 3390 2741; x_wconf 78' lang='lat' dir='ltr'><strong>Quamvis</strong></span> <span class='ocrx_word' id='word_1_562' title='bbox 3433 2659 3556 2725; x_wconf 90' lang='lat' dir='ltr'><strong>sub</strong></span> <span class='ocrx_word' id='word_1_563' title='bbox 3598 2661 3722 2726; x_wconf 89' lang='lat' dir='ltr'><strong>has</strong></span> <span class='ocrx_word' id='word_1_564' title='bbox 3779 2681 4039 2745; x_wconf 90' lang='lat' dir='ltr'><strong>quoque</strong></span> <span class='ocrx_word' id='word_1_565' title='bbox 4093 2661 4431 2729; x_wconf 85' lang='lat' dir='ltr'><strong>nundinas</strong></span> <span class='ocrx_word' id='word_1_566' title='bbox 4475 2663 4668 2748; x_wconf 67' lang='lat' dir='ltr'><strong>lega-</strong></span> 
     </span>
     <span class='ocr_line' id='line_1_81' title="bbox 2689 2745 4668 2832; baseline 0.004 -25"><span class='ocrx_word' id='word_1_567' title='bbox 2689 2751 2798 2809; x_wconf 86' lang='lat' dir='ltr'><strong>tus</strong></span> <span class='ocrx_word' id='word_1_568' title='bbox 2864 2745 2947 2811; x_wconf 89' lang='lat' dir='ltr'><strong>ab</strong></span> <span class='ocrx_word' id='word_1_569' title='bbox 3018 2746 3227 2828; x_wconf 87' lang='lat' dir='ltr'><strong>ipsius</strong></span> <span class='ocrx_word' id='word_1_570' title='bbox 3297 2748 3593 2829; x_wconf 89' lang='lat' dir='ltr'><strong>principe</strong></span> <span class='ocrx_word' id='word_1_571' title='bbox 3654 2748 3771 2812; x_wconf 88' lang='lat' dir='ltr'><strong>Dr.</strong></span> <span class='ocrx_word' id='word_1_572' title='bbox 3846 2748 4196 2830; x_wconf 73' lang='lat' dir='ltr'><strong>Aurifaber</strong></span> <span class='ocrx_word' id='word_1_573' title='bbox 4213 2749 4271 2830; x_wconf 74' lang='grc' dir='ltr'><strong>ο)</strong></span> <span class='ocrx_word' id='word_1_574' title='bbox 4341 2748 4668 2832; x_wconf 77' lang='lat' dir='ltr'><strong>physicus</strong></span> 
     </span>
    </p>
   </div>
   <div class='ocr_carea' id='block_1_6' title="bbox 2690 2998 4669 3345">
    <p class='ocr_par' dir='ltr' id='par_1_9' title="bbox 2690 2998 4669 3345">
     <span class='ocr_line' id='line_1_82' title="bbox 2904 2998 4669 3084; baseline 0.003 -31"><span class='ocrx_word' id='word_1_575' title='bbox 2904 2998 2964 3067; x_wconf 93' lang='grc'><strong>5)</strong></span> <span class='ocrx_word' id='word_1_576' title='bbox 3002 2999 3091 3056; x_wconf 78' lang='lat' dir='ltr'><strong>De</strong></span> <span class='ocrx_word' id='word_1_577' title='bbox 3133 3000 3519 3056; x_wconf 59' lang='lat' dir='ltr'><strong>Alexandriam</strong></span> <span class='ocrx_word' id='word_1_578' title='bbox 3574 3001 3715 3081; x_wconf 54' lang='lat' dir='ltr'><strong>nibil</strong></span> <span class='ocrx_word' id='word_1_579' title='bbox 3755 3002 4230 3084; x_wconf 50' lang='lat' dir='ltr'><strong>apudNosmm</strong></span> <span class='ocrx_word' id='word_1_580' title='bbox 4280 3003 4509 3073; x_wconf 67' lang='grc' dir='ltr'>Ζορὲιιωε</span> <span class='ocrx_word' id='word_1_581' title='bbox 4559 3008 4669 3075; x_wconf 74' lang='lat' dir='ltr'><strong>qui</strong></span> 
     </span>
     <span class='ocr_line' id='line_1_83' title="bbox 2690 3069 4668 3154; baseline 0.004 -32"><span class='ocrx_word' id='word_1_582' title='bbox 2690 3070 2904 3138; x_wconf 67' lang='lat' dir='ltr'><strong>passim</strong></span> <span class='ocrx_word' id='word_1_583' title='bbox 2949 3071 3070 3123; x_wconf 74' lang='lat' dir='ltr'><strong>eius</strong></span> <span class='ocrx_word' id='word_1_584' title='bbox 3111 3085 3306 3123; x_wconf 71' lang='lat' dir='ltr'><strong>nomeu</strong></span> <span class='ocrx_word' id='word_1_585' title='bbox 3342 3069 3560 3152; x_wconf 59' lang='lat' dir='ltr'><strong>profert</strong></span> <span class='ocrx_word' id='word_1_586' title='bbox 3601 3084 3722 3124; x_wconf 71' lang='lat' dir='ltr'><strong>m</strong></span> <span class='ocrx_word' id='word_1_587' title='bbox 3763 3070 3988 3125; x_wconf 68' lang='lat' dir='ltr'><strong>masao.</strong></span> <span class='ocrx_word' id='word_1_588' title='bbox 4072 3070 4387 3154; x_wconf 43' lang='grc' dir='ltr'>..Ἐπιφανῆ</span> <span class='ocrx_word' id='word_1_589' title='bbox 4430 3079 4668 3143; x_wconf 66' lang='lat' dir='ltr'><strong>saepiu</strong></span> 
     </span>
     <span class='ocr_line' id='line_1_84' title="bbox 2695 3142 4664 3288; baseline 0.005 -29"><span class='ocrx_word' id='word_1_590' title='bbox 2695 3143 2949 3261; x_wconf 41' lang='grc' dir='ltr'><strong>φημ’</strong></span> <span class='ocrx_word' id='word_1_591' title='bbox 2903 3153 3169 3261; x_wconf 46' lang='lat'><strong>⁸²¹3&amp;</strong></span> <span class='ocrx_word' id='word_1_592' title='bbox 3165 3247 3182 3274; x_wconf 89' lang='lat'><strong>,</strong></span> <span class='ocrx_word' id='word_1_593' title='bbox 3287 3144 4201 3288; x_wconf 53' lang='grc' dir='ltr'><strong>,δ’ἴῖἝιῗῖὲῖῗἯόοῗΡῗνῖἴῗ</strong></span> <span class='ocrx_word' id='word_1_594' title='bbox 4221 3142 4525 3264; x_wconf 44' lang='grc' dir='ltr'><strong>,θ”ὓῗ</strong></span> <span class='ocrx_word' id='word_1_595' title='bbox 4541 3142 4664 3268; x_wconf 59' lang='lat'><strong>1⁶}</strong></span> 
     </span>
     <span class='ocr_line' id='line_1_85' title="bbox 2693 3273 4662 3345; baseline 0.002 -17"><span class='ocrx_word' id='word_1_596' title='bbox 2693 3273 2800 3328; x_wconf 85' lang='grc'><strong>536</strong></span> <span class='ocrx_word' id='word_1_597' title='bbox 2844 3280 2939 3329; x_wconf 73' lang='lat' dir='ltr'><strong>ete.</strong></span> <span class='ocrx_word' id='word_1_598' title='bbox 3021 3274 3117 3330; x_wconf 80' lang='lat' dir='ltr'><strong>Ita</strong></span> <span class='ocrx_word' id='word_1_599' title='bbox 3172 3281 3335 3330; x_wconf 67' lang='lat' dir='ltr'><strong>euasi</strong></span> <span class='ocrx_word' id='word_1_600' title='bbox 3382 3275 3771 3345; x_wconf 66' lang='lat' dir='ltr'><strong>Areopayetam</strong></span> <span class='ocrx_word' id='word_1_601' title='bbox 3829 3275 3968 3332; x_wconf 85' lang='lat' dir='ltr'><strong><em>VII.</em></strong></span> <span class='ocrx_word' id='word_1_602' title='bbox 4015 3275 4120 3330; x_wconf 91' lang='grc'><strong>656</strong></span> <span class='ocrx_word' id='word_1_603' title='bbox 4176 3285 4229 3333; x_wconf 75' lang='lat' dir='ltr'><strong>st</strong></span> <span class='ocrx_word' id='word_1_604' title='bbox 4272 3277 4514 3335; x_wconf 73' lang='lat' dir='ltr'><strong>Decreta</strong></span> <span class='ocrx_word' id='word_1_605' title='bbox 4559 3279 4662 3334; x_wconf 81' lang='grc' dir='ltr'><strong>ΙΙ.</strong></span> 
     </span>
    </p>
   </div>
   <div class='ocr_carea' id='block_1_7' title="bbox 2689 3359 4662 5076">
    <p class='ocr_par' dir='ltr' id='par_1_10' title="bbox 2689 3359 4662 5076">
     <span class='ocr_line' id='line_1_86' title="bbox 2831 3359 4662 3473; baseline 0.004 -9"><span class='ocrx_word' id='word_1_606' title='bbox 2831 3359 2959 3473; x_wconf 54' lang='lat' dir='ltr'><strong>⁸⁶ss</strong></span> <span class='ocrx_word' id='word_1_607' title='bbox 2991 3410 3262 3466; x_wconf 71' lang='lat' dir='ltr'><strong>Erasmus</strong></span> <span class='ocrx_word' id='word_1_608' title='bbox 3294 3410 3468 3466; x_wconf 72' lang='lat' dir='ltr'><strong>edidit</strong></span> <span class='ocrx_word' id='word_1_609' title='bbox 3968 3429 4022 3469; x_wconf 81' lang='lat' dir='ltr'><strong>a.</strong></span> <span class='ocrx_word' id='word_1_610' title='bbox 4041 3413 4181 3468; x_wconf 84' lang='grc'><strong>1530</strong></span> <span class='ocrx_word' id='word_1_611' title='bbox 4279 3454 4293 3470; x_wconf 91' lang='grc'><strong>.</strong></span> <span class='ocrx_word' id='word_1_612' title='bbox 4313 3415 4662 3471; x_wconf 60' lang='lat' dir='ltr'><strong>stolam</strong></span> 
     </span>
     <span class='ocr_line' id='line_1_87' title="bbox 2693 3431 4658 3604; baseline 0.004 -72"><span class='ocrx_word' id='word_1_613' title='bbox 2693 3478 3218 3604; x_wconf 52' lang='lat' dir='ltr'><strong>mifwaweam</strong></span> <span class='ocrx_word' id='word_1_614' title='bbox 3264 3486 3495 3535; x_wconf 75' lang='lat' dir='ltr'><strong>enarrat</strong></span> <span class='ocrx_word' id='word_1_615' title='bbox 3539 3482 3602 3535; x_wconf 74' lang='lat' dir='ltr'><strong>in</strong></span> <span class='ocrx_word' id='word_1_616' title='bbox 3651 3480 3800 3550; x_wconf 78' lang='lat' dir='ltr'><strong>Epp.</strong></span> <span class='ocrx_word' id='word_1_617' title='bbox 3852 3480 3990 3551; x_wconf 79' lang='lat' dir='ltr'><strong>Opp.</strong></span> <span class='ocrx_word' id='word_1_618' title='bbox 4040 3482 4166 3537; x_wconf 89' lang='lat'><em>111.</em></span> <span class='ocrx_word' id='word_1_619' title='bbox 4201 3431 4282 3538; x_wconf 53' lang='grc' dir='ltr'><strong>αἰ</strong></span> <span class='ocrx_word' id='word_1_620' title='bbox 4316 3482 4353 3536; x_wconf 78' lang='grc'>2</span> <span class='ocrx_word' id='word_1_621' title='bbox 4390 3500 4458 3554; x_wconf 75' lang='lat' dir='ltr'><strong>p.</strong></span> <span class='ocrx_word' id='word_1_622' title='bbox 4494 3483 4658 3540; x_wconf 76' lang='lat'><strong>1532.</strong></span> 
     </span>
     <span class='ocr_line' id='line_1_88' title="bbox 2899 3615 4660 3686; baseline 0.004 -17"><span class='ocrx_word' id='word_1_623' title='bbox 2899 3615 2957 3685; x_wconf 85' lang='grc'><strong>7)</strong></span> <span class='ocrx_word' id='word_1_624' title='bbox 2994 3615 3326 3672; x_wconf 67' lang='lat' dir='ltr'><strong>Bes-nardus</strong></span> <span class='ocrx_word' id='word_1_625' title='bbox 3358 3615 3569 3686; x_wconf 74' lang='lat' dir='ltr'><strong>Zieqler</strong></span> <span class='ocrx_word' id='word_1_626' title='bbox 3603 3617 3920 3685; x_wconf 70' lang='lat' dir='ltr'><strong>Misnensis,</strong></span> <span class='ocrx_word' id='word_1_627' title='bbox 3954 3625 4122 3674; x_wconf 68' lang='lat' dir='ltr'><strong>natus</strong></span> <span class='ocrx_word' id='word_1_628' title='bbox 4155 3636 4209 3674; x_wconf 83' lang='lat' dir='ltr'><strong>a.</strong></span> <span class='ocrx_word' id='word_1_629' title='bbox 4244 3619 4382 3674; x_wconf 79' lang='lat'>1496</span> <span class='ocrx_word' id='word_1_630' title='bbox 4416 3620 4660 3676; x_wconf 65' lang='lat' dir='ltr'><strong>dandum</strong></span> 
     </span>
     <span class='ocr_line' id='line_1_89' title="bbox 2692 3683 4658 3755; baseline 0.003 -16"><span class='ocrx_word' id='word_1_631' title='bbox 2692 3683 2859 3751; x_wconf 76' lang='lat'><strong>1552,</strong></span> <span class='ocrx_word' id='word_1_632' title='bbox 2898 3685 3048 3755; x_wconf 77' lang='lat' dir='ltr'><strong>prof.</strong></span> <span class='ocrx_word' id='word_1_633' title='bbox 3091 3688 3126 3740; x_wconf 84' lang='lat' dir='ltr'><strong>l.</strong></span> <span class='ocrx_word' id='word_1_634' title='bbox 3173 3686 3317 3740; x_wconf 76' lang='lat' dir='ltr'><strong>hebr.</strong></span> <span class='ocrx_word' id='word_1_635' title='bbox 3369 3686 3680 3754; x_wconf 73' lang='lat' dir='ltr'><strong>Lipsiensis</strong></span> <span class='ocrx_word' id='word_1_636' title='bbox 3723 3685 3886 3753; x_wconf 84' lang='lat'><strong>1541,</strong></span> <span class='ocrx_word' id='word_1_637' title='bbox 3943 3687 4382 3744; x_wconf 54' lang='lat' dir='ltr'><strong>Melam-,historiis</strong></span> <span class='ocrx_word' id='word_1_638' title='bbox 4440 3691 4658 3745; x_wconf 65' lang='lat' dir='ltr'><strong>anius</strong></span> 
     </span>
     <span class='ocr_line' id='line_1_90' title="bbox 2691 3753 4130 3824; baseline -0.001 -15"><span class='ocrx_word' id='word_1_639' title='bbox 2691 3754 3041 3818; x_wconf 69' lang='lat' dir='ltr'><strong>(Gmnerarii</strong></span> <span class='ocrx_word' id='word_1_640' title='bbox 3082 3753 3211 3809; x_wconf 69' lang='lat' dir='ltr'><strong>Vita</strong></span> <span class='ocrx_word' id='word_1_641' title='bbox 3251 3754 3376 3808; x_wconf 76' lang='lat' dir='ltr'><strong>Mel.</strong></span> <span class='ocrx_word' id='word_1_642' title='bbox 3411 3754 3495 3809; x_wconf 73' lang='lat' dir='ltr'><strong>ed.</strong></span> <span class='ocrx_word' id='word_1_643' title='bbox 3537 3754 3746 3810; x_wconf 72' lang='lat' dir='ltr'><strong>Strobel</strong></span> <span class='ocrx_word' id='word_1_644' title='bbox 3774 3772 3832 3824; x_wconf 81' lang='lat' dir='ltr'><strong>p.</strong></span> <span class='ocrx_word' id='word_1_645' title='bbox 3867 3754 3951 3808; x_wconf 83' lang='lat'><strong>70.</strong></span> <span class='ocrx_word' id='word_1_646' title='bbox 3985 3756 4130 3820; x_wconf 85' lang='lat'><strong>311.)</strong></span> 
     </span>
     <span class='ocr_line' id='line_1_91' title="bbox 2898 3823 4659 3895; baseline 0.002 -17"><span class='ocrx_word' id='word_1_647' title='bbox 2898 3823 2959 3889; x_wconf 87' lang='grc'><strong>8)</strong></span> <span class='ocrx_word' id='word_1_648' title='bbox 2999 3823 3217 3890; x_wconf 58' lang='lat' dir='ltr'><strong>Caspai·</strong></span> <span class='ocrx_word' id='word_1_649' title='bbox 3254 3823 3512 3892; x_wconf 70' lang='lat' dir='ltr'><strong>Graciqer</strong></span> <span class='ocrx_word' id='word_1_650' title='bbox 3546 3824 3874 3892; x_wconf 73' lang='lat' dir='ltr'><strong>Lipsiensis,</strong></span> <span class='ocrx_word' id='word_1_651' title='bbox 3910 3826 4055 3892; x_wconf 74' lang='lat' dir='ltr'><strong>prof.</strong></span> <span class='ocrx_word' id='word_1_652' title='bbox 4092 3827 4249 3882; x_wconf 70' lang='lat' dir='ltr'><strong>theol.</strong></span> <span class='ocrx_word' id='word_1_653' title='bbox 4292 3825 4659 3895; x_wconf 66' lang='lat' dir='ltr'><strong>Wittobm</strong></span> 
     </span>
     <span class='ocr_line' id='line_1_92' title="bbox 2692 3892 4659 3952; baseline 0.003 -5"><span class='ocrx_word' id='word_1_654' title='bbox 2692 3892 3412 3947; x_wconf 56' lang='lat' dir='ltr'><strong>ahmeinona-ndu</strong></span> <span class='ocrx_word' id='word_1_655' title='bbox 3455 3892 3512 3944; x_wconf 88' lang='lat' dir='ltr'><strong>S.</strong></span> <span class='ocrx_word' id='word_1_656' title='bbox 3556 3892 3964 3948; x_wconf 65' lang='grc' dir='ltr'><strong>ἃοσοπεαιῖε</strong></span> <span class='ocrx_word' id='word_1_657' title='bbox 4021 3896 4184 3949; x_wconf 73' lang='lat' dir='ltr'><strong>etium</strong></span> <span class='ocrx_word' id='word_1_658' title='bbox 4223 3895 4659 3952; x_wconf 66' lang='grc' dir='ltr'>Οαῖυίηοοιοῠω</span> 
     </span>
     <span class='ocr_line' id='line_1_93' title="bbox 2731 3934 4625 4095; baseline 0.003 -11"><span class='ocrx_word' id='word_1_659' title='bbox 2731 3961 3050 4084; x_wconf 46' lang='lat' dir='ltr'><strong>ww&amp;</strong></span> <span class='ocrx_word' id='word_1_660' title='bbox 3082 3979 3270 4082; x_wconf 71' lang='lat'><strong>1548.⁹</strong></span> <span class='ocrx_word' id='word_1_661' title='bbox 3304 3960 3611 4095; x_wconf 42' lang='lat' dir='ltr'><strong>&amp;ambelffi</strong></span> <span class='ocrx_word' id='word_1_662' title='bbox 3648 4030 3682 4081; x_wconf 86' lang='grc' dir='ltr'>ι.</span> <span class='ocrx_word' id='word_1_663' title='bbox 3718 3934 4244 4086; x_wconf 50' lang='lat' dir='ltr'><strong>uf‘aeffoessffi</strong></span> <span class='ocrx_word' id='word_1_664' title='bbox 4287 3966 4445 4088; x_wconf 65' lang='lat' dir='ltr'><strong>{2an</strong></span> <span class='ocrx_word' id='word_1_665' title='bbox 4476 4033 4625 4089; x_wconf 61' lang='lat' dir='ltr'><strong>maoz</strong></span> 
     </span>
     <span class='ocr_line' id='line_1_94' title="bbox 2695 4075 4655 4166; baseline 0.001 -14"><span class='ocrx_word' id='word_1_666' title='bbox 2695 4096 3041 4164; x_wconf 74' lang='lat' dir='ltr'><strong>Seckendort‘</strong></span> <span class='ocrx_word' id='word_1_667' title='bbox 3074 4098 3329 4166; x_wconf 70' lang='lat' dir='ltr'><strong>passim.)</strong></span> <span class='ocrx_word' id='word_1_668' title='bbox 4637 4075 4655 4101; x_wconf 69' lang='lat'><em>&#39;</em></span> 
     </span>
     <span class='ocr_line' id='line_1_95' title="bbox 2900 4141 4654 4238; baseline 0.004 -20"><span class='ocrx_word' id='word_1_669' title='bbox 2900 4165 2956 4228; x_wconf 83' lang='lat'><strong>9)</strong></span> <span class='ocrx_word' id='word_1_670' title='bbox 2992 4141 3106 4220; x_wconf 61' lang='lat' dir='ltr'><strong>Aac</strong></span> <span class='ocrx_word' id='word_1_671' title='bbox 3150 4165 3472 4231; x_wconf 54' lang='lat' dir='ltr'><strong>Aurifaben</strong></span> <span class='ocrx_word' id='word_1_672' title='bbox 3529 4165 3766 4220; x_wconf 70' lang='lat' dir='ltr'><strong>Joannis</strong></span> <span class='ocrx_word' id='word_1_673' title='bbox 3817 4167 4117 4232; x_wconf 70' lang='lat' dir='ltr'><strong>Aurifebrae·</strong></span> <span class='ocrx_word' id='word_1_674' title='bbox 4170 4169 4654 4238; x_wconf 61' lang='lat' dir='ltr'><strong>(solando-nuso</strong></span> 
     </span>
     <span class='ocr_line' id='line_1_96' title="bbox 2693 4233 4655 4308; baseline 0.003 -19"><span class='ocrx_word' id='word_1_675' title='bbox 2693 4234 2927 4303; x_wconf 63' lang='lat' dir='ltr'><strong>theologi</strong></span> <span class='ocrx_word' id='word_1_676' title='bbox 2954 4235 3163 4301; x_wconf 74' lang='lat' dir='ltr'><strong>frater,</strong></span> <span class='ocrx_word' id='word_1_677' title='bbox 3216 4233 3488 4288; x_wconf 67' lang='lat' dir='ltr'><strong>Oaiaadri</strong></span> <span class='ocrx_word' id='word_1_678' title='bbox 3516 4250 3699 4301; x_wconf 68' lang='lat' dir='ltr'><strong>amer,</strong></span> <span class='ocrx_word' id='word_1_679' title='bbox 3749 4233 4208 4301; x_wconf 54' lang='lat' dir='ltr'><strong>Vraazszavienui,</strong></span> <span class='ocrx_word' id='word_1_680' title='bbox 4245 4238 4485 4293; x_wconf 66' lang='lat' dir='ltr'><strong>median</strong></span> <span class='ocrx_word' id='word_1_681' title='bbox 4510 4240 4655 4308; x_wconf 69' lang='lat' dir='ltr'><strong>fuit,</strong></span> 
     </span>
     <span class='ocr_line' id='line_1_97' title="bbox 2695 4301 4651 4376; baseline 0.003 -19"><span class='ocrx_word' id='word_1_682' title='bbox 2695 4320 2746 4357; x_wconf 83' lang='grc' dir='ltr'><strong>α.</strong></span> <span class='ocrx_word' id='word_1_683' title='bbox 2802 4301 2942 4357; x_wconf 83' lang='grc'><strong>1546</strong></span> <span class='ocrx_word' id='word_1_684' title='bbox 2989 4303 3206 4358; x_wconf 62' lang='lat' dir='ltr'><strong>Athen-ti</strong></span> <span class='ocrx_word' id='word_1_685' title='bbox 3247 4302 3767 4368; x_wconf 69' lang='lat' dir='ltr'><strong>Brundeburaensis</strong></span> <span class='ocrx_word' id='word_1_686' title='bbox 3816 4304 4092 4359; x_wconf 68' lang='lat' dir='ltr'><strong>archiater</strong></span> <span class='ocrx_word' id='word_1_687' title='bbox 4155 4311 4207 4360; x_wconf 79' lang='lat' dir='ltr'><strong>et</strong></span> <span class='ocrx_word' id='word_1_688' title='bbox 4243 4308 4395 4374; x_wconf 73' lang='lat' dir='ltr'><strong>prof.</strong></span> <span class='ocrx_word' id='word_1_689' title='bbox 4447 4306 4651 4376; x_wconf 65' lang='grc' dir='ltr'><strong>Βορέο-</strong></span> 
     </span>
     <span class='ocr_line' id='line_1_98' title="bbox 2694 4369 4656 4446; baseline 0.003 -21"><span class='ocrx_word' id='word_1_690' title='bbox 2694 4378 3001 4426; x_wconf 72' lang='lat' dir='ltr'><strong>montanus.</strong></span> <span class='ocrx_word' id='word_1_691' title='bbox 3090 4369 3239 4426; x_wconf 71' lang='lat' dir='ltr'><strong>Obiit</strong></span> <span class='ocrx_word' id='word_1_692' title='bbox 3282 4387 3333 4425; x_wconf 80' lang='lat' dir='ltr'><strong>a.</strong></span> <span class='ocrx_word' id='word_1_693' title='bbox 3369 4369 3523 4424; x_wconf 85' lang='grc'><strong>1559.</strong></span> <span class='ocrx_word' id='word_1_694' title='bbox 3597 4371 3687 4424; x_wconf 77' lang='lat' dir='ltr'><strong>Eo</strong></span> <span class='ocrx_word' id='word_1_695' title='bbox 3727 4373 3985 4441; x_wconf 70' lang='lat' dir='ltr'><strong>princeps</strong></span> <span class='ocrx_word' id='word_1_696' title='bbox 4026 4375 4249 4441; x_wconf 64' lang='lat' dir='ltr'><strong>scopans</strong></span> <span class='ocrx_word' id='word_1_697' title='bbox 4291 4376 4468 4446; x_wconf 68' lang='lat' dir='ltr'><strong>leym</strong></span> <span class='ocrx_word' id='word_1_698' title='bbox 4512 4391 4656 4431; x_wconf 70' lang='lat' dir='ltr'><strong>um</strong></span> 
     </span>
     <span class='ocr_line' id='line_1_99' title="bbox 2694 4438 4655 4515; baseline 0.003 -20"><span class='ocrx_word' id='word_1_699' title='bbox 2694 4446 2771 4495; x_wconf 70' lang='lat' dir='ltr'><strong>esi</strong></span> <span class='ocrx_word' id='word_1_700' title='bbox 2804 4441 2867 4495; x_wconf 71' lang='lat'><strong>⁸⁰0⁸</strong></span> <span class='ocrx_word' id='word_1_701' title='bbox 2898 4440 3284 4496; x_wconf 62' lang='lat' dir='ltr'><strong>controversiis</strong></span> <span class='ocrx_word' id='word_1_702' title='bbox 3324 4438 3747 4495; x_wconf 70' lang='lat' dir='ltr'><strong>Osiandn‘sticis</strong></span> <span class='ocrx_word' id='word_1_703' title='bbox 3780 4441 4059 4509; x_wconf 61' lang='lat' dir='ltr'><strong>mdis,</strong></span> <span class='ocrx_word' id='word_1_704' title='bbox 4101 4444 4201 4512; x_wconf 70' lang='lat' dir='ltr'><strong>qai</strong></span> <span class='ocrx_word' id='word_1_705' title='bbox 4230 4445 4346 4499; x_wconf 67' lang='lat' dir='ltr'><strong>sca.</strong></span> <span class='ocrx_word' id='word_1_706' title='bbox 4380 4444 4655 4515; x_wconf 61' lang='lat' dir='ltr'><strong>theoloye·</strong></span> 
     </span>
     <span class='ocr_line' id='line_1_100' title="bbox 2693 4508 4653 4579; baseline 0.003 -16"><span class='ocrx_word' id='word_1_707' title='bbox 2693 4525 2816 4563; x_wconf 70' lang='lat' dir='ltr'><strong>rum</strong></span> <span class='ocrx_word' id='word_1_708' title='bbox 2863 4508 3078 4563; x_wconf 72' lang='lat' dir='ltr'><strong>iudicia</strong></span> <span class='ocrx_word' id='word_1_709' title='bbox 3110 4514 3162 4563; x_wconf 73' lang='lat' dir='ltr'><strong>et</strong></span> <span class='ocrx_word' id='word_1_710' title='bbox 3194 4509 3429 4564; x_wconf 69' lang='lat' dir='ltr'><strong>aliorum</strong></span> <span class='ocrx_word' id='word_1_711' title='bbox 3456 4510 3777 4577; x_wconf 66' lang='lat' dir='ltr'><strong>principum</strong></span> <span class='ocrx_word' id='word_1_712' title='bbox 3823 4509 4010 4565; x_wconf 66' lang='lat' dir='ltr'><strong>mdia</strong></span> <span class='ocrx_word' id='word_1_713' title='bbox 4050 4512 4286 4579; x_wconf 69' lang='lat' dir='ltr'><strong>pacifica</strong></span> <span class='ocrx_word' id='word_1_714' title='bbox 4328 4528 4362 4566; x_wconf 76' lang='lat' dir='ltr'><strong>r</strong></span> <span class='ocrx_word' id='word_1_715' title='bbox 4466 4515 4653 4569; x_wconf 67' lang='grc' dir='ltr'><strong>ὄνου-ει.</strong></span> 
     </span>
     <span class='ocr_line' id='line_1_101' title="bbox 2697 4577 4650 4650; baseline 0.004 -19"><span class='ocrx_word' id='word_1_716' title='bbox 2697 4578 2875 4632; x_wconf 81' lang='lat' dir='ltr'><strong>Paulo</strong></span> <span class='ocrx_word' id='word_1_717' title='bbox 2909 4584 3199 4647; x_wconf 62' lang='lat' dir='ltr'><strong>antequam</strong></span> <span class='ocrx_word' id='word_1_718' title='bbox 3235 4577 3368 4631; x_wconf 67' lang='lat' dir='ltr'><strong>haec</strong></span> <span class='ocrx_word' id='word_1_719' title='bbox 3400 4577 3630 4645; x_wconf 75' lang='lat' dir='ltr'><strong>epistola</strong></span> <span class='ocrx_word' id='word_1_720' title='bbox 3677 4580 3886 4648; x_wconf 71' lang='lat' dir='ltr'><strong>scripta</strong></span> <span class='ocrx_word' id='word_1_721' title='bbox 3915 4580 4123 4647; x_wconf 66' lang='lat' dir='ltr'><strong>faerit,</strong></span> <span class='ocrx_word' id='word_1_722' title='bbox 4177 4596 4327 4635; x_wconf 67' lang='lat' dir='ltr'><strong>anno</strong></span> <span class='ocrx_word' id='word_1_723' title='bbox 4379 4583 4400 4633; x_wconf 87' lang='lat'>1</span> <span class='ocrx_word' id='word_1_724' title='bbox 4480 4581 4528 4650; x_wconf 86' lang='lat'><strong>1,</strong></span> <span class='ocrx_word' id='word_1_725' title='bbox 4563 4585 4650 4638; x_wconf 68' lang='lat' dir='ltr'><strong>in-</strong></span> 
     </span>
     <span class='ocr_line' id='line_1_102' title="bbox 2689 4645 4653 4716; baseline 0.003 -14"><span class='ocrx_word' id='word_1_726' title='bbox 2689 4653 2864 4713; x_wconf 74' lang='lat' dir='ltr'><strong>eunte,</strong></span> <span class='ocrx_word' id='word_1_727' title='bbox 2904 4645 3181 4701; x_wconf 64' lang='lat' dir='ltr'><strong>Ossa-odor</strong></span> <span class='ocrx_word' id='word_1_728' title='bbox 3225 4645 3471 4700; x_wconf 66' lang='lat' dir='ltr'><strong>ediderat</strong></span> <span class='ocrx_word' id='word_1_729' title='bbox 3517 4647 3779 4715; x_wconf 69' lang='lat' dir='ltr'><strong>scriptum</strong></span> <span class='ocrx_word' id='word_1_730' title='bbox 3824 4649 3919 4702; x_wconf 73' lang='lat' dir='ltr'><strong>cui</strong></span> <span class='ocrx_word' id='word_1_731' title='bbox 3957 4649 4176 4703; x_wconf 58' lang='lat' dir='ltr'><strong>&amp;culm</strong></span> <span class='ocrx_word' id='word_1_732' title='bbox 4216 4650 4375 4716; x_wconf 72' lang='lat' dir='ltr'><strong>feeit.-</strong></span> <span class='ocrx_word' id='word_1_733' title='bbox 4422 4652 4653 4707; x_wconf 73' lang='lat' dir='ltr'><strong>Bet-ioht</strong></span> 
     </span>
     <span class='ocr_line' id='line_1_103' title="bbox 2693 4713 4650 4776; baseline 0.003 -7"><span class='ocrx_word' id='word_1_734' title='bbox 2693 4715 2804 4769; x_wconf 88' lang='lat' dir='ltr'><strong>und</strong></span> <span class='ocrx_word' id='word_1_735' title='bbox 2839 4713 3199 4770; x_wconf 74' lang='lat' dir='ltr'><strong>Trostschrifl&#39;·</strong></span> <span class='ocrx_word' id='word_1_736' title='bbox 3232 4731 3301 4766; x_wconf 87' lang='lat' dir='ltr'><strong>an</strong></span> <span class='ocrx_word' id='word_1_737' title='bbox 3339 4714 3445 4768; x_wconf 89' lang='lat' dir='ltr'><strong>alle</strong></span> <span class='ocrx_word' id='word_1_738' title='bbox 3480 4715 3568 4769; x_wconf 91' lang='lat' dir='ltr'><strong>die</strong></span> <span class='ocrx_word' id='word_1_739' title='bbox 3604 4732 3666 4770; x_wconf 91' lang='lat' dir='ltr'><strong>so</strong></span> <span class='ocrx_word' id='word_1_740' title='bbox 3713 4717 3811 4769; x_wconf 86' lang='lat' dir='ltr'><strong>das</strong></span> <span class='ocrx_word' id='word_1_741' title='bbox 3855 4716 4024 4770; x_wconf 79' lang='lat' dir='ltr'><strong>falech</strong></span> <span class='ocrx_word' id='word_1_742' title='bbox 4067 4717 4322 4772; x_wconf 87' lang='lat' dir='ltr'><strong>heimlich</strong></span> <span class='ocrx_word' id='word_1_743' title='bbox 4357 4718 4650 4776; x_wconf 86' lang='lat' dir='ltr'><strong>schreiben</strong></span> 
     </span>
     <span class='ocr_line' id='line_1_104' title="bbox 2691 4780 4647 4867; baseline 0.004 -30"><span class='ocrx_word' id='word_1_744' title='bbox 2691 4784 2939 4838; x_wconf 84' lang='lat' dir='ltr'><strong>schreien</strong></span> <span class='ocrx_word' id='word_1_745' title='bbox 2974 4780 3086 4836; x_wconf 87' lang='lat' dir='ltr'><strong>und</strong></span> <span class='ocrx_word' id='word_1_746' title='bbox 3123 4782 3436 4837; x_wconf 71' lang='lat' dir='ltr'><strong>asten-reden</strong></span> <span class='ocrx_word' id='word_1_747' title='bbox 3473 4785 3700 4839; x_wconf 91' lang='lat' dir='ltr'><strong>etlicher</strong></span> <span class='ocrx_word' id='word_1_748' title='bbox 3734 4786 3942 4838; x_wconf 89' lang='lat' dir='ltr'><strong>meiuer</strong></span> <span class='ocrx_word' id='word_1_749' title='bbox 3978 4784 4183 4839; x_wconf 78' lang='lat' dir='ltr'><strong>Feiude</strong></span> <span class='ocrx_word' id='word_1_750' title='bbox 4217 4792 4472 4867; x_wconf 66' lang='lat' dir='ltr'><strong>gefirgert</strong></span> <span class='ocrx_word' id='word_1_751' title='bbox 4507 4790 4647 4844; x_wconf 89' lang='lat' dir='ltr'><strong>oder</strong></span> 
     </span>
     <span class='ocr_line' id='line_1_105' title="bbox 2693 4850 4647 4920; baseline 0.003 -13"><span class='ocrx_word' id='word_1_752' title='bbox 2693 4854 2964 4907; x_wconf 73' lang='lat' dir='ltr'><strong>heti-ubet.</strong></span> <span class='ocrx_word' id='word_1_753' title='bbox 3044 4850 3312 4920; x_wconf 72' lang='lat' dir='ltr'><strong>Kouigsb.</strong></span> <span class='ocrx_word' id='word_1_754' title='bbox 3372 4852 3523 4906; x_wconf 87' lang='grc'><strong>1551.</strong></span> <span class='ocrx_word' id='word_1_755' title='bbox 3607 4852 3914 4909; x_wconf 71' lang='lat' dir='ltr'><strong>Dimerat</strong></span> <span class='ocrx_word' id='word_1_756' title='bbox 3961 4853 4104 4908; x_wconf 67' lang='lat' dir='ltr'><strong>alud</strong></span> <span class='ocrx_word' id='word_1_757' title='bbox 4143 4853 4215 4908; x_wconf 86' lang='lat' dir='ltr'><strong><em>H</em></strong></span> <span class='ocrx_word' id='word_1_758' title='bbox 4534 4858 4647 4913; x_wconf 74' lang='lat' dir='ltr'><strong>Be·</strong></span> 
     </span>
     <span class='ocr_line' id='line_1_106' title="bbox 2691 4918 4645 4995; baseline 0.002 -17"><span class='ocrx_word' id='word_1_759' title='bbox 2691 4921 2844 4978; x_wconf 64' lang='lat' dir='ltr'><strong>coldo</strong></span> <span class='ocrx_word' id='word_1_760' title='bbox 2891 4918 3270 4976; x_wconf 58' lang='lat' dir='ltr'><strong>comosum·</strong></span> <span class='ocrx_word' id='word_1_761' title='bbox 3313 4920 3770 4991; x_wconf 60' lang='lat' dir='ltr'><strong>Nor-interponet·</strong></span> <span class='ocrx_word' id='word_1_762' title='bbox 3807 4937 4007 4991; x_wconf 62' lang='lat' dir='ltr'><strong>uenero</strong></span> <span class='ocrx_word' id='word_1_763' title='bbox 4039 4938 4141 4978; x_wconf 71' lang='lat' dir='ltr'><strong>sico</strong></span> <span class='ocrx_word' id='word_1_764' title='bbox 4184 4925 4413 4995; x_wconf 61' lang='lat' dir='ltr'><strong>amque</strong></span> <span class='ocrx_word' id='word_1_765' title='bbox 4453 4928 4645 4982; x_wconf 63' lang='lat' dir='ltr'><strong>nor-i.</strong></span> 
     </span>
     <span class='ocr_line' id='line_1_107' title="bbox 2692 4987 4644 5076; baseline 0.003 -30"><span class='ocrx_word' id='word_1_766' title='bbox 2692 4992 2772 5046; x_wconf 72' lang='lat'><strong>12·</strong></span> <span class='ocrx_word' id='word_1_767' title='bbox 2804 4992 2906 5070; x_wconf 70' lang='lat' dir='ltr'><strong>hoq</strong></span> <span class='ocrx_word' id='word_1_768' title='bbox 2948 4987 3125 5044; x_wconf 64' lang='lat' dir='ltr'><strong>libello</strong></span> <span class='ocrx_word' id='word_1_769' title='bbox 3148 4989 3638 5072; x_wconf 63' lang='lat' dir='ltr'><strong>Melanehthonqm</strong></span> <span class='ocrx_word' id='word_1_770' title='bbox 3683 4996 3736 5045; x_wconf 80' lang='lat' dir='ltr'><strong>et</strong></span> <span class='ocrx_word' id='word_1_771' title='bbox 3927 4991 3940 5004; x_wconf 82' lang='lat'>‘</span> <span class='ocrx_word' id='word_1_772' title='bbox 3973 4994 4058 5047; x_wconf 66' lang='grc' dir='ltr'><strong>σή</strong></span> <span class='ocrx_word' id='word_1_773' title='bbox 4098 5000 4388 5076; x_wconf 45' lang='lat' dir='ltr'><strong>comm..</strong></span> <span class='ocrx_word' id='word_1_774' title='bbox 4429 4995 4496 5049; x_wconf 65' lang='lat' dir='ltr'><strong>in</strong></span> <span class='ocrx_word' id='word_1_775' title='bbox 4529 4996 4644 5053; x_wconf 75' lang='lat' dir='ltr'><strong>Eu.</strong></span> 
     </span>
    </p>
   </div>
   <div class='ocr_carea' id='block_1_8' title="bbox 2686 5213 4641 5411">
    <p class='ocr_par' dir='ltr' id='par_1_11' title="bbox 2686 5213 4641 5411">
     <span class='ocr_line' id='line_1_108' title="bbox 2686 5213 4641 5353; baseline 0.003 -30"><span class='ocrx_word' id='word_1_776' title='bbox 2686 5213 2993 5348; x_wconf 48' lang='lat' dir='ltr'><strong>wad.</strong></span> <span class='ocrx_word' id='word_1_777' title='bbox 3027 5264 3279 5320; x_wconf 79' lang='lat' dir='ltr'><strong>Osiandri</strong></span> <span class='ocrx_word' id='word_1_778' title='bbox 3312 5268 3544 5337; x_wconf 83' lang='lat' dir='ltr'><strong>epistola</strong></span> <span class='ocrx_word' id='word_1_779' title='bbox 3576 5267 3634 5348; x_wconf 76' lang='lat' dir='ltr'><strong>iu</strong></span> <span class='ocrx_word' id='word_1_780' title='bbox 3671 5283 3780 5337; x_wconf 88' lang='lat' dir='ltr'><strong>qus</strong></span> <span class='ocrx_word' id='word_1_781' title='bbox 3813 5268 4162 5323; x_wconf 73' lang='lat' dir='ltr'><strong>confutantur</strong></span> <span class='ocrx_word' id='word_1_782' title='bbox 4194 5217 4345 5325; x_wconf 51' lang='grc' dir='ltr'>ιιοςνῖ</span> <span class='ocrx_word' id='word_1_783' title='bbox 4371 5273 4641 5353; x_wconf 73' lang='lat' dir='ltr'><strong>quasdam</strong></span> 
     </span>
     <span class='ocr_line' id='line_1_109' title="bbox 2688 5335 4640 5411; baseline 0.004 -20"><span class='ocrx_word' id='word_1_784' title='bbox 2688 5343 2748 5391; x_wconf 85' lang='lat' dir='ltr'><strong>et</strong></span> <span class='ocrx_word' id='word_1_785' title='bbox 2789 5336 3027 5390; x_wconf 72' lang='lat' dir='ltr'><strong>fananca</strong></span> <span class='ocrx_word' id='word_1_786' title='bbox 3068 5335 3430 5390; x_wconf 79' lang='lat' dir='ltr'><strong>deliramenta</strong></span> <span class='ocrx_word' id='word_1_787' title='bbox 3475 5336 3692 5406; x_wconf 77' lang='lat' dir='ltr'><strong>publice</strong></span> <span class='ocrx_word' id='word_1_788' title='bbox 3747 5352 3938 5406; x_wconf 82' lang='lat' dir='ltr'><strong>sparsa</strong></span> <span class='ocrx_word' id='word_1_789' title='bbox 3972 5344 4031 5390; x_wconf 88' lang='lat' dir='ltr'><strong>et</strong></span> <span class='ocrx_word' id='word_1_790' title='bbox 4079 5335 4150 5393; x_wconf 84' lang='lat' dir='ltr'><strong>ab</strong></span> <span class='ocrx_word' id='word_1_791' title='bbox 4193 5339 4418 5394; x_wconf 77' lang='lat' dir='ltr'><strong>aemulis</strong></span> <span class='ocrx_word' id='word_1_792' title='bbox 4464 5343 4640 5411; x_wconf 51' lang='lat' dir='ltr'><strong>*isius</strong></span> 
     </span>
    </p>
   </div>
  </div>
 </body>
</html>
