4900 6167
248 404 350 465 513

389 585 467 652 N.
533 587 600 652 N
598 608 717 653 ons
770 607 978 655 avons
1029 587 1493 657 aulcunement
1545 607 1798 655 comme
1839 606 1948 655 ces
1973 587 2163 671 jours

243 694 442 762 pasees
485 672 819 757 beaucoup
873 673 957 740 de
1011 696 1174 760 gens
1228 682 1569 759 estranges
1626 681 1895 757 passant
1936 693 2058 756 par
2099 670 2165 737 18

244 760 439 834 Cluso,
464 765 521 834 ¹)
567 759 744 827 aussi
788 760 1250 827 anlcunement
1291 762 1606 828 viennent
1648 758 1730 825 de
1772 757 1842 825 Β.
1888 756 2164 837 Olaude,

243 857 405 914 entre
424 846 710 929 lesquelz
731 845 817 910 ilz
851 868 898 930 y
933 866 973 911 a
1005 846 1278 913 femmes
1312 856 1380 913 et
1414 846 1663 925 enfans,
1708 842 2165 928 pareillement

242 953 384 1018 gens
417 929 496 997 de
530 950 787 1017 guerre,
831 932 920 996 all
1045 954 1127 998 ns
1160 941 1336 999 estre
1370 931 1755 999 deschassez
1800 928 1883 996 de
1904 929 2165 996 France

244 1036 503 1086 aeanse
561 1015 642 1083 de
706 1017 857 1082 leva
951 1019 966 1034 '
1023 1040 1060 1084 e
1125 1027 1195 1084 et
1259 1013 1433 1103 quilz
1503 1037 1575 1084 80
1645 1016 1926 1083 retirent
1993 1016 2165 1081 riere

242 1124 383 1169 vous
438 1122 601 1186 pour
671 1102 922 1169 resider
989 1103 1076 1170 en
1133 1118 1351 1170 vostre
1422 1102 1578 1169 ville
1634 1103 1785 1186 puis
1839 1101 2167 1186 donoques

278 1210 348 1254 ue
386 1189 482 1254 les
523 1209 789 1255 menses
845 1199 914 1255 et
955 1191 1321 1275 pratisques
1376 1187 1457 1255 de
1510 1197 1776 1273 present
1833 1197 1984 1253 sont
2035 1188 2168 1252 fort

241 1213 662 1360 dangereuses
720 1284 789 1340 et
841 1296 966 1360 que
1010 1283 1197 1342 entre
1240 1276 1336 1341 les
1378 1274 1581 1341 ‹fictes
1626 1294 1787 1359 gens
1827 1294 1873 1359 y
1917 1294 1959 1338 a
2000 1272 2164 1339 fem-

241 1380 379 1437 mes,
423 1360 660 1426 enfans
682 1372 751 1426 et
769 1382 970 1448 aussy
1120 1383 1153 1428 s
1175 1360 1256 1428 de
1277 1380 1534 1447 guerre,
1576 1369 1644 1426 et
1662 1357 1920 1425 daultm
1944 1366 2169 1426 couste

245 1447 402 1513 desia
466 1467 551 1512 en
623 1456 845 1513 vostre
918 1382 1118 1513 viffgn
1141 1457 1293 1513 sont
1355 1447 1706 1530 ‚beaucoup
1773 1453 2166 1530 estrangers,

243 1552 428 1599 avons
470 1531 716 1610 advise,
760 1553 1012 1599 comme
1055 1533 1386 1618 cydevant
1427 1552 1633 1599 avons
1678 1531 1854 1611 faict,
1895 1531 1961 1597 le
2004 1550 2171 1596 vous

241 1619 509 1684 notiffier
553 1639 720 1702 pour
762 1640 809 1703 y
854 1622 1037 1685 avoir
1329 1670 1347 1700 ,
1403 1626 1469 1685 et
1524 1617 1877 1703 pourveoir
1917 1637 2044 1701 que
2088 1614 2171 1682 de

241 1725 304 1770 00
343 1725 424 1770 ne
466 1725 633 1770 vous
678 1707 1032 1771 survienne
1075 1726 1115 1771 a
1186 1724 1361 1791 cung
1404 1705 1775 1789 dommage,
1832 1702 2172 1788 surprinse

241 1812 312 1857 ou
365 1791 823 1856 molestement
840 1842 855 1869 ,
916 1812 1082 1857 vous
1134 1791 1358 1875 priant
1412 1790 1493 1857 de
1549 1812 1665 1857 sur
1719 1809 1794 1856 ce
1847 1789 2011 1855 faire
2055 1808 2171 1854 en-

242 1885 448 1961 queste
504 1876 765 1960 requise
817 1897 988 1962 pour
1042 1885 1266 1944 vostre
1319 1884 1389 1944 et
1431 1884 1650 1942 nostre
1708 1874 1889 1953 bien,
1949 1882 2011 1941 et
2053 1893 2173 1958 par

243 1973 492 2046 present
547 1971 863 2046 pourteur
903 1984 1070 2030 nous
1124 1962 1410 2047 escripre
1427 2013 1442 2041 ,
1519 1963 1574 2029 si
1646 1959 1949 2029 lesdictes
2009 1980 2172 2045 gens

241 2059 580 2115 earrestent
623 2068 705 2114 eu
752 2057 970 2129 vostre
1014 2048 1170 2115 ville
1211 2069 1298 2115 on
1339 2050 1397 2115 si
1438 2054 1706 2132 passent
1768 2046 1917 2132 plus
1959 2044 2175 2113 oultre

239 2149 343 2201 etc.
431 2134 683 2200 Datum
722 2140 781 2200 6.
829 2134 1076 2219 Aprilis
1126 2139 1308 2201 1553.

799 2271 1153 2359 Ladvoyer
1195 2281 1262 2338 et
1302 2270 1547 2339 oonseil
1590 2269 1672 2336 de
1716 2270 2000 2338 Bernne.

967 2565 1376 2575 -——————

1101 2800 1291 2872 1724.

622 2957 1096 3025 GALVINUS
1140 2953 1779 3024 BULLINGERO.

405 3128 790 3194 Graculum
846 3131 906 3194 ei
956 3128 1372 3195 valetudinum
1423 3133 1844 3194 restauratam
1900 3133 1956 3193 et
1996 3131 2179 3210 neyat

245 3213 310 3278 de
345 3213 556 3281 hostili
611 3215 748 3280 eius
809 3219 920 3280 aut
973 3213 1348 3297 eolleyarum
1402 3216 1474 3279 in
1512 3214 1913 3295 semetipsum
1968 3232 2178 3279 ammo

245 3317 304 3363 se
333 3299 423 3365 vol
583 3301 596 3315 '
695 3321 778 3379 se,
824 3301 1054 3368 nedum
1094 3302 1391 3382 antiquam
1431 3299 1691 3378 dixisse,
1735 3301 1830 3365 ita
1869 3303 2074 3365 tamen
2109 3302 2179 3364 ut

247 3382 410 3450 Bibl'
541 3406 691 3451 rum
732 3387 1020 3468 excipiat,
1064 3386 1175 3468 qui
1216 3405 1282 3451 30
1324 3405 1540 3452 revera
1596 3384 1878 3451 hostilem
1918 3384 2181 3450 ostendit

247 3470 306 3536 in
345 3473 580 3555 neqotio
625 3471 894 3539 Bozsoei.

271 3640 496 3696 Entant
545 3644 881 3713 exemplaria
929 3643 1206 3698 lonvillaei
1265 3644 1322 3697 in
1370 3641 1503 3697 Ood.
1549 3641 1684 3697 Gen.
1736 3639 1893 3708 107⁸,
1942 3640 2034 3695 fol.
2083 3639 2178 3702 593

291 3712 512 3792 arretini
548 3713 604 3794 {n
643 3711 772 3767 Ood.
810 3711 930 3780 111,
962 3712 1053 3767 fol.
1100 3710 1231 3793 sev,
1268 3713 1549 3793 Beruense
1586 3711 1728 3833 ΒΨ).
1763 3709 1857 3765 v1.
1896 3727 1944 3779 p.
1984 3707 2088 3764 254
2124 3714 2182 3763 et

351 3781 568 3835 simleri
611 3782 727 3834 Vol.
765 3779 847 3834 79.
893 3810 952 3821 -
991 3782 1216 3850 Anghce
1249 3781 1452 3851 legitur
1483 3780 1519 3832 l.
1556 3779 1592 3832 l.
1678 3819 1691 3832 .
1727 3777 1793 3833 Π.
1830 3796 1883 3849 p.
1920 3776 2063 3844 384.)

401 3953 472 4020 S.
521 3951 747 4034 Quum
785 3973 997 4036 nuper
1039 3972 1248 4017 essem
1284 3951 1459 4035 apud
1496 3949 1842 4030 Farellum,
1871 3948 1918 4036 ¹)
1962 3959 2179 4015 osten-

250 4058 344 4104 sae
389 4038 552 4104 mihi
599 4039 866 4104 fuerunt
909 4047 1058 4104 tuae
1101 4036 1185 4102 ad
1240 4040 1458 4121 ipsum
1511 4036 1772 4114 literae,
1834 4034 2075 4121 quibus
2116 4043 2181 4101 te

251 4142 320 4188 ex
363 4124 759 4210 gravissimo
804 4133 872 4190 et
907 4144 1107 4208 prope
1143 4122 1371 4189 lethali
1405 4121 1631 4188 morbo
1667 4120 1988 4206 paulatim
2031 4141 2182 4187 con-

250 4208 566 4277 valescere
638 4208 981 4276 scribebas.
1085 4208 1186 4275 Eo
1259 4218 1553 4294 tempore
1625 4208 1968 4292 desperata
2040 4216 2184 4273 erat

253 4292 480 4361 Furens
528 4296 736 4361 nostri
784 4296 918 4361 vita
934 4347 949 4375 ,
1010 4305 1083 4360 ut
1125 4293 1277 4361 inde
1312 4313 1619 4362 reversus
1664 4301 1996 4361 mortuum
2040 4292 2181 4359 nbi-

250 4400 358 4463 que
411 4381 953 4468 praedicaverim.
1057 4380 1250 4448 Nunc
1319 4401 1403 4446 ex
1463 4380 1682 4446 animo
1735 4379 1988 4466 gratiae
2044 4376 2182 4445 Do-

251 4468 412 4533 mino
454 4466 751 4554 agendae
794 4476 970 4546 sunt,
1013 4468 1123 4552 qui
1163 4464 1351 4533 nobis
1385 4475 1737 4550 utrumque
1773 4475 1840 4532 et
1873 4463 2183 4532 ecclesiae

253 4572 390 4618 suae
433 4553 746 4621 restituit.
833 4552 973 4621 Nec
1029 4554 1249 4619 minus
1307 4560 1531 4637 gratae
1585 4551 1851 4618 fuerunt
1904 4558 2060 4617 tuae
2104 4550 2182 4617 li-

253 4644 432 4719 terae,
469 4659 631 4724 quas
668 4637 887 4705 triduo
909 4647 1064 4705 ante
1098 4637 1316 4721 accepi
1339 4637 1394 4723 ²)
1439 4637 1738 4704 sanitatis
1771 4646 1926 4703 tuae
1959 4642 2179 4704 testes.

253 4838 2183 4912 maanomzepomoauummmmuaossom,

256 4906 1690 4993 demordeafflaudqahutrdcdum.
1764 4906 2185 4965 &mandent

256 4982 647 5122 awa-..²2
797 4975 2186 5106 ...petz-mmmm*

256 5114 1084 5257 uussgbssuaffm
1247 5225 1261 5239 .
1395 5186 1407 5200 ·
1575 5181 2185 5254 amm-asa·-

680 5259 688 5270 ‘
902 5326 913 5339 ⁸
1011 5261 1046 5310 t.
1118 5186 2185 5324 &mmmm

1967 400 2125 461 1553
2170 398 2481 465 APRJL.

4087 407 4212 470 514

2266 586 2663 672 Quanquam
2678 638 2695 667 ,
2750 592 2826 653 ut
2867 608 3101 654 verum
3156 588 3394 668 fatear,
3452 588 3742 673 pleniore
3785 590 4021 676 gaudio
4062 613 4216 678 per-

2265 674 2453 739 fusus
2507 693 2720 740 essem
2776 695 2860 739 ex
2913 695 3136 740 earum
3195 674 3509 748 lectione.
3585 675 3716 743 nisi
3770 676 4074 761 legissem
4133 698 4212 744 eo

2265 760 2539 827 consilio
2580 759 2874 842 *scriptas
2916 780 3089 840 esse,
3145 781 3231 826 ne
3286 760 3445 844 qnid
3487 758 3569 826 de
3612 769 3678 827 te
3721 761 3957 828 hostile
3998 764 4212 848 suspi-

2266 864 2468 912 carer.
2558 843 2731 911 Mihi
2776 866 2931 910 vero
2974 865 3053 913 08
3093 846 3378 929 suspicio
3433 866 3770 930 nunquam
3812 848 3879 912 in
3925 855 4212 914 mentem

2268 931 2469 1007 venit,
2517 952 2730 1015 neque
2786 930 2993 998 OEmio
3036 931 3258 998 datam
3314 951 3354 996 8
3404 952 3511 997 me
3562 932 3970 999 secesionem
4012 934 4214 1000 fuisse

2269 1016 2583 1096 arbitror,
2643 1038 2761 1083 cur
2817 1017 2948 1083 tale
3002 1016 3246 1102 aliquid
3288 1018 3581 1084 referret.
3666 1018 3789 1082 Bis
3832 1018 3916 1084 ad
3959 1038 4067 1084 me
4109 1039 4216 1086 ac-

2269 1103 2481 1171 cessit.
2570 1102 2707 1168 Diu
2760 1102 2932 1169 inter
2983 1124 3104 1169 nos
3159 1110 3226 1169 et
3282 1102 3484 1169 libere
3536 1102 4074 1188 familiariterque
4133 1105 4217 1170 de

2269 1189 2470 1255 rebus
2523 1188 2724 1255 variis
2781 1209 3009 1255 sumus
3062 1188 3332 1273 loquuti.
3420 1189 3547 1255 'rui
3603 1210 3679 1255 ac
3732 1191 4023 1256 omnium
4068 1209 4219 1256 ves-

2268 1282 2449 1339 trum
2491 1274 2665 1340 facta
2706 1283 2808 1340 est
2847 1276 3113 1340 mentio.
3200 1274 3401 1339 Nulla
3442 1274 3725 1359 syllaba,
3780 1274 3952 1358 quod
3995 1277 4217 1353 sciam,

2270 1360 2436 1425 mihi
2501 1359 2750 1426 excidit
2813 1380 2980 1444 quae
3051 1361 3389 1427 sinistram
3458 1360 3832 1444 opinionem
3899 1360 4217 1430 iniiceret.

2271 1448 2561 1512 Tantum
2602 1447 2674 1510 in
2719 1443 3034 1522 discessu,
3091 1466 3331 1531 rogans
3375 1452 3451 1510 ut
3498 1445 3682 1513 vobis
3724 1446 4000 1513 salutem
4046 1447 4220 1514 dice-

2272 1538 2392 1610 ret,
2437 1551 2584 1597 meo
2628 1531 2894 1597 nomine
2935 1530 3388 1598 Bibuandmm
3429 1533 3657 1616 excepi
3692 1534 3844 1616 quia
3885 1533 4106 1616 palam
4149 1553 4221 1600 80

2271 1617 2531 1684 hostem
2573 1625 2874 1684 nostrum
2915 1617 3360 1701 profitebatur.
3450 1616 3675 1699 Quum
3730 1618 4059 1702 exciperet
4115 1617 4226 1686 m-

2272 1703 2461 1778 mius,
2502 1701 2884 1769 incredibile
2940 1703 3010 1767 id
3066 1701 3190 1770 sibi
3244 1703 3489 1782 videri,
3544 1711 3613 1768 et
3652 1725 3774 1788 pro
3815 1725 3938 1770 sua
3981 1706 4221 1789 pietate

2272 1789 2461 1874 quasi
2503 1789 2870 1855 infaustum
2912 1809 3101 1854 omen
3145 1797 3579 1868 aversaretur,
3623 1787 3913 1856 breviter
3955 1809 4222 1856 causam

2274 1875 2578 1959 exposui:
2637 1895 2757 1940 nos
2801 1875 2909 1940 hic
2967 1874 3047 1941 ab
3091 1873 3359 1940 homine
3417 1875 3713 1958 improbo
3768 1884 3835 1940 et
3893 1875 4141 1959 perfido
4165 1876 4220 1960 ⁸)

2274 1962 2480 2027 fuisse
2499 1969 2803 2027 vexatos:
2850 1980 3058 2044 quum
3103 1966 3356 2026 eertum
3380 1980 3419 2024 a
3461 1959 3645 2025 vobis
3669 1958 4033 2026 subsidium
4054 1961 4220 2027 mihi

2275 2046 2750 2130 promitterem,
2795 2047 2936 2131 spei
2977 2065 3163 2112 meae
3204 2065 3337 2112 non
3382 2045 3797 2129 respondisse
3830 2066 4223 2125 successum,

2276 2141 2505 2198 tamen
2523 2132 2890 2197 fraternam
2909 2133 3085 2196 inter
3126 2152 3247 2198 nos
3290 2132 3647 2198 amicitiam
3690 2139 3996 2199 constare
4037 2132 4224 2198 illae-

2277 2239 2456 2298 sam,
2514 2238 2636 2285 nec
2690 2225 2866 2284 certe
2918 2215 3133 2283 ullum
3185 2217 3599 2284 alienationis
3647 2218 3910 2303 signnm
3956 2239 3998 2283 a
4040 2218 4223 2285 vobis

2275 2305 2478 2370 fuisse
2519 2302 2763 2369 datum.
2851 2301 3030 2384 Quin
3076 2304 3274 2368 etiam
3313 2301 3568 2380 addidi,
3623 2324 3729 2369 me
3773 2325 3849 2370 ac
3891 2325 4224 2390 symmys-

2274 2398 2378 2456 tas
2419 2390 2576 2456 boni
2620 2387 2990 2468 consulere,
3051 2387 3224 2472 quod
3264 2409 3397 2455 non
3440 2396 3579 2454 tam
3621 2389 3907 2472 prolixe,
3965 2397 4041 2455 ut
4083 2397 4228 2455 erat

2276 2476 2345 2540 in
2398 2474 2573 2540 votis
2587 2526 2602 2552 ,
2661 2474 3012 2542 fuissemus
3064 2482 3286 2540 vestro
3343 2474 3657 2560 suffragio
3714 2474 3950 2541 adiuti:
4011 2475 4224 2542 solum

2277 2560 2733 2627 Bibliandmm
2776 2561 3117 2627 minaciter
3149 2561 3411 2638 iactare,
3454 2559 3693 2626 librum
3730 2560 4054 2646 quendam
4099 2560 4225 2627 sibi

2278 2666 2425 2713 esse
2468 2646 2541 2712 in
2581 2646 2891 2713 manibus
2934 2645 3266 2713 doctrinae
3309 2666 3493 2712 meae
3537 2645 3920 2727 adversum,
3965 2656 4035 2712 et
4074 2666 4227 2713 nes-

2279 2731 2382 2800 cio
2425 2752 2553 2816 quo
2596 2732 2846 2817 impetu
2898 2731 2967 2796 id
3009 2731 3377 2816 promiscue
3432 2732 3697 2797 effutire
3750 2731 3926 2816 apud
3982 2752 4227 2800 omnes.

2279 2816 2598 2885 Olausula
2648 2817 2916 2884 tandem
2982 2818 3305 2884 sermonis
3360 2817 3511 2883 fuit:
3559 2816 3801 2884 scribat
3853 2817 4230 2886 anliander

2280 2913 2356 2970 nt
2397 2903 2682 2985 libuerit,
2726 2923 2846 2989 ego
2890 2904 3315 2988 responsione
3348 2924 3484 2968 non
3520 2903 3857 2988 dignabor.
3873 2907 3934 2978 ⁴)
4034 2903 4231 2969 Nunc

2282 2997 2354 3055 ut
2378 2989 2465 3056 ad
2507 2997 2573 3055 te
2610 2988 2898 3067 redeam,
2943 2988 3188 3073 optime
3220 2998 3287 3054 et
3323 2987 3692 3055 venerande
3733 2989 3954 3069 frater,
4001 3009 4229 3073 quem-

2281 3073 2636 3141 admodum
2702 3097 2788 3140 ex
2862 3074 3044 3140 illius
3109 3073 3376 3160 ingenio
3457 3082 3523 3140 te
3590 3074 3859 3140 minime
3932 3075 4229 3154 aestimo,

2280 3162 2374 3227 ita
2436 3181 2782 3245 nunquam
2849 3159 3171 3227 adductus
3228 3180 3376 3226 sum
3427 3168 3504 3226 ut
3560 3160 3895 3227 crederem
3911 3212 3927 3240 ,
4000 3168 4067 3227 te
4123 3159 4234 3229 vel

2280 3245 2602 3398 pnrobante
2637 3246 2745 3313 vel
2780 3247 3037 3397 {caspii-o
3080 3245 3424 3397 hostilueitgn
3459 3245 3957 3398 :thelguidquaai
3991 3245 4232 3346 moliri,

2356 3351 3250 3398 umveroeoiosem
3453 3353 3490 3398 e
3644 3352 3818 3399 visse
4014 3352 4232 3399 mma-

2284 3426 2426 3484 tum
2470 3439 2615 3485 esse
2750 3417 2835 3483 od
2874 3417 3065 3502 attigi
3109 3415 3191 3483 de
3243 3415 3413 3483 libro
3426 3469 3444 3498 ,
3497 3417 3630 3484 non
3688 3428 3790 3486 est
3846 3438 3964 3484 cur
4021 3417 4233 3484 ambi-

2284 3525 2439 3590 gam
2497 3503 2608 3570 vel
2659 3439 3089 3571 dissimulem.
3177 3503 3315 3568 Res
3371 3503 3546 3569 enim
3614 3503 3765 3587 plus
3821 3524 4020 3588 quam
4078 3510 4235 3570 nota

2282 3597 2384 3657 est
2438 3611 2515 3656 ac
2574 3588 2862 3674 vulgata.
2961 3587 3157 3670 Quod
3230 3598 3450 3654 tamen
3507 3588 3767 3656 silentio
3823 3587 3999 3674 apud
4069 3589 4235 3656 alios

2284 3684 2507 3762 tegere
2550 3675 2747 3751 80100,
2790 3674 2966 3759 apud
3003 3673 3284 3741 mmm·
3319 3685 3381 3739 et
3426 3695 3666 3759 paucos
3705 3674 4056 3742 tacendum
4100 3696 4237 3741 non

2283 3762 2534 3847 putavi.
2621 3761 2770 3827 Hoc
2817 3761 2830 3775 ‘
2886 3762 3016 3826 ‘tur
3056 3761 3271 3843 primo
3314 3769 3626 3827 testatum
3662 3780 3805 3827 esse
3846 3759 3971 3826 tibi
4012 3760 4234 3842 velim,

2287 3847 2481 3914 sicuti
2525 3855 2753 3914 sancte
2796 3868 2836 3912 a
2910 3867 3073 3922 rmo,
3118 3853 3186 3910 te
3230 3844 3392 3911 adeo
3435 3846 3644 3913 hostis
3686 3846 3826 3912 loco
3869 3867 3911 3911 a
3953 3867 4059 3912 me
4102 3867 4238 3912 non

2287 3932 2533 4011 haberi,
2577 3941 2654 3998 ut
2696 3932 3000 3999 omnibus
3044 3931 3373 3996 fraternae
3417 3932 3892 3998 coniunctionis
3952 3932 4238 4000 vinculis

2287 4019 2409 4086 tibi
2536 4027 2770 4103 rpetuo
2817 4016 3168 4084 adstrictus
3211 4037 3478 4083 manere
3521 4018 3783 4102 cupiam
3798 4070 3816 4098 ,
3859 4018 4055 4102 idque
4096 4018 4238 4084 fore

2284 4103 2448 4170 indu
2495 4106 2558 4170 ie
2601 4105 2917 4182 confisus,
2974 4123 3178 4187 quum
3219 4110 3287 4167 te
3345 4122 3478 4169 non
3516 4121 3703 4169 secus
3740 4124 3817 4170 ac
3850 4103 4238 4169 unanimem

2285 4198 2351 4257 et
2393 4189 2812 4257 individuum
2854 4189 2925 4256 in
2970 4209 3009 4255 o
3092 4208 3164 4254 re
3208 4188 3481 4255 Domini
3529 4190 3778 4256 socium
3821 4190 4236 4274 complectar.

2283 4277 2686 4343 Persuasum
2713 4272 2947 4341 deinde
2981 4274 3104 4341 tibi
3147 4293 3289 4341 esse
3333 4274 3551 4355 velim,
3595 4296 3935 4359 nunquam
3978 4297 4085 4341 me
4129 4273 4238 4341 vel

2286 4363 2626 4446 scripsisse
2659 4361 2762 4428 vel
2798 4360 3145 4445 loquutum
3189 4380 3349 4439 0880,
3395 4360 3522 4425 nisi
3567 4369 3636 4425 et
3671 4368 3971 4427 amanter
4006 4370 4075 4428 et
4115 4359 4238 4426 ho·

2286 4449 2575 4525 norifice,
2622 4447 2704 4512 de
2747 4468 2824 4513 eo
2865 4446 3028 4525 viro,
3075 4443 3188 4529 q‘ui
3245 4454 3312 4511 et
3355 4445 3612 4530 publice
3657 4444 3738 4511 de
3782 4446 4054 4514 ecelesia
4096 4455 4237 4512 tam

2333 4532 2624 4601 raeclare
2643 4533 2921 4598 meritus
2945 4542 3062 4611 est,
3088 4539 3155 4596 et
3174 4531 3340 4597 mihi
3404 4531 3669 4598 rivatim
3697 4553 3955 4616 semper
3989 4532 4238 4598 amicus

2359 4621 2429 4684 it.
2501 4617 2576 4685 Si
2600 4639 2732 4703 qua
2750 4618 2955 4704 igitur
2996 4625 3062 4682 te
3106 4618 3246 4683 eius
3284 4637 3383 4683 rel
3425 4638 3581 4684 cura
3625 4619 3921 4705 pupugit,
3966 4637 4237 4685 securus

2286 4706 2358 4771 in
2398 4713 2735 4791 posterum
2778 4704 3073 4789 quiescas
3117 4702 3286 4771 licet.

2285 5064 2424 5123 1589
2483 4928 2550 5118 ᾗ)
2586 4926 3020 5120 &zet-&dra
3053 4995 3273 5066 eamve
3305 4995 3368 5050 ἑκ
3400 4993 3501 5051 hoc
3534 4995 3748 5065 negotio
3779 4993 4033 5065 partam
4065 5009 4115 5048 v.
4159 4992 4239 5052 N.
