4900 6167
649 438 733 498 35
2024 421 2034 430 “
2163 424 2688 494 EPISTOLAE
2739 427 3158 491 1443-1444
3721 428 3728 434 ’
4586 426 4668 493 36

649 639 790 686 non
848 617 1019 702 quod
1085 618 1228 683 ulla
1288 616 1743 683 dissidentium
1788 616 2121 683 alternatio
2177 617 2244 681 in
2290 636 2366 680 eo
2410 623 2602 681 coetu

510 747 539 768 f
650 705 876 771 futura
918 704 1038 778 sit,
1099 703 1213 771 sed
1274 702 1443 785 quod
1513 723 1732 770 sacras
1787 701 2163 784 praesulum
2224 720 2416 766 aures
2462 707 2601 765 tam

636 793 1093 857 irreverenter
1146 811 1187 854 a
1243 788 1429 854 nobis
1488 786 1731 853 offendi
1776 787 2137 872 indignitas
2179 787 2311 852 illis
2356 785 2604 851 videbi-

648 881 761 942 tur
804 896 935 940 non
978 873 1265 940 ferenda.
1355 874 1494 940 Nec
1549 875 1894 940 obscurum
1961 880 2061 938 est
2108 894 2304 956 quam
2364 870 2607 937 tumul·

589 1023 596 1032 .
649 973 840 1027 tuosa
878 961 966 1026 sit
1027 969 1250 1025 e'orum
1308 961 1743 1043 intemperies,
1834 958 2032 1025 Certe
2075 970 2149 1023 ιιι
2191 977 2456 1024 causam
2500 976 2603 1021 ra-

652 1049 830 1112 tione
874 1045 1266 1130 disceptent,
1312 1045 1474 1111 adeo
1517 1065 1852 1127 nunquam
1897 1045 2245 1127 impetrari
2305 1041 2389 1108 ab
2443 1043 2603 1124 ipsis

653 1133 907 1216 poterit,
955 1144 1030 1197 ut
1050 1152 1135 1197 ne
1163 1131 1532 1197 umbratilis
1564 1130 1824 1214 quidem
1844 1128 2166 1214 speranda
2187 1130 2273 1195 sit
2293 1128 2600 1212 cognitio.

685 1291 695 1298 ‚
826 1216 1096 1283 Cultum
1146 1216 1268 1282 Dei
1319 1216 1691 1282 innumeris
1745 1214 2317 1300 superstitionibus
2361 1233 2602 1296 purga-

652 1312 814 1381 tum,
860 1302 1094 1386 quibus
1138 1312 1481 1385 corruptus
1526 1301 1924 1384 obrutusque
1965 1301 2107 1374 fuit,
2153 1319 2461 1366 revocare
2518 1298 2601 1363 ad

652 1409 837 1455 suam
902 1389 1256 1472 puritatem
1317 1388 1714 1454 conabimur.
1802 1388 1934 1453 Hie
1993 1386 2249 1470 profani
2303 1383 2600 1450 rhetores

653 1475 822 1541 nihil
865 1494 1063 1557 quam
1105 1474 1429 1539 maiorum
1471 1475 1787 1549 instituta,
1832 1481 2091 1539 veteres
2126 1473 2291 1537 ritus
2335 1491 2411 1535 ac
2455 1489 2599 1536 eae·

654 1561 977 1627 remonias
1020 1560 1397 1642 crepabunt.
1452 1617 1455 1620 ,
1488 1557 1691 1640 Quasi
1744 1580 1896 1624 vero
1940 1580 2070 1623 non
2116 1557 2310 1622 aliam
2347 1554 2599 1621 colendi

654 1647 782 1712 Dei
826 1646 1144 1710 rationem
1190 1643 1459 1710 ecclesia
1501 1645 1763 1710 coelesti
1804 1643 2269 1727 prophetarum
2314 1651 2382 1706 et
2403 1640 2599 1707 Chri-

657 1733 756 1797 sti·
779 1731 1156 1815 magisterio
1193 1731 1422 1797 edocta
1457 1738 1695 1809 teneat,
1742 1750 1934 1814 quam
1970 1730 2117 1794 faex
2154 1727 2427 1793 Romuli
2456 1728 2598 1791 ani-

652 1816 825 1882 libus
866 1824 1124 1882 tantum
1148 1816 1400 1881 Numae
1421 1815 1731 1899 Pompilii
1772 1813 2017 1880 deliriis
2051 1815 2364 1880 fascinata
2405 1813 2598 1878 bruto

652 1913 920 1985 stupore
964 1908 1239 1984 sequuta
1283 1901 1385 1967 sit.
1487 1902 1616 1968 Ubi
1656 1910 1875 1966 autem
1920 1901 2050 1979 illa,
2112 1899 2308 1983 quam
2353 1899 2596 1982 passim

656 1988 981 2054 Dominus
1040 1999 1378 2070 tantopere
1436 1989 1643 2071 exigit
1707 1998 1967 2069 tamque
2006 1986 2321 2069 praecise
2388 1993 2593 2069 urget,

645 2073 1055 2139 obedientiae
1109 2071 1543 2155 simplicitas?
1650 2070 1725 2137 Si
1785 2070 1865 2136 de
1938 2080 2212 2136 naturae
2268 2069 2596 2135 humanae

643 2159 975 2243 pravitate
1009 2167 1077 2222 et
1110 2158 1349 2224 misero
1385 2156 1762 2240 perditoque
1805 2165 2001 2234 statu,
2048 2157 2127 2222 de
2150 2156 2399 2223 Christi
2443 2176 2595 2239 gra·

645 2244 739 2310 tia
772 2253 838 2309 et
871 2245 1139 2320 virtute,
1188 2243 1267 2308 de
1305 2244 1592 2328 gratuita
1628 2243 1859 2309 salutis
1897 2252 2156 2307 nostrae
2194 2262 2412 2318 causa,
2461 2241 2595 2307 dis-

643 2331 893 2414 putatio
937 2321 1318 2403 habebitur,
1377 2350 1532 2393 mox
1577 2328 1802 2411 putida
1846 2329 2217 2395 scholarum
2262 2328 2595 2392 axiomata

642 2436 760 2500 pro
805 2415 1165 2480 dictatoriis
1210 2416 1470 2492 edictis,
1528 2415 1766 2497 quibus
1833 2424 2022 2480 extra
2078 2414 2592 2479 controversiam

645 2499 951 2567 standum
974 2501 1083 2576 sit,
1128 2500 1542 2584 superciliose
1582 2500 1928 2583 proferent.
1999 2499 2284 2582 Spiritus
2328 2507 2594 2565 sanctus

643 2587 829 2652 nobis
872 2589 941 2650 in
982 2585 1314 2669 ‘scriptura
1357 2596 1546 2651 autor
1590 2600 1709 2664 est,
1755 2595 1945 2651 tanta
1979 2586 2287 2652 caecitate
2323 2603 2591 2667 percus·

645 2693 782 2737 sam
843 2692 986 2737 esse
1029 2682 1312 2737 mentem
1358 2683 1647 2737 nostram
1666 2724 1679 2748 ,
1736 2674 1827 2737 sic
1872 2692 2107 2753 pravos
2150 2693 2289 2736 esse
2334 2681 2400 2735 et
2442 2691 2596 2735 con-

643 2766 851 2823 tortos
894 2757 1166 2826 affectus
1222 2757 1465 2837 cordis,
1533 2767 1735 2823 totam
1789 2767 2090 2822 naturam
2144 2757 2237 2822 sic
2294 2756 2594 2821 vitiatam

643 2864 803 2919 esse,
850 2851 924 2906 ut
966 2843 1131 2907 nihil
1176 2864 1365 2926 quam
1411 2863 1679 2927 peceare
1721 2844 2065 2926 possimus,
2109 2842 2310 2909 donec
2355 2862 2595 2907 novam

643 2930 782 3012 ipse
848 2927 1260 2994 voluntatem
1325 2929 1396 2993 in
1454 2929 1645 2994 nobis
1703 2929 1952 2994 formet.
2040 2927 2225 2993 Idem
2292 2949 2413 2993 nos
2472 2926 2592 2992 sub

644 3022 950 3079 aeternae
1020 3016 1249 3080 mortis
1318 3023 1505 3079 reatu
1565 3016 1977 3093 constrictos,
2055 3014 2351 3081 abdicata
2414 3014 2594 3078 omni

642 3119 916 3182 operum
958 3107 1335 3165 nostrorum
1379 3098 1634 3178 fiducia,
1673 3099 1757 3166 ad
1800 3102 2065 3166 unicum
2109 3098 2590 3165 misericordiae

643 3185 771 3252 Dei
831 3185 1089 3270 asylum
1145 3187 1525 3270 confugere,
1601 3195 1934 3269 totamque
1988 3186 2275 3251 iustitiae
2328 3192 2590 3250 nostrae

636 3292 969 3337 summam
1012 3271 1082 3336 in
1128 3291 1206 3336 ea
1240 3291 1558 3355 reponere
1599 3274 1788 3357 cogit.
1876 3270 2061 3336 Idem
2098 3292 2219 3336 nos
2254 3270 2336 3335 ad
2373 3270 2591 3335 Deum

642 3357 934 3422 invitans
989 3376 1126 3423 non
1184 3357 1314 3422 alia
1369 3378 1567 3440 quam
1609 3357 1950 3442 sanguinis
1996 3355 2249 3423 Christi
2292 3354 2590 3421 mercede

643 3463 793 3508 eum
840 3441 1029 3508 nobis
1072 3443 1320 3526 placari
1363 3450 1673 3509 testatur:
1734 3451 1802 3508 et
1845 3442 2038 3509 simul
2086 3440 2333 3507 Christi
2375 3452 2592 3525 patro-

644 3528 814 3593 cinio
857 3526 1061 3594 fretos
1118 3528 1442 3612 intrepide
1493 3529 1575 3593 ad
1630 3528 1907 3594 coeleste
1951 3527 2241 3593 tribunal
2284 3526 2589 3594 accedere
2639 3561 2644 3582 ·

642 3613 838 3680 iubet.
924 3613 1186 3679 Horum
1230 3634 1316 3679 ne
1372 3612 1527 3698 quid
1569 3615 1871 3680 audiatur
1925 3615 2259 3699 perpetuis
2300 3612 2433 3678 illis
2477 3611 2590 3678 de-

644 3700 840 3776 cretis
905 3700 1229 3766 sancitum
1286 3711 1410 3776 est,
1470 3721 1633 3784 quae
1687 3700 1933 3766 violare
1987 3701 2199 3765 maius
2248 3707 2349 3765 est
2403 3697 2589 3764 nefas

643 3805 839 3933 giam
875 3786 1067 3851 fidem
1103 3787 1247 3852 Deo
1282 3786 1478 3853 simul
1524 3794 1591 3852 et
1625 3785 1876 3870 angelis
1918 3785 2219 3850 omnibus
2254 3784 2586 3869 abrogare.

714 3891 750 3935 e
794 3872 1221 3937 sacramentis
1277 3873 1549 3938 verbum
1610 3873 1819 3939 facere
1870 3892 1998 3937 non
2063 3870 2449 3954 permittent
2507 3871 2588 3937 ab

643 3977 771 4021 usu
814 3967 1071 4040 recepto
1132 3956 1637 4024 dissentaneum.
1727 3957 1874 4023 Hoc
1929 3964 2149 4022 autem
2207 3954 2365 4040 quid
2409 3956 2587 4021 aliud

647 4052 749 4107 est
801 4062 993 4125 quam
1050 4043 1158 4107 vel
1231 4044 1523 4110 modicae
1592 4043 1975 4109 correctioni
2046 4043 2223 4107 viam
2290 4042 2587 4125 praeclu-

647 4126 841 4193 dere?
945 4130 1149 4211 Atqui
1216 4128 1556 4194 ostendere
1611 4138 1980 4212 promptum
2037 4136 2169 4206 est,
2234 4148 2432 4211 quam
2487 4128 2582 4192 in-

644 4234 835 4278 versa
891 4216 979 4280 sit
1031 4214 1102 4279 in
1151 4223 1398 4297 papatu
1455 4235 1528 4280 ac
1572 4223 1989 4298 praepostera
2031 4220 2584 4280 sacramentorum

645 4299 1150 4379 administratio,
1198 4311 1272 4366 ut
1314 4301 1476 4366 nihil
1522 4299 1984 4383 propemodum
2029 4298 2353 4383 genuinae
2398 4297 2584 4364 Chri-

645 4386 728 4450 sti
796 4386 1059 4469 regulae
1118 4384 1313 4451 affine
1376 4388 1635 4452 habeat:
1703 4407 1897 4469 quam
1965 4383 2373 4450 adulterinae
2427 4384 2586 4450 illuc

644 4471 1049 4554 corruptelae
1105 4471 1541 4555 obrepserint,
1593 4473 1724 4538 imo
1780 4493 1973 4554 quam
2019 4470 2205 4536 foeda
2245 4470 2588 4555 sacrilegia

643 4557 1015 4638 irruperint.
1125 4555 1593 4638 Quaestionem
1660 4557 1830 4624 hanc
1898 4575 2159 4623 movere
2222 4577 2307 4622 ne
2373 4556 2581 4623 liceat.

641 4641 875 4725 Itaque
932 4643 1053 4708 hoc
1112 4643 1569 4727 theologastris
1613 4643 1881 4727 vulgare
1925 4652 2024 4709 est
2067 4641 2347 4721 dictum,
2414 4641 2585 4725 quod

641 4729 885 4812 passim
942 4726 1132 4792 editis
1189 4725 1372 4795 libris
1429 4730 1787 4796 iaetarunt:
1852 4739 1928 4794 ut
1980 4728 2325 4795 incolumis
2379 4727 2585 4794 ecele-

642 4815 776 4879 siae
813 4823 1075 4878 maneat
1109 4823 1318 4880 status
1353 4816 1656 4900 inprimis
1693 4813 2060 4881 cavendum
2095 4834 2236 4880 esse
2280 4835 2362 4880 ne
2385 4833 2584 4897 quam

643 4901 725 4965 de
768 4900 1087 4984 capitibus
1131 4900 1321 4965 hodie
1365 4902 1798 4968 controversis
1841 4899 2315 4966 dubitationem
2369 4900 2584 4967 conci-

642 4984 805 5050 lium
851 4984 1171 5050 admittat.

812 5072 1040 5155 Nuper
1083 5073 1282 5136 etiam
1327 5073 1568 5156 prodiit
1609 5073 1835 5157 lingua
1877 5071 2096 5137 italica
2135 5070 2426 5136 insulsus
2473 5092 2583 5136 cu-

524 5227 533 5238 ,
637 5155 893 5222 iusdam
941 5157 1138 5222 Mutii
1181 5158 1451 5238 liber,⁹)
1495 5181 1710 5225 meras
1754 5157 2049 5223 lanienas
2093 5158 2231 5224 sine
2275 5157 2408 5222 sale
2453 5157 2583 5240 spi-

843 5283 901 5414 s}
918 5283 1137 5414 “on-N.
1175 5345 1326 5404 1436.

2704 633 2879 692 rans,
2924 612 3034 678 ubi
3080 612 3204 680 hoc
3238 613 3491 698 prolixe
3525 616 3931 697 exsequitur:
3977 615 4144 681 nihil
4185 621 4446 681 restare
4487 614 4680 680 aliud·

2705 699 2835 764 nisi
2890 707 2968 764 ut
3010 697 3092 764 de
3148 707 3286 765 tota
3326 718 3524 765 eausa
3565 700 3694 765 iam
3740 701 3862 766 sibi
3904 698 4155 785 liquere
4197 703 4663 784 pronuncient,

2706 805 2906 867 quum
2952 782 3035 850 ad
3090 784 3416 870 synodum
3479 784 3931 852 celebrandam
3984 787 4427 853 convenerint
4477 806 4664 853 reve-

2706 870 2896 935 rendi
2939 881 3187 952 patres:
3242 870 3375 936 illis
3432 880 3690 937 tantum
3750 892 3871 938 nos
3926 873 4372 956 sanguinariis
4437 872 4667 937 edictis

2707 954 2790 1021 ad
2832 954 3374 1022 subscribendum
3416 965 3671 1041 cogant.
3759 958 4086 1043 Equidem
4128 978 4366 1024 raucos
4411 957 4665 1023 sinistri

2705 1042 2903 1106 huius
2966 1040 3242 1107 bubonis
3313 1043 3602 1127 garritus
3670 1064 3799 1108 non
3855 1043 4162 1128 dignarer
4229 1045 4302 1108 in
4372 1043 4662 1109 medium

2704 1127 3177 1211 proferre,‘nisi
3213 1125 3388 1211 qued
3409 1128 3628 1194 Iulius
3671 1150 3837 1213 papa
3879 1129 4078 1196 breve
4100 1150 4298 1195 suum
4341 1130 4413 1194 in
4449 1130 4667 1213 operis

2705 1211 3332 1279 commendationem
3395 1213 3722 1279 adiunxit:
3792 1213 3966 1282 unde
4033 1215 4356 1281 iudicium
4421 1213 4663 1293 facient

2700 1298 2995 1377 lectores,
3042 1299 3389 1366 concilium
3433 1300 3621 1384 quale
3660 1300 3857 1366 Mutii
3899 1301 4242 1385 praeconio
4287 1299 4664 1367 celebratur

2706 1405 2746 1448 a
2791 1383 2966 1449 Iulio
3008 1385 3438 1468 approbatore
3481 1386 3875 1469 sperandum
3920 1408 4078 1453 esse.

2875 1467 3157 1550 Quando
3217 1471 3422 1554 igitur
3469 1473 3888 1539 antichristos
3957 1473 4118 1539 istos
4173 1471 4482 1538 videmus
4550 1472 4661 1539 de·

2704 1567 2966 1638 sperata
2985 1556 3343 1639 pertinacia
3365 1577 3555 1622 ruere
3598 1559 3669 1622 in
3705 1577 3904 1624 sanae
3938 1557 4271 1626 doctrinae
4307 1558 4657 1638 excidium,

2701 1651 2770 1705 et
2801 1641 2944 1724 pari
2980 1639 3330 1709 insolentia
3364 1663 3592 1709 secure
3626 1644 3978 1725 exsultare,
4025 1666 4146 1711 nec
4178 1644 4316 1710 alia
4353 1642 4436 1711 de
4464 1664 4661 1711 causa

2701 1741 2955 1792 struere
2996 1728 3286 1793 fucatum
3329 1728 3671 1795 concilium
3715 1730 3844 1796 nisi
3883 1739 3959 1795 ut
3991 1731 4336 1815 profligato
4373 1751 4658 1814 evange·

2698 1812 2786 1877 lio
2832 1812 3135 1878 ultimum
3166 1815 3475 1880 victoriae
3510 1836 3666 1880 suae
3701 1835 3950 1897 paeana
3992 1825 4280 1895 cantent,
4329 1837 4454 1881 nos
4499 1838 4657 1899 quo-

2701 1918 2828 1981 que
2885 1899 3169 1964 vicissim
3225 1899 3308 1964 ad
3374 1899 3772 1982 sequendum
3835 1900 4020 1968 ducis
4078 1903 4291 1968 nostri
4333 1902 4658 1967 vexillum

2703 1985 2874 2049 veris
2940 1986 3138 2051 armis
3191 1984 3409 2050 induti
3476 1987 3729 2052 animos
3802 1987 4204 2071 colligamus.
4311 1987 4392 2054 Si
4467 1986 4657 2053 modo

2699 2069 2946 2154 fulgeat
3001 2083 3077 2135 ut
3141 2071 3334 2137 debet
3392 2092 3557 2153 pura
3612 2072 4020 2157 simplexque
4076 2076 4446 2158 scripturae
4507 2072 4659 2138 doe-

2696 2156 2892 2235 trina,
2936 2167 3252 2240 papatum
3307 2156 3597 2240 quisquis
3654 2159 3872 2225 oculos
3928 2160 4180 2243 aperire
4227 2179 4361 2225 non
4410 2158 4660 2226 abnuet

2696 2241 2985 2307 immane
3029 2253 3093 2308 et
3137 2243 3533 2308 exsecrabile
3585 2251 3951 2310 monstrum
3994 2264 4135 2311 esse
4180 2260 4527 2330 agnoscet,
4574 2266 4657 2311 ex

2698 2328 3044 2393 innumera
3086 2349 3380 2393 errorum
3437 2330 3738 2412 congerie
3782 2328 4067 2396 Satanae
4113 2333 4368 2399 artibus
4412 2332 4653 2397 confla-

2699 2420 2857 2478 tum.
2949 2414 3010 2478 N
3013 2435 3085 2480 os
3133 2415 3309 2480 enim
3358 2414 3503 2498 plus
3558 2436 3753 2497 quam
3803 2415 4027 2482 solidis
4071 2418 4468 2492 testimoniis
4514 2416 4653 2500 pla-

2697 2519 2858 2562 num
2904 2499 3201 2577 facimus,
3247 2501 3523 2583 gloriam
3559 2501 3687 2566 Dei
3728 2501 3862 2567 illic
3897 2503 4214 2587 sacrilega
4259 2504 4654 2569 laceratione

2696 2583 2791 2648 ita
2834 2605 2975 2651 esse
3017 2586 3193 2650 inter
3236 2586 3467 2652 fictitia
3500 2585 3671 2651 idola
3706 2586 4139 2667 distributam,
4185 2597 4261 2653 ut
4295 2591 4415 2654 vix
4451 2608 4651 2672 penes

2697 2690 2848 2735 eum
2905 2673 3259 2737 centesima
3300 2673 3460 2736 iuris
3516 2673 3614 2737 sui
3671 2675 3878 2755 portio
3922 2672 4220 2740 resideat.
4315 2675 4424 2740 Ad
4468 2674 4647 2750 haec,

2697 2757 2753 2820 si
2797 2778 2991 2838 quem
3049 2757 3294 2822 cultum
3355 2755 3688 2823 residuum
3746 2760 4023 2838 faciunt,
4075 2759 4327 2825 nullam
4379 2780 4649 2844 prorsus

2697 2842 2840 2908 eius
2885 2850 3137 2926 partem
3195 2843 3515 2909 sinceram
3575 2863 3856 2910 manere.
3948 2845 4134 2911 Adeo
4173 2845 4649 2929 superstitiosis

2697 2928 3039 2993 hominum
3102 2929 3487 2994 commentis
3547 2930 3789 2994 referta
3847 2940 4002 2996 sunt
4057 2932 4295 2997 omnia.
4400 2931 4644 2997 Iisdem

2696 3013 3027 3097 figmentis
3070 3014 3281 3100 legem
3324 3014 3453 3079 Dei
3496 3013 3763 3099 indigne
3818 3036 3958 3082 esse
4002 3017 4303 3083 obrutam
4355 3016 4644 3084 ostendi-

2695 3121 2858 3165 mus.
2950 3098 3144 3181 Quod
3201 3099 3540 3165 hominum
3596 3101 3754 3186 iugo
3818 3104 4207 3169 constrictae
4267 3106 4486 3187 potius
4545 3113 4644 3168 te·

2694 3193 2936 3250 nentur
2972 3187 3250 3251 miserae
3307 3185 3566 3251 animae
3611 3207 3811 3270 quam
3853 3188 3978 3253 Dei
4033 3187 4364 3256 mandatis
4407 3209 4643 3273 regan-

2694 3279 2835 3350 tur,
2882 3271 3053 3355 quod
3096 3271 3216 3338 sub
3251 3272 3479 3354 iniquo
3523 3280 3619 3337 tot
3663 3272 4088 3340 traditionum
4115 3295 4331 3350 ,onere
4371 3281 4645 3359 gemunt

2695 3376 2769 3422 ac
2807 3356 3135 3437 laborant,
3194 3358 3324 3422 imo
3359 3357 3604 3423 crudeli
3649 3358 4001 3443 tyrannide
4044 3368 4472 3443 premuntur:
4531 3360 4643 3425 illa

2692 3443 3236 3526 praevaricatrice
3281 3441 3648 3509 obedientia
3686 3443 3846 3510 adeo
3888 3444 4058 3510 nihil
4091 3448 4407 3530 proficere
4446 3457 4641 3512 testa·

2693 3549 2862 3607 mur,
2907 3540 2983 3593 ut
3027 3550 3097 3594 se
3137 3529 3208 3593 in
3238 3529 3531 3594 altiorem
3569 3528 4020 3615 labyrinthum
4065 3532 4342 3598 subinde
4377 3535 4640 3598 immer-

2693 3623 2867 3698 gant.
2938 3614 3163 3680 Nihilo
3206 3614 3543 3682 obscurius
3580 3613 3884 3683 docemus
3919 3638 4002 3682 ex
4038 3619 4397 3700 scriptura:
4445 3617 4638 3684 Chri-

2692 3700 2777 3765 sti
2821 3699 3134 3766 virtutem
3169 3700 3302 3768 illie
3347 3701 3484 3767 fere
3539 3701 3815 3779 aboleri,
3883 3704 4206 3768 exinaniri
4260 3725 4345 3770 ex
4399 3722 4640 3787 magna

2692 3792 2880 3870 parte
2923 3787 3062 3853 eius
3105 3787 3417 3870 gratiam,
3469 3787 3758 3854 infelices
3802 3788 4055 3854 animas
4098 3787 4180 3854 ab
4222 3789 4366 3873 ipso
4410 3790 4637 3872 abrep-

2693 3881 2795 3937 tas
2837 3872 3088 3937 exitiali
3151 3874 3452 3957 propriae
3498 3874 3760 3938 virtutis
3805 3894 4200 3956 operumque
4245 3873 4635 3942 confidentia

2690 3958 2926 4022 inflari.
3014 3959 3139 4023 Dei
3182 3959 3679 4039 invocationem,
3724 3958 3931 4042 qualis
3974 3959 4171 4025 verbo
4211 3960 4353 4027 eius
4390 3960 4636 4044 praeei-

2691 4044 2885 4125 pitur,
2909 4064 3112 4125 quum
3135 4051 3352 4109 tamen
3390 4045 3658 4109 unicum
3680 4045 3768 4110 sit
3788 4043 4018 4110 salutis
4041 4044 4315 4130 asylum,
4340 4045 4638 4112 funditus

2691 4148 2988 4195 eversam
3017 4150 3157 4195 esse
3185 4130 3655 4196 convincimus.
3701 4128 4130 4196 Sacramenta
4151 4132 4395 4215 partim
4417 4141 4634 4197 extra·

2689 4215 2832 4279 neis
2868 4215 3198 4299 figmentis
3218 4214 3588 4281 adulterata
3609 4236 3749 4280 esse
3770 4215 3983 4297 palam
4003 4226 4463 4296 monstramus,
4487 4237 4634 4300 par-

2689 4299 2811 4365 tim
2825 4300 2893 4364 in
2910 4300 3202 4365 alienum
3220 4321 3413 4365 usum
3436 4299 3753 4376 traducta,
3778 4299 3948 4383 quod
3961 4301 4094 4367 illis
4106 4305 4303 4386 impie
4325 4303 4636 4388 alligatur

2687 4387 2790 4452 vis
2839 4386 3140 4469 spiritus,
3208 4403 3274 4452 et
3316 4383 3491 4470 q'ued
3535 4387 3871 4468 proprium
3916 4386 4163 4453 Christi
4221 4399 4362 4454 erat
4402 4409 4632 4472 perpe·

2690 4492 2833 4536 ram
2905 4469 3315 4537 adscribitur.
3422 4470 3791 4537 Numerum
3865 4473 4098 4539 deinde
4165 4475 4630 4557 septenarium,

2689 4578 2882 4640 quem
2927 4563 3172 4623 temere
3214 4556 3646 4637 fabricarunt,
3703 4558 3838 4624 illis
3880 4561 4261 4626 excutimus.
4355 4560 4628 4626 Missam

2688 4663 2878 4722 vero,
2923 4642 3095 4726 quod
3141 4644 3527 4708 sacrificium
3572 4665 3715 4711 esse
3760 4646 4045 4729 fingunt,
4107 4648 4456 4727 probamus
4500 4649 4628 4710 foe·

2690 4728 2839 4793 dam
2864 4749 3006 4795 esse
3026 4729 3258 4794 mortis
3273 4727 3519 4795 Christi
3544 4730 4061 4816 abnegationem,
4079 4730 4435 4813 multisque
4453 4751 4631 4813 prae-

2689 4824 2871 4879 terea
2903 4814 3261 4898 sacrilegiis
3305 4824 3551 4880 scatere
3603 4815 4016 4900 perspicuum
4052 4816 4340 4882 facimus.
4414 4817 4622 4890 Certe,

2688 4898 2880 4965 modo
2921 4920 3044 4965 sua
3086 4910 3341 4966 constet
3379 4902 3739 4984 scripturae
3783 4902 4128 4981 autoritas,
4186 4902 4419 4968 horum
4463 4899 4625 4967 nihil

2687 4992 2788 5052 est
2849 4986 2922 5051 in
2985 5006 3112 5069 quo
3172 5006 3305 5051 non
3373 4985 3816 5052 obmutescere
3879 4997 4195 5072 cogantur
4252 4987 4622 5055 adversarii.

2686 5071 2895 5155 quue
2938 5071 3205 5137 minime
3267 5072 3395 5156 ipsi
3435 5071 3880 5150 dissimulant,
3945 5093 4145 5157 quum
4190 5085 4453 5159 propter
4494 5091 4625 5137 am·

2689 5156 2917 5242 biguos
2961 5158 3319 5241 scripturae
3377 5179 3607 5226 sensus
3666 5158 3779 5223 uni
3822 5157 4128 5224 ecclesiae
4172 5161 4405 5227 iudicio
4448 5167 4624 5223 stan·

2689 5241 2847 5309 dum
2899 5263 3041 5310 esse
3097 5243 3516 5311 contendunt.
3616 5241 3812 5324 Quis,
3877 5242 4146 5312 obsecro
4163 5297 4177 5324 ‚
4238 5266 4369 5311 non
4423 5240 4621 5320 videt,

2688 5329 3059 5413 posthabito
3118 5330 3245 5396 Dei
3303 5330 3499 5397 verbo
3557 5336 3764 5396 totum
3822 5328 4172 5397 definiendi
4225 5332 4329 5397 ius
4380 5326 4461 5394 ad
4514 5347 4623 5393 ees
