4900 6167
267 395 364 457 401
1942 391 2103 453 1552
2142 385 2472 456 OO'I'OB.

276 577 449 644 rutuli
492 586 710 643 actum
753 577 941 654 foret,
986 579 1098 661 qui
1142 599 1214 644 se
1251 576 1542 643 nondum
1580 576 1833 643 obtulit.
1922 577 2010 643 D.
2056 574 2181 643 Be-

261 684 382 730 m
419 663 712 730 monebis
754 684 840 730 ne
884 663 965 729 de
1006 663 1173 729 meis
1229 663 1650 730 concionibus
1694 663 2033 729 vertendis
2093 664 2181 729 sit

263 751 581 828 sollicitus,
625 749 782 833 quia
824 747 1139 817 Baducllo
1183 751 1588 834 provinciam
1633 748 1803 816 hanc
1847 746 2177 823 mandavi,

258 836 414 920 quasi
458 836 600 902 eius
634 836 978 919 permissu.
997 839 1055 910 ⁸)
1127 837 1218 901 Et
1260 843 1435 901 certe
1478 836 1559 902 ab
1594 835 1786 900 initio
1820 856 1928 900 me
1973 834 2178 918 pude-

258 923 350 988 bu
386 921 553 1004 quod
599 922 807 988 bonas
850 922 1082 1000 horas,
1142 942 1308 1005 quae
1350 922 1585 987 melius
1631 921 1833 988 locari
1877 929 2180 1004 poterant

256 1029 318 1074 ac
368 1006 716 1085 debebant,
792 1007 999 1074 labori
1059 1028 1187 1073 non
1256 1007 1416 1073 satis
1481 1006 1680 1091 digno
1750 1006 2176 1089 impenderet.

255 1093 382 1173 Quo
421 1094 729 1160 libentius
773 1093 1057 1160 oblatam
1102 1094 1507 1160 occasionem
1530 1093 1747 1158 oneris
1792 1092 1920 1157 alio
1962 1100 2178 1157 tal-ans·

252 1178 476 1245 ferendi
520 1202 664 1245 sum
710 1180 1070 1263 amplexus.
1162 1179 1552 1262 Propediem
1610 1199 1762 1244 eum
1807 1177 2179 1244 hortabitur

255 1265 534 1330 Robertus
569 1278 793 1331 noster
826 1266 908 1331 ad
946 1265 1432 1349 suscipiendum
1469 1265 1942 1330 lucubrationis
1970 1285 2178 1348 genus

256 1351 268 1364 .
742 1353 754 1365 .
844 1353 856 1365 .
1344 1353 1358 1365 .
2115 1352 2145 1389 4

250 1351 1485 1522 azss⁰f30..;”2¹.022.502⁰2„.22;3:3;2.
1498 1349 2178 1521 fafitsz‘zffgrstz

250 1522 480 1600 fratres,
541 1544 818 1589 uxorem
889 1531 957 1590 et
1011 1523 1267 1588 filiolas.
1358 1520 1688 1588 Dominus
1758 1543 1877 1588 vos
1951 1541 2178 1588 omnes

250 1619 474 1687 servet,
533 1619 722 1693 regat
777 1619 842 1675 te
899 1610 1170 1693 spiritus
1229 1610 1329 1674 sui
1390 1606 1750 1689 prudentia
1806 1615 1873 1673 et
1932 1608 2178 1672 virtute

249 1696 561 1760 sustineat.
657 1697 889 1762 Amen.
980 1695 1296 1762 Genevae
1358 1698 1414 1758 7.
1474 1691 1800 1759 Calendas
1860 1692 2176 1759 Novemb.

251 1785 410 1844 1352.

1107 2292 1297 2363 lm.

653 2461 668 2474 ·
740 2446 1148 2514 VIRE'I'US
1193 2445 1659 2512 FARELLO.

395 2620 638 2686 Invitat
679 2639 822 2684 eum
864 2620 950 2686 ad
993 2621 1110 2683 iter
1151 2639 1278 2684 una
1332 2619 1647 2685 Genevam
1685 2617 2067 2701 faciendum.

243 2793 336 2854 (Ex
383 2792 727 2863 autographo
765 2791 1138 2845 Bibliothecae
1174 2798 1456 2861 pastorum
1497 2789 1962 2844 Neocomeusium.
2039 2790 2180 2859 Epp.

823 2860 1003 2913 Vireti
1045 2861 1172 2913 fasc.
1210 2860 1312 2914 VI.
1351 2859 1419 2913 N.
1462 2858 1567 2926 11.)

390 3034 662 3099 Eximio
706 3032 860 3098 Iesu
906 3031 1157 3099 Christi
1201 3053 1393 3098 servo
1439 3030 1799 3098 Guilielmo
1843 3030 2105 3096 Farello

1679 3134 2007 3201 Neocomi.

392 3271 465 3339 S.
515 3271 913 3356 Quanquam
938 3272 1162 3356 gravis
1185 3281 1284 3337 est
1321 3292 1521 3337 causa
1542 3292 1708 3353 quae
1745 3293 1863 3336 nos
1886 3272 2180 3337 Bernam

241 3371 432 3444 urget,
479 3360 638 3442 quia
682 3367 904 3423 tamen
951 3358 1021 3421 in
1066 3367 1291 3422 nostra
1333 3368 1432 3421 est
1474 3364 1798 3440 potestate
1844 3356 2013 3423 diem
2061 3358 2179 3422 eli-

241 3464 378 3592 fere
421 3445 862 3529 profectionis,
907 3443 1114 3509 satius
1159 3443 1533 3508 existimavi
1579 3441 1842 3508 differre
1886 3451 2179 3509 nostram

261 3532 622 3614 egationem
659 3550 865 3612 usque
900 3528 982 3593 ad
1006 3528 1407 3608 Mart-inalia,
1437 3533 1488 3609 ¹)
1526 3548 1602 3596 ac
1626 3528 1971 3595 Genavam
1994 3530 2179 3613 prius

241 3614 353 3681 iter
385 3619 698 3701 arripere.
791 3615 962 3680 Nam
999 3614 1189 3681 video
1225 3616 1296 3679 in
1340 3615 1577 3698 quibus
1617 3625 1913 3680 versetur
1947 3615 2181 3681 moles-

242 3701 337 3767 tiis
381 3702 706 3770 Calvimcs.
797 3701 1107 3766 Praestat
1165 3701 1367 3785 igitur
1422 3710 1685 3783 tempus
1739 3710 2178 3784 praevertere,

241 3788 408 3854 cuius
453 3789 510 3854 si
561 3787 1108 3872 praetermittitur
1150 3787 1413 3859 occasio,
1463 3797 1687 3869 postea
1729 3786 1912 3852 nulla
1946 3809 2015 3852 se
2049 3787 2180 3852 for-

240 3883 395 3941 tasse
438 3875 637 3940 offert
683 3883 816 3938 tam
862 3871 1216 3939 commoda.
1306 3872 1571 3937 Interea
1616 3894 1747 3936 non
1785 3893 2181 3957 magnopere

240 3979 332 4025 res
402 3973 669 4026 nostras
744 3956 1178 4023 remorabitur
1250 3969 1394 4024 octo
1466 3958 1717 4023 dierum
1785 3958 2174 4042 prorogatio,

241 4042 498 4112 Fratres
544 4043 630 4110 ad
674 4045 900 4111 classis
943 4055 1345 4111 conventum
1392 4044 1520 4111 huc
1563 4045 1831 4109 venturi
1874 4054 2030 4109 sunt
2072 4064 2179 4110 ca-

240 4129 436 4199 lendis
481 4131 893 4197 Novembris.
985 4131 1086 4195 'I'u
1131 4131 1337 4215 igitur
1381 4131 1437 4198 si
1483 4143 1547 4196 te
1593 4130 1720 4195 huc
1757 4130 1988 4195 sistere
2029 4151 2178 4213 pos-

244 4237 332 4282 ses
364 4218 447 4285 ad
485 4218 787 4302 proxime
822 4227 1207 4300 sequentem
1228 4216 1409 4281 Iovis
1444 4214 1637 4295 diem,
1660 4219 1717 4297 ²)
1763 4237 1882 4281 nos
1917 4225 2177 4299 postero

245 4301 334 4367 dis
375 4304 726 4371 Genevam
771 4303 899 4368 iter
939 4303 1393 4386 arriperemus.
1480 4302 1699 4367 Huius
1743 4313 1808 4368 te
1853 4303 2027 4367 volui
2064 4301 2179 4367 ad-

244 4391 552 4456 monitum
599 4398 676 4453 ut
718 4399 782 4454 te
827 4408 1092 4472 parares
1148 4390 1218 4452 in
1277 4399 1583 4470 tempore.
1673 4389 1822 4471 Ego
1875 4407 2063 4465 vero,
2122 4388 2178 4454 si

245 4474 404 4541 volet
444 4474 795 4553 Dominus,
843 4474 1118 4540 efficiam
1163 4483 1238 4538 ut
1280 4483 1578 4556 paratum
1636 4472 1959 4539 invenias.
2052 4472 2179 4540 Sa-

245 4556 443 4627 lutant
489 4569 554 4626 te
602 4561 810 4625 nostri
854 4580 1108 4636 omnes,
1165 4561 1550 4641 praesertim
1597 4580 1762 4625 uxor
1805 4567 1873 4624 et
1916 4559 2174 4625 filiolae.

245 4738 402 4750 -..ῃ-...-

434 4837 500 4974 {3
538 4833 815 4973 guolrffia
859 4904 991 4959 haec
1045 4908 1281 4971 spectent
1335 4918 1448 4956 non
1501 4902 1683 4973 liquet.
1767 4901 2075 4970 Stephanus
2119 4916 2181 4955 eo

248 4975 464 5056 tmpore
506 4975 718 5043 prelum
764 4987 923 5054 fuum
944 4976 1080 5054 ‘iam
1132 4971 1381 5054 §leaenae
1422 4973 1700 5054 exercebat·
1710 5012 1727 5039 ,
1780 4973 2182 5093 semaam

250 5113 426 5167 a...
500 5050 592 5165 ,εἰ
621 5042 1116 5165 afflatam
1123 5047 1305 5162 ‘aa
1364 5039 1842 5178 ..am
1751 5041 1911 5163 ’Ἢ

249 5175 410 5234 loco.
438 5180 499 5240 1)
539 5180 662 5234 Iam
698 5178 747 5234 7.
787 5179 928 5232 Noc.
972 5179 1218 5233 Gmevae
1250 5183 1424 5232 aaut.
1501 5176 1585 5241 Gr.
1625 5177 1699 5231 N.
1738 5176 1872 5231 1661
1907 5183 2017 5232 not.

442 5250 499 5316 22)
540 5248 813 5302 Calendae
848 5248 987 5302 Noc.
1021 5246 1334 5302 inciderunt
1375 5247 1438 5300 in
1473 5245 1612 5300 diem
1650 5246 1873 5313 Martis,
1908 5261 2035 5315 erqo
2066 5246 2182 5314 pri·

252 5313 331 5369 die
361 5317 562 5371 Nonas
599 5317 871 5371 Genavam
906 5317 1124 5383 petiisse
1155 5317 1425 5370 videntur.

381 5401 600 5456 Caluini
626 5415 811 5471 opera.
893 5401 1002 5456 Vol.
1043 5399 1210 5456 XIV.

4116 401 4250 464 402

2283 575 2391 642 De
2446 598 2645 644 causa
2694 579 3003 649 Garnerii
3055 590 3436 669 praesentes
3486 585 3913 654 conferemus.
4003 584 4252 655 Saluta

2284 662 2606 815 ‹lsglblggam
2659 673 2725 732 et
2767 668 3030 735 amicos.
3121 669 3311 736 Vale.
3399 672 3795 738 Lausannae
3853 677 3954 738 28.
4002 672 4244 742 Octob.

3260 842 3444 908 'I'uus
3486 842 3722 910 Petrus
3767 843 4060 911 Viretus.

3164 1350 3358 1423 167⁰.

2751 1488 3283 1555 DRYANDER
3329 1488 3767 1558 GALVINO.

2458 1658 2815 1743 Aryentina
2879 1665 3163 1726 versatur
3229 1664 3300 1725 in
3363 1664 3616 1746 maynis
3669 1664 4002 1747 periculi&
4068 1643 4269 1749 pecte⁸

2273 1745 2527 1828 pariter
2580 1765 2654 1810 ac
2709 1745 2863 1811 bello
2919 1751 3160 1811 vexata.
3254 1747 3529 1814 Labores
3585 1770 3732 1815 suos
3788 1750 4040 1817 biblicae
4094 1759 4237 1820 ante

2282 1835 2537 2000 m
2591 1832 2693 1896 edi
2745 1832 2934 1913 cupit.
3024 1831 3334 1898 Hedionis
3388 1835 3551 1900 lau-9.
3660 1835 3958 1903 Stancari
4011 1858 4238 1905 novum

2601 2087 2712 2153 (Ex
2749 2089 3089 2158 autographo
3126 2089 3252 2144 cod.
3291 2090 3498 2145 Genev.
3535 2089 3650 2158 112,
3684 2091 3776 2145 sol.
3814 2091 3926 2156 71.)

2463 2257 2846 2325 Clarissimo
2892 2262 3036 2326 viro
3078 2261 3165 2326 D.
3212 2261 3448 2327 Ioanni
3491 2262 3773 2328 Calvino

3731 2365 4063 2433 Genevae.

2460 2496 2530 2564 S.
2576 2496 2663 2562 D.
2731 2497 2958 2582 Nuper
2998 2498 3081 2564 ad
3123 2506 3189 2563 te
3245 2502 3477 2584 scripsi
3539 2523 3655 2585 per
3698 2501 4035 2569 Nicolaum
4081 2503 4240 2570 Fer-

2285 2605 2464 2649 reum
2492 2589 2543 2661 1)
2587 2592 2656 2649 et
2696 2584 3066 2734 siffinificavi
3104 2584 3562 2652 liberationem
3601 2595 3894 2654 nostram
3914 2592 3973 2671 ²)
4018 2600 4085 2655 et
4127 2612 4240 2674 pe-

2289 2669 2499 2736 ricula
2543 2670 2610 2734 iu
2657 2671 2767 2753 qui
2814 2693 2890 2735 us
2936 2670 3044 2737 hic
3104 2693 3535 2738 versaremur.
3626 2675 3731 2738 Ro
3819 2675 3890 2740 vi
3944 2676 4106 2741 item
4162 2683 4241 2743 ut

2287 2756 2354 2821 in
2393 2776 2594 2823 causa
2629 2755 2976 2821 bibliorum
2999 2760 3055 2832 ⁸)
3091 2766 3156 2822 et
3202 2756 3607 2841 diligentiam
3652 2760 3734 2824 ad
3786 2762 3998 2828 iberes
4041 2782 4240 2845 quam

2286 2841 2679 2924 promisisti,
2726 2863 3047 2925 quamque
3091 2844 3299 2927 pietas
3341 2846 3483 2927 ipsa
3526 2847 3595 2910 in
3643 2849 3903 2930 negotio
3949 2846 4077 2913 Dei
4120 2848 4240 2914 fla-

2287 2929 2487 3012 gitat,
2556 2937 2622 2993 et
2678 2928 2850 3011 quod
2909 2930 3176 2994 omnino
3233 2930 3380 2997 istic
3435 2932 3578 2996 fieri
3637 2933 3875 3014 poterit
3933 2932 4107 2998 clare
4163 2954 4239 3001 ac

2288 3014 2633 3098 perspicue
2676 3034 2795 3098 per
2837 3014 3054 3097 ipsum
3101 3015 3470 3094 Nicolaum,
3532 3017 3639 3100 qui
3683 3018 3907 3082 statim
3952 3040 4023 3083 se
4066 3017 4240 3084 redi-

2288 3111 2514 3166 turum
2556 3119 2699 3166 esse
2753 3098 3051 3182 putabat,
3111 3101 3533 3186 significares.
3622 3101 3766 3167 Iam
3825 3111 4045 3170 autem
4102 3125 4240 3170 non

2283 3185 2480 3251 modo
2524 3185 2699 3250 idem
2743 3186 2858 3252 abs
2901 3195 2968 3251 te
3004 3186 3329 3253 contendo
3365 3187 3535 3271 quod
3577 3209 3793 3271 nuper
3827 3190 4074 3273 scripsi,
4122 3189 4239 3257 sed

2285 3272 2485 3337 etiam
2530 3270 2956 3338 vehementer
2999 3293 3114 3339 oro
3156 3282 3233 3337 ut
3273 3273 3406 3338 tuis
3451 3286 3516 3339 et
3569 3275 3877 3341 ecclesiae
3934 3273 4237 3358 precibus

2281 3379 2407 3424 -nos
2450 3368 2522 3424 et
2579 3367 2877 3423 nostram
2932 3358 3314 3423 familiolam
3352 3358 3494 3424 Deo
3539 3360 3972 3428 commendes.
4063 3361 4238 3427 Nam

2283 3443 2576 3528 profecto
2623 3463 2962 3509 versamur
3007 3444 3113 3509 hic
3155 3444 3225 3509 in
3272 3446 3530 3528 magnis
3574 3446 3897 3530 periculis,
3943 3467 4110 3529 quae
4154 3447 4234 3514 ab

2283 3532 2426 3615 ipso
2471 3528 2645 3596 coelo
2704 3538 2771 3595 et
2828 3551 2868 3594 a
2908 3539 3084 3595 terra
3126 3530 3314 3614 quasi
3360 3539 3591 3597 mutua
3633 3532 4117 3615 conspiratione
4158 3532 4236 3597 in

2282 3616 2457 3682 hanc
2494 3616 2828 3700 regionem
2870 3616 3133 3697 profusa
3174 3613 3503 3682 videntur.
3594 3616 3956 3683 Grassatur
3997 3618 4066 3681 in
4112 3617 4236 3686 hac

2285 3701 2446 3768 urbe
2491 3702 2694 3785 pestis
2750 3701 3135 3767 saevissima
3194 3721 3361 3785 quae
3418 3703 3592 3785 rapit
3648 3703 3885 3767 multos
3905 3707 3961 3782 ⁴)
4019 3712 4086 3768 et
4129 3708 4237 3780 (ut

2284 3797 2442 3854 sunt
2486 3794 2938 3870 tempestates)
2984 3794 3259 3869 putatur
3293 3787 3629 3852 duratura.
3720 3787 3886 3852 Heri
3929 3787 4236 3871 sepelivi-

2284 3895 2435 3939 mus
2481 3893 2756 3938 uxorem
2804 3871 3170 3959 Sturmii,⁶)
3217 3882 3283 3939 et
3326 3873 3518 3937 multi
3561 3872 3668 3936 alii
3716 3871 3975 3938 obscuri
4021 3874 4234 3939 nomi-

2283 3961 2389 4025 nis
2432 3956 2718 4042 quotidie
2760 3959 3145 4023 moriuntur.
3236 3958 3501 4023 Bellum
3557 3979 3812 4041 qnoque
3869 3980 3989 4025 nos
4033 3959 4235 4027 infes-

2285 4055 2384 4110 tat
2425 4043 2843 4130 gravissime,
2910 4065 3038 4109 non
3083 4044 3274 4108 aliter
3331 4064 3406 4109 ac
3461 4044 3518 4108 si
3572 4053 3847 4128 uterque
3902 4046 4234 4112 exercitus

2283 4143 2504 4198 essent
2562 4129 2849 4196 hostiles.
2940 4128 3330 4196 Gaesareani
3387 4129 3626 4194 milites
3686 4140 4032 4196 vastarunt
4088 4132 4234 4196 uni·

2279 4420 2463 4477 1670.
2490 4419 2547 4484 1)
2587 4420 2820 4475 Antonii
2856 4419 3073 4500 canipa·
3103 4432 3357 4501 εροοωηι.

2489 4489 2546 4555 2)
2583 4495 2745 4556 pacto
2784 4488 3137 4543 Pmamenst
3166 4487 3390 4569 saetam.
3571 4557 3583 4571 ·
3833 4558 3845 4572 .
4074 4560 4086 4574 .
4131 4558 4143 4571 ·

2487 4558 2550 4625 3)
2593 4554 2771 4637 Quum
2803 4557 2957 4611 nulla
2989 4554 3289 4637 Dryaptdn
3320 4556 3398 4609 ad
3425 4554 3711 4639 Galvtnpcm
3747 4558 3910 4640 haias
3943 4572 4083 4640 agam
4116 4575 4234 4615 tant

2278 4645 2434 4753 gricas
2468 4626 2726 4766 m
2760 4694 2892 4750 haec
2932 4694 3076 4778 potio
3076 4630 3269 4747 siu-utgu
3304 4632 3555 4762 ἕῖἒὲἐκε,
3589 4696 3705 4748 nisi
3749 4626 4067 4750 tangamus
4105 4694 4231 4752 Gal-

2282 4768 2403 4821 οὐκ·
2441 4777 2762 4896 &meum
2804 4778 2879 4884 cs
2913 4760 3462 4901 IdssteDggqqdamm’·
3507 4762 3578 4829 cf.
3616 4762 3905 4819 Boehmcri
3949 4766 4064 4818 viri
4095 4766 4231 4821 clar.

2487 4901 2545 4971 4)
2579 4900 2818 4969 adeoque
2848 4901 3030 4967 epm
3062 4915 3275 4969 quoque
3306 4916 3357 4953 a.
3394 4899 3595 4955 α.1Π.
3621 4899 3882 4957 calam.
3917 4900 4232 4969 (Boehmer.

2278 4975 2313 5029 ι’
2352 4973 2406 5122 ι’.
2423 4970 2544 5102 153)
2556 4968 2852 5119 Ἓᾙὲιηίε
2897 5036 3012 5093 scil.
3055 5036 3155 5107 qm·
3196 5052 3249 5094 a.
3297 5035 3432 5091 1532
3467 5038 3722 5120 Latonae
3766 5035 4041 5092 Ioannem
4079 5036 4231 5094 Pon-

2282 5105 2909 5251 βψω
2753 5105 3400 5258 ...mffwffsa
3542 5104 4231 5256 ...mg-&frat

2279 5265 2407 5318 paq.
2449 5242 2561 5300 167.
2716 5257 2892 5326 munte
2911 5242 3215 5325 Dryandn·
3242 5259 3450 5325 αηιιριιε
3482 5249 3601 5298 erat
3632 5257 3853 5323 esusque
3885 5243 4071 5297 lubens
4105 5260 4234 5302 cun

2291 5314 2553 5373 Steidano
2584 5319 2872 5381 prospe-m
2901 5319 3025 5381 post
3053 5318 3241 5381 patrus
3268 5314 3469 5369 ebatum
3507 5311 3815 5450 (Βοοὴηιὲὲ
3844 5311 3943 5366 ΙΠ.
3978 5310 4121 5379 130).
