4900 6167
225 414 328 477 413

307 675 314 686 ⁸
366 601 625 666 Literas
670 598 880 665 Bezae
922 619 1069 665 meo
1114 598 1468 665 tradendas
1511 599 1631 666 tibi
1674 599 1931 680 misi‚⁷)
1991 598 2146 681 quia

222 685 478 751 Bernam
525 686 938 770 profecturus
973 706 1044 750 se
1079 686 1243 751 istac
1286 688 1414 752 iter
1454 686 1526 750 in
1563 685 1776 751 reditu
1812 685 2144 751 facturum

222 773 357 837 mihi
397 773 711 856 promisit.
785 770 860 837 Si
905 770 987 836 ad
1034 781 1100 836 te
1142 792 1275 837 non
1320 772 1598 850 venerit,
1645 772 1857 855 prima
1931 791 2144 853 uaque

223 859 522 924 occasione
580 856 665 921 ad
709 857 1046 923 Farellum
1106 858 1419 925 remittes.
1508 857 1840 922 Robertus
2033 855 2145 920 ha-

223 963 318 1008 mas
361 966 577 1010 meum
644 944 715 1008 in
770 943 1086 1009 Ioannem
1158 944 1703 1009 commentarium
1768 961 1949 1008 nunc
2021 941 2142 1007 sub

221 1030 373 1112 prelo
421 1051 542 1096 suo
614 1029 827 1095 habet.
855 1029 906 1113 ε’)
1006 1029 1226 1095 Simul
1295 1038 1488 1113 atque
1556 1029 1911 1094 absolverit
1977 1025 2144 1093 dabo

220 1137 454 1198 operam
501 1123 575 1181 ut
619 1116 957 1199 exemplar
999 1137 1205 1180 unum
1252 1115 1511 1181 habeas.
1602 1114 1801 1189 Vale,
1859 1114 2143 1178 ornatis-

219 1203 356 1266 sime
395 1203 502 1267 vir
545 1213 614 1267 et
670 1204 909 1267 eximie
952 1200 1203 1267 Christi
1247 1201 1566 1280 minister,
1610 1200 1903 1283 mihique
1939 1198 2145 1264 frater

216 1310 284 1352 ex
323 1288 536 1352 animo
578 1286 865 1352 colende.
955 1286 1286 1352 Dominus
1342 1296 1405 1352 te
1450 1288 1684 1369 spiritu
1742 1307 1860 1351 suo
1915 1306 2144 1369 regere

216 1382 417 1457 pergat
476 1393 552 1439 ac
607 1373 931 1456 praesidio
992 1373 1163 1439 tueri
1181 1426 1195 1449 ,
1259 1373 1563 1458 omnique
1616 1370 2143 1438 benedictionum

216 1479 428 1542 genere
488 1469 939 1542 prosequatur.
1045 1457 1506 1543 Symmystam
1573 1469 1767 1523 tuum
1820 1477 1968 1522 meo
2022 1477 2141 1521 no-

217 1546 370 1610 mine
411 1545 772 1628 plurimum
832 1545 1066 1610 saluta.
1159 1542 1468 1629 Collegae
1524 1546 1653 1609 mei
1700 1542 1924 1609 ambos
1967 1543 2142 1607 salu-

215 1644 361 1709 tant,
417 1642 490 1695 et-
531 1633 641 1715 qui
686 1631 853 1696 mihi
907 1651 1119 1714 nuper
1173 1640 1363 1695 erant
1416 1631 1702 1697 comites.
1792 1628 2144 1710 Quaestori

213 1717 384 1781 etiam
427 1717 613 1783 urbis
670 1727 930 1783 vestrae
986 1717 1258 1800 aliisque
1322 1716 1450 1799 piis
1517 1724 1584 1781 et
1641 1714 1924 1783 cordatis
1980 1715 2143 1780 viris

214 1802 474 1868 salutem
520 1803 648 1870 dici
691 1804 898 1887 cupio.
983 1803 1083 1868 {Pe
1125 1811 1346 1868 autem
1366 1806 1419 1879 ⁹)
1462 1803 1889 1868 vehementer
1931 1800 2146 1866 obtes-

211 1897 294 1952 tor
343 1898 417 1953 ut
478 1911 583 1955 me
636 1890 710 1954 in
759 1889 1061 1974 precibus
1121 1890 1250 1954 tuis
1294 1886 1820 1955 commendatum
1876 1886 2138 1965 habeas,

208 1974 442 2055 quando
488 1975 610 2040 hoc
651 1973 945 2041 subsidio
989 1994 1165 2039 nunc
1219 1974 1366 2058 plus
1410 1996 1606 2057 quam
1652 1973 1873 2040 verbis
1917 1972 2139 2055 expri-

207 2081 359 2125 mere
419 2060 618 2127 lieeat
682 2061 964 2146 indigeo.
1066 2060 1320 2125 Iterum
1383 2060 1526 2126 vale
1585 2081 1732 2127 cum
1801 2079 2006 2125 uxore
2073 2067 2140 2123 et

206 2145 448 2211 familia.
544 2146 857 2213 Genevae
907 2151 999 2210 19.
1047 2145 1365 2212 Novemb.
1424 2150 1603 2212 1552.

1321 2282 1608 2348 Ioannes
1653 2282 1964 2349 Calvinus

1360 2406 1442 2450 ex
1489 2387 1711 2451 animo
1755 2393 1926 2451 tuus.

937 2680 1346 2694 -——-——————½

1051 2917 1242 2989 1675.

624 3069 1208 3141 HOTOMANUS
1252 3071 1690 3140 CALVINO.

355 3243 638 3311 Pertinet
691 3247 779 3312 ad
835 3265 910 3310 ea
962 3244 1229 3311 con-saia
1297 3264 1458 3328 quae
1514 3265 1720 3311 mense
1775 3245 1946 3314 Iulio
2003 3248 2138 3313 iam

203 3329 342 3395 inter
385 3336 722 3415 tetrumque
766 3332 1002 3416 opilata
1042 3331 1313 3415 fuerant.

515 3503 628 3570 (Ex
663 3502 999 3572 autographo
1034 3501 1163 3556 Cod.
1202 3501 1405 3557 Gencv.
1448 3500 1563 3571 114,
1594 3502 1688 3558 fol.
1725 3502 1801 3567 l.)

349 3678 408 3740 A
453 3675 931 3759 Monseigneur
975 3683 1042 3740 et
1083 3694 1238 3758 pere
1282 3674 1526 3742 Mons.r
1554 3675 1792 3743 Calvin

1591 3801 1631 3845 a
1671 3778 1960 3846 Geneve.

349 3916 419 3984 S.
492 3917 729 3983 Habeo
774 3915 916 3994 tibi,
963 3916 1055 3980 mi
1100 3925 1305 3998 pater,
1351 3918 1630 4001 gratiam
1669 3939 1787 4002 pro
1823 3925 1938 3983 tuo
1980 3939 2134 3984 con-
2257 3978 2263 3992 ,

207 4000 328 4068 silio
369 4003 545 4086 quod
589 4002 756 4068 mihi
816 4001 1175 4068 Verennius
1219 4011 1443 4068 noster
1485 4004 1953 4086 posterioribus
1995 4004 2135 4070 suis

206 4083 384 4156 literis
448 4089 772 4173 exposuit.
806 4093 853 4166 ¹)
964 4088 1051 4154 Ei
1115 4086 1570 4155 lubentissime
1641 4090 1861 4154 animo
1939 4090 2134 4172 parui

207 4184 265 4236 ut
301 4174 512 4241 debui.
606 4174 834 4259 Neque
878 4196 1166 4258 unquam
1211 4174 1376 4239 mihi
1433 4174 1506 4239 in
1548 4182 1838 4240 mentem
1891 4177 2133 4253 veniet,

207 4260 372 4327 modo
411 4259 591 4345 quod
639 4261 766 4327 Dei
812 4260 1119 4327 voluntas
1163 4262 1358 4340 ferat,
1404 4261 1486 4326 ab
1525 4260 1788 4344 optimis
1832 4269 1900 4325 et
1942 4281 2135 4327 sanc·

205 4344 451 4414 tissimis
496 4348 632 4411 tuis
673 4346 1237 4432 praeceptionibus
1274 4346 1378 4413 vel
1414 4346 1748 4412 tantulum
1784 4344 2131 4413 discedere.

209 4427 372 4509 Quod
416 4453 497 4499 eo
543 4431 880 4499 lubentius
924 4452 1103 4497 nunc
1148 4431 1388 4511 scribo,
1447 4433 1707 4497 tametsi
1750 4434 2021 4498 minime
2064 4432 2135 4497 id

206 4516 306 4582 tibi
342 4521 647 4604 ignotum
693 4540 836 4586 esse
879 4529 1057 4585 certo
1102 4519 1254 4597 scio,
1299 4526 1375 4583 ut
1415 4520 1597 4583 omni
1637 4538 1742 4583 me
1784 4519 1979 4584 istius
2023 4539 2134 4584 ru-

337 4805 352 4832 )
389 4793 443 4858 7)
477 4793 615 4848 mihi
650 4792 902 4863 promisit
925 4790 991 4845 P.
1026 4820 1095 4829 —
1131 4790 1321 4845 Lectio
1354 4791 1487 4846 haee
1518 4807 1585 4845 ιε
1619 4790 1935 4861 αρορναρῆο
1959 4792 2137 4860 petita

210 4863 507 4920 mastonem
542 4862 768 4918 librarii
800 4860 1034 4916 debetur.
1114 4856 1292 4928 Quum
1336 4858 1500 4914 etiam
1548 4862 1836 4915 Bonnam
1877 4867 2134 4929 moyra-

363 4949 477 4987 non
511 4931 829 5001 ἰηφεωονὲι,
864 4930 1166 4985 umor
1198 4928 1448 4997 attalicus
1478 4931 1677 4984 mirum
1705 4943 1919 4984 omum
1952 4929 2136 4984 elicuit

343 5024 358 5053 .-
391 5003 436 5056 F
476 5029 538 5040 —-
577 4999 856 5070 promised
889 5003 950 5054 to
981 4998 1130 5052 hand
1162 5013 1298 5052 over
1330 5006 1390 5051 to
1424 5012 1531 5068 you
1563 5015 1656 5067 my
1674 4998 1867 5053 letters
1890 4998 2131 5052 toBeza.

210 5066 252 5120 11
274 5071 337 5125 he
369 5072 468 5125 has
503 5083 604 5152 not
638 5085 789 5123 come
825 5075 920 5124 ete.
992 5068 1125 5124 Non
1168 5066 1306 5122 vidit
1349 5065 1525 5136 ipsam
1574 5064 1779 5121 Betae·
1824 5066 2000 5123 Bazis
2043 5082 2133 5121 ee·

385 5156 479 5275 ’ὃτι
576 5152 698 5221 “⁸⁸⁶⁶
725 5210 807 5261 est
839 5206 1126 5261 atses-atui
1143 5202 1445 5261 θωοοωει·
1460 5202 1676 5260 dicatus
1695 5203 1809 5260 Gal.
1833 5205 1956 5262 Ian.
1982 5202 2130 5259 1553.

211 5343 362 5403 1075.
387 5277 451 5416 fi
486 5283 684 5415 (ᾜἭ
705 5274 1062 5399 ‘'1'63832'1649.

1876 412 2038 474 1552
2083 406 2500 475 NOVEMB.

4069 416 4198 480 414

2239 597 2440 664 moris
2456 648 2474 676 ,
2535 595 2616 661 de
2660 616 2789 680 quo
2849 595 3206 663 Ver-ennius
3250 597 3317 661 in
3364 597 3502 663 suis
3543 597 3754 664 literis
3770 650 3786 677 ‚
3844 597 4038 683 culpa
4079 622 4200 668 va·-

2241 703 2389 748 care
2432 681 2790 765 intelligas.
2859 680 3087 763 Quum
3120 681 3187 747 id
3222 681 3340 747 tibi
3373 705 3507 749 non
3540 682 3734 749 modo
3768 684 4198 753 iniucundum

2241 766 2356 834 sed
2401 770 2598 833 etiam
2644 768 2981 852 ingratum
3025 769 3163 833 fore
3206 768 3678 855 intelligerem,
3721 768 3912 835 valde
3970 793 4199 840 amens

2246 855 2516 920 fuissem
2561 855 2649 933 si,
2711 851 2886 937 quod
2930 852 3097 918 mihi
3140 861 3277 919 tam
3319 863 3541 919 sancte
3595 855 3917 920 creditum
3959 858 4197 941 fuerat,

2242 948 2382 1005 tam
2427 941 2662 1005 leviter
2704 941 3140 1006 enunciarem.
3228 938 3363 1006 Sed
3407 961 3719 1024 quorsum
3757 941 3918 1008 haec
3952 964 4196 1029 purga-

2245 1026 2370 1104 tio,
2432 1047 2634 1109 quum
2678 1026 2846 1090 mihi
2891 1033 3005 1091 tua
3051 1025 3132 1090 de
3173 1026 3304 1091 fide
3359 1047 3509 1091 mea
3550 1047 3588 1091 o
3634 1027 3769 1092 inio
3814 1029 4076 1112 cognita
4119 1048 4196 1097 ac

2246 1122 2590 1196 perspecta
2635 1109 2763 1176 sit‘?
2852 1111 2999 1177 'ribi
3045 1132 3286 1195 quaeso
3330 1132 3567 1194 persua
3613 1134 3678 1191 e,
3724 1134 3829 1177 me
3874 1123 4197 1197 quantum

2247 1199 2505 1264 efficere
2570 1204 2636 1264 et
2692 1198 2996 1280 consequi
3066 1205 3292 1280 potero
3363 1199 3543 1263 omni
3609 1197 3824 1263 studio
3892 1198 4197 1267 daturum
4302 1263 4311 1278 ,

2247 1303 2533 1366 operam,
2580 1291 2655 1347 ut
2698 1282 2819 1348 tibi
2863 1305 2941 1347 ea
2984 1283 3195 1349 officia
3238 1284 3524 1349 tribuam
3572 1305 3737 1366 quae
3779 1286 4039 1368 parenti
4082 1308 4197 1371 op-

2246 1370 2410 1435 timo
2485 1369 2566 1435 ab
2643 1369 3228 1450 obsequentissimo
3302 1370 3437 1435 filio
3514 1370 3951 1452 exspectanda
4017 1381 4195 1438 sunt.

2248 1454 2383 1521 Sed
2439 1455 2603 1521 haec
2647 1453 2913 1537 quidem
2959 1455 3295 1521 hactenus.
3386 1455 3559 1522 Nam
3616 1456 3735 1521 tibi
3792 1478 3968 1523 nunc
4022 1456 4197 1523 indi-

2245 1562 2395 1608 care
2437 1540 2616 1607 volui
2633 1593 2650 1620 ‚
2697 1539 3070 1624 Tranquilli
3111 1540 3358 1619 locum,
3380 1544 3439 1621 ²)
3498 1562 3692 1624 quem
3737 1563 3939 1624 quum
3982 1565 4197 1627 nuper

2245 1626 2692 1707 offendissem,
2762 1627 3158 1692 sententiam
3215 1632 3399 1692 tuam
3454 1628 3842 1693 confirmare
3902 1628 4197 1694 animad-

2248 1714 2449 1791 verti,
2509 1733 2852 1795 meamque
2912 1712 3288 1796 opinionem
3346 1711 3643 1778 funditus
3687 1720 3999 1780 evertere.
4085 1715 4191 1781 De

2247 1798 2554 1882 Caligula
2609 1798 2933 1881 loquitur:
3017 1796 3450 1879 Quaestorem
3514 1819 3710 1864 suum
3763 1799 3837 1863 in
3892 1801 4197 1866 coniura-

2246 1885 2422 1950 tione
2467 1886 2881 1951 nominatum
2924 1884 3303 1968 flagellavit,
3350 1891 3530 1950 veste
3575 1882 3896 1965 detracta,
3943 1884 4194 1952 subiec-

2245 1979 2439 2053 taque
2497 1970 2782 2035 militum
2826 1969 3098 2054 pedibus
3140 1991 3269 2054 quo
3311 1971 3501 2036 firme
3550 1971 3963 2036 verberaturi
3997 1971 4191 2040 insis-

2246 2064 2464 2121 terent
2507 2063 2624 2122 etc.
2712 2056 2794 2121 In
2835 2077 2962 2139 quo
3006 2076 3133 2139 quo
3176 2076 3358 2122 more
3402 2062 3518 2122 aut
3560 2057 3859 2141 exemplo
3903 2078 4063 2124 usus
4106 2058 4196 2123 sit

2245 2143 2620 2208 coniectura
2663 2144 2921 2226 assequi
2981 2164 3112 2208 non
3168 2163 3453 2226 possum.
3543 2142 3731 2208 Dabo
3776 2151 3998 2208 tamen
4042 2165 4195 2228 ope-

2243 2248 2388 2293 ram
2432 2227 2738 2311 deinceps
2782 2235 2858 2292 ut
2901 2248 3066 2311 quae
3121 2228 3519 2294 consuetudo
3576 2228 3689 2293 illa
3729 2228 3929 2293 fuerit
3968 2228 4195 2314 legen-

2244 2314 2343 2379 dis
2388 2313 2681 2380 historiis
2725 2312 3259 2379 animadvertam.
3350 2314 3522 2379 Nam
3566 2313 3825 2380 lictores
3868 2313 4197 2397 stipendia

2243 2401 2563 2465 meruisse
2587 2420 2794 2483 quum
2837 2399 3204 2466 mercedem
3248 2420 3287 2465 a
3308 2400 3551 2484 populo
3597 2401 3983 2484 acciperent,
4027 2400 4197 2467 mihi

2243 2484 2581 2635 grobabile
2616 2506 2748 2550 non
2784 2485 3062 2551 videtur.
3130 2485 3225 2550 De
3249 2506 3327 2552 eo
3365 2493 3588 2552 tamen
3622 2495 3699 2550 tu
3741 2506 3860 2585 pro
3881 2494 3998 2551 tua
4040 2508 4198 2571 pru-

2288 2573 2465 2636 entia
2537 2580 2602 2636 et
2669 2592 3091 2638 romanarum
3148 2593 3371 2638 rerum
3440 2572 3761 2656 sing-ulan
3829 2573 4220 2656 cognitione,

2246 2665 2515 2723 statues.
2608 2658 2700 2722 Et
2754 2678 2793 2721 a
2837 2657 3123 2723 Domino
3170 2657 3488 2725 Molinaeo
3509 2656 3563 2744 ³)
3615 2658 4005 2740 scriptorum
4051 2667 4195 2725 tuo-

2242 2763 2391 2808 rum
2437 2742 2747 2809 helluone
2791 2744 3015 2826 tuique
3052 2753 3127 2809 ut
3158 2743 3424 2810 videtur
3464 2743 3882 2829 cupidissimo
3927 2741 4194 2811 valebis.

2242 2829 2341 2893 Mi
2384 2830 2717 2896 carissime
2762 2838 2827 2894 et
2869 2829 3116 2912 optime
3157 2835 3363 2913 pater,
3408 2829 3575 2895 vale.
3643 2828 3972 2894 Dominus
4006 2828 4196 2897 Iesus

2245 2913 2749 2998 amplitudinem
2794 2922 2976 2980 tuam
3037 2915 3347 2982 ecclesiae
3399 2935 3557 2982 suae
3603 2915 3858 2982 salvam
3903 2924 3969 2979 et
4010 2916 4190 2982 inco-

2241 3001 2489 3066 lumem
2532 3021 2731 3084 quam
2776 3000 3144 3068 diutissime
3202 3008 3563 3069 conservet.
3652 3001 4054 3067 Lausannae
4098 2999 4186 3084 vij

2243 3084 2374 3152 Cal.
2425 3084 2725 3152 Decemb.

2827 3223 3224 3289 Franciscus
3266 3222 3688 3289 Hotomanus
3730 3230 3885 3288 tuus

2565 3326 2743 3391 omni
2788 3326 3007 3392 studio
3053 3324 3470 3393 observantia
3512 3346 3586 3392 ac
3625 3327 3870 3409 pietate
3912 3323 4103 3390 filius.

2997 3620 3406 3630 --—-——-——-

3127 3854 3312 3925 1676.

2561 4007 3034 4078 OALVINUS
3080 4000 3858 4074 MELANOHTHONI.

2416 4179 2604 4246 Nihil
2656 4200 2816 4265 pace
2871 4185 2930 4254 et
2979 4178 3300 4245 concordia
3356 4173 3757 4274 optabam,
3797 4175 3923 4241 imo
3977 4177 4187 4274 mqyis

2238 4264 2351 4331 hoc
2393 4270 2661 4348 tempore
2710 4265 3147 4332 necessarium.
3243 4259 3523 4326 Promde
3575 4280 3853 4325 max-ame
3902 4259 4183 4343 afficitur

2239 4350 2440 4416 dolore
2482 4372 2674 4435 quum
2729 4351 2931 4416 videat
2985 4348 3175 4415 amici
3227 4347 3473 4412 nomine
3528 4346 3833 4427 quosdam
3889 4345 4063 4412 abuti
4112 4351 4184 4411 ut

2237 4436 2364 4501 sibi
2427 4438 2560 4519 ipsi
2609 4438 2952 4505 molestiam
2999 4436 3197 4500 creent
3252 4432 3418 4498 circa
3471 4431 3821 4497 doctrinam
3873 4432 3949 4497 de
3992 4452 4184 4513 prae-

2238 4522 2668 4591 destinatione.
2754 4522 2973 4587 Etiam
3035 4518 3344 4586 Osiander
3397 4516 3513 4582 hac
3565 4518 3883 4583 occasione
3932 4521 4185 4583 notatur

2238 4613 2294 4672 et
2364 4629 2579 4675 rerum
2772 4609 3036 4673 liearum
3089 4608 3293 4670 status
3358 4602 3563 4668 indies
3612 4603 3933 4684 ‚oravioree
3996 4622 4184 4668 curae

2238 4696 2517 4759 suscitat.
2765 4695 2910 4776 ique
2974 4710 3161 4757 suom
3227 4687 3591 4755 sententiam
3654 4688 3814 4754 satis
3867 4685 4185 4768 ἀποτόμως

2236 4780 2532 4846 vindicat.

2238 4950 2522 5072 §.eamr
2552 4950 2907 5073 ewra
2923 4943 3913 5082 schefflfflfflmffimfflfissr
3947 4939 4184 5066 aaz·

2440 5206 2498 5330 ἓ)
2549 5202 3191 5291 vocemmeam&
3403 5272 3414 5284 Ο

2368 5277 2632 5402 at.)q“⁸
2687 5292 2813 5346 erqo
2871 5268 4183 5332 sanamur-amomacum-
