4900 6167
332 434 453 497 725

326 636 524 701 quam
556 616 996 700 sperabamus,
1038 636 1430 701 quamquam
1466 616 1715 682 ferebat
1748 625 2119 682 nostrorum
2164 613 2276 681 de·

332 708 581 768 cretum
626 710 781 767 ante
826 702 1294 786 profectionem
1338 723 1550 767 meam
1596 701 1679 766 ad
1724 724 1844 767 vos
1885 700 1970 767 ad
2012 723 2130 767 nos
2176 722 2277 767 re·

329 787 554 854 latum.
585 790 633 867 ι)
722 787 799 853 Id
860 787 1029 871 quod
1089 808 1440 872 paucorum
1494 790 1684 871 (quos
1728 790 1889 854 satis
1931 785 2277 871 intelligis)

326 873 606 940 factione
660 872 924 951 accidit,
985 877 1095 959 qui
1152 873 1431 939 libenter
1489 895 1558 939 se
1614 873 1864 958 legatos
1919 873 2180 940 decerni
2238 893 2278 938 a

329 958 660 1042 republica
702 960 1067 1044 cupiebant.
1147 958 1282 1026 Sed
1326 967 1614 1025 astutum
1658 982 1884 1025 eorum
1931 958 2277 1025 consilium

330 1045 603 1111 minime
645 1065 756 1110 eos
798 1045 1046 1123 fefellit,
1092 1046 1205 1130 qui
1247 1046 1557 1112 ecclesiae
1592 1057 1854 1112 nostrae
1891 1045 2088 1111 saluti
2125 1067 2277 1112 con-

328 1131 579 1198 sultam
624 1132 868 1214 optime
909 1131 1198 1215 cupiunt.
1288 1132 1517 1214 Itaque
1570 1153 1812 1215 magna
1865 1132 2280 1198 contentione

330 1218 446 1282 vix
489 1216 754 1282 tandem
790 1218 1217 1302 impetratum
1252 1228 1367 1296 est,
1416 1227 1489 1282 ut
1531 1218 1731 1300 priori
1770 1218 2029 1285 decreto
2071 1228 2279 1283 stare-

333 1312 441 1368 tur
543 1324 625 1368 uo
684 1304 965 1370 nuncius
1032 1304 1349 1387 pedestris
1404 1314 1663 1370 tantum
1722 1326 1871 1370 cum
1929 1303 2136 1369 literis
2197 1302 2280 1367 ad

330 1409 450 1454 vos
542 1387 983 1454 ecernebatur.
1004 1392 1061 1467 ²)
1140 1390 1246 1455 Ab
1291 1411 1365 1455 eo
1410 1398 1702 1473 tempore
1745 1389 1912 1455 nihil
1958 1398 2281 1454 tentatum

330 1484 431 1541 est
489 1475 829 1559 utrinque,
899 1476 1024 1540 nisi
1084 1475 1257 1559 quod
1316 1476 1650 1560 improbus
1704 1476 1842 1555 ille,
1869 1479 1922 1551 ³)
1991 1476 2099 1559 qui
2160 1475 2281 1539 has

330 1559 521 1627 nobis
579 1559 950 1645 tragoedias
1010 1562 1325 1626 excitavit
1380 1562 2049 1645 (excommunicatum
2105 1561 2278 1640 dico)

328 1644 454 1713 hac
500 1647 800 1731 proxima
834 1668 1037 1714 coena
1070 1658 1369 1713 senatum
1405 1649 1777 1732 importune
1820 1649 2163 1732 flagitavit,
2207 1656 2285 1712 ut

332 1732 692 1799 secundum
740 1733 1022 1817 gratiam
1077 1733 1199 1800 sibi
1254 1734 1490 1799 factam
1548 1757 1621 1800 ac
1665 1734 1875 1800 literis
1917 1754 2174 1818 quoque
2217 1742 2283 1797 et

332 1818 551 1904 sigillo
587 1819 850 1918 publico
893 1820 1373 1902 consignatam,
1426 1819 1650 1885 liceret
1693 1820 1817 1887 sibi
1861 1819 1941 1885 ad
1988 1840 2283 1885 mensam

331 1902 606 1970 Domim
648 1903 970 1972 accedere.
1042 1904 1177 1972 Sed
1223 1906 1743 1990 repugnantibus
1785 1906 1988 1983 bonis,
2032 1905 2287 1989 reliqua

329 2011 485 2075 pars
532 1990 880 2057 decernere
927 1990 1272 2075 quidquam
1332 2013 1464 2055 non
1510 2012 1668 2057 ausa
1713 2002 1839 2059 est:
1897 1992 2285 2076 praesertim

330 2097 537 2159 quum
596 2086 1089 2160 exspectaretur
1144 2100 1181 2141 a
1240 2077 1423 2142 vobis
1479 2099 1898 2160 responsum,
1957 2100 2083 2161 quo
2128 2077 2285 2143 diri-

330 2160 642 2227 mendam
697 2161 869 2229 hanc
924 2172 1127 2228 totam
1171 2164 1679 2229 controversiam
1726 2187 1856 2229 non
1904 2163 2099 2231 dubie
2144 2185 2288 2248 spe-

331 2266 577 2314 ramus.
665 2247 942 2313 Interim
987 2271 1188 2332 quum
1234 2250 1423 2315 istius
1466 2249 1813 2315 nebulonis
1857 2251 2078 2329 frater,
2101 2254 2157 2327 ⁸)
2205 2250 2288 2316 ad

329 2334 787 2400 consistorium
835 2335 916 2400 ob
962 2333 1270 2401 delictum
1322 2333 1580 2418 aliquod
1624 2336 2017 2420 appellatus,
2073 2337 2288 2420 impu-

330 2418 567 2485 denter
609 2420 805 2487 simul
851 2442 926 2487 ac
962 2422 1262 2486 ferociter
1300 2422 1812 2503 pronunciasset,
1858 2423 1983 2488 sibi
2026 2431 2287 2487 tantum

333 2525 482 2572 esse
545 2507 918 2573 autoritatis
974 2527 1168 2589 quam
1230 2506 1552 2573 ministris
1607 2530 1682 2574 ac
1720 2509 1839 2573 toti
1884 2509 2284 2587 consistorio,

329 2613 534 2675 quum
581 2591 661 2657 ad
707 2591 1426 2668 excommunicandum,
1474 2604 1615 2658 tum
1662 2595 1863 2660 etiam
1906 2615 2284 2660 excommu-

328 2678 679 2745 nicationis
721 2700 902 2744 nexu
945 2678 1352 2755 solvendum,
1398 2680 1852 2746 consistorium
1904 2681 2000 2745 illi
2045 2700 2287 2747 coenae

328 2785 527 2829 usum
592 2764 963 2842 interdixit,
1030 2764 1427 2849 approbante
1480 2767 1786 2832 universo
1850 2776 2113 2842 senatu,
2182 2768 2286 2831 cui

328 2871 438 2915 res
483 2860 711 2932 postea
750 2850 1037 2916 indicata
1079 2860 1195 2915 est.
1264 2851 1369 2916 Ex
1414 2851 1647 2935 quibus
1686 2852 1876 2918 facile
1918 2852 2287 2937 intelligere

326 2944 538 3019 potes,
586 2936 887 3001 nonnihil
933 2935 1330 3003 deferbuisse
1372 2937 1676 3021 ingentes
1716 2937 1863 3003 illos
1906 2940 2177 3023 spiritus
2219 2948 2287 3004 et

326 3032 607 3087 conatus
664 3043 921 3101 eorum,
987 3023 1097 3104 qui
1154 3023 1423 3109 minimo
1482 3025 1746 3109 negotio
1807 3023 2150 3090 Christum
2210 3045 2285 3091 ac

329 3107 478 3173 eius
545 3108 882 3173 ecclesiam
948 3106 1222 3193 pedibus
1288 3108 1651 3175 calcaturos
1721 3132 1791 3175 se
1853 3110 2282 3177 confidebant.

326 3192 568 3276 Itaque
627 3194 825 3259 etiam
869 3194 939 3259 in
984 3216 1164 3279 spem
1212 3215 1345 3260 non
1391 3195 1652 3260 dubiam
1699 3197 1920 3275 venie,
1980 3197 2149 3273 fore,
2212 3204 2287 3261 ut

327 3276 516 3344 brevi
573 3281 902 3346 Dominus
968 3281 1034 3345 in
1100 3288 1297 3364 caput
1360 3301 1585 3346 eorum
1655 3290 2056 3364 retorqueat,
2122 3303 2287 3365 quae

327 3373 563 3430 contra
609 3388 727 3431 nos
771 3365 1094 3449 parabant
1137 3376 1203 3431 et
1246 3365 1732 3432 fabricabantur
1775 3368 1921 3433 tela.

506 3450 686 3533 Quid
731 3454 1024 3536 responsi
1061 3450 1359 3517 attulerit
1394 3453 1679 3518 nuncius
1718 3454 2099 3538 perdifficile
2134 3454 2288 3519 hac-

322 3546 521 3603 tenus
556 3535 746 3605 nobis
768 3539 892 3603 fuit
926 3538 1316 3623 intelligere,
1354 3538 1661 3621 quoniam
1686 3540 1941 3616 abest⁵)
1984 3540 2288 3607 Calvinus

330 3629 593 3699 noster,
654 3646 694 3688 a
736 3645 865 3705 quo
910 3645 1044 3690 uno
1087 3624 1327 3689 rescire
1370 3622 1683 3707 quidquid
1743 3634 1956 3690 actum
2004 3634 2104 3691 est
2148 3634 2288 3690 tuto

333 3730 409 3775 ac
470 3731 628 3775 vere
681 3718 996 3793 poteram.
1088 3710 1216 3774 Hic
1272 3720 1489 3775 autem
1544 3732 1687 3776 cras
1740 3711 1952 3777 aderit
2009 3711 2091 3777 ad
2136 3733 2288 3777 con-

328 3797 586 3861 cionem
632 3798 1040 3861 matutinam.
1130 3793 1262 3862 Sed
1321 3817 1519 3878 quum
1566 3795 1672 3863 hic
1716 3798 1999 3863 nuncius
2043 3796 2125 3862 ad
2170 3819 2289 3864 vos

326 3890 602 3964 pararet
642 3882 801 3960 iter,
870 3881 1049 3946 nolui
1093 3881 1265 3947 hanc
1305 3882 1705 3948 occasionem
1766 3885 2290 3966 praetermittere

328 3966 616 4034 testandi
663 3989 780 4051 per
823 3967 1048 4033 literas
1107 3967 1315 4032 animi
1358 3969 1484 4032 mei
1533 3990 1690 4053 erga
1734 3980 1832 4047 te,
1893 3977 1959 4034 et
2003 3970 2286 4036 benevo-

325 4051 577 4118 lentiae
622 4054 840 4129 etiam,
886 4053 966 4118 ob
1010 4053 1344 4137 egregiam
1388 4053 1569 4118 illam
1609 4063 1674 4118 et
1714 4055 2287 4138 incomparabilem

326 4136 836 4217 humanitatem,
883 4161 1012 4223 qua
1054 4160 1213 4205 usus
1258 4159 1327 4205 es
1363 4161 1522 4223 erga
1557 4139 1890 4206 hominem
1932 4140 2046 4206 tibi
2091 4151 2289 4207 antea

325 4225 800 4308 propemodum
854 4226 1150 4309 ignotum
1172 4278 1185 4303 ,
1257 4234 1323 4290 et
1385 4246 1533 4290 vero
1593 4226 1784 4291 etiam
1862 4227 1982 4292 hoc
2037 4225 2288 4293 honore

325 4463 509 4519 1888.
550 4463 605 4530 1)
640 4462 799 4518 Haec
843 4468 894 4517 et
937 4462 1163 4517 obeam-e
1207 4464 1357 4518 dicta
1400 4468 1453 4517 et
1496 4464 1681 4533 quoad
1722 4479 1833 4519 rem
1879 4465 2064 4534 ipsam
2098 4465 2285 4520 dubia.

324 4532 605 4589 ‚Budaeus
646 4532 794 4586 sotim
836 4533 951 4586 iam
984 4531 1176 4599 pridie
1214 4533 1326 4587 Cal.
1363 4533 1507 4587 Nov.
1550 4534 1770 4587 Ber-me
1816 4540 1937 4589 erat
1973 4534 2080 4597 (N.
2118 4534 2282 4597 1863)

324 4601 1101 4672 ςυοᾶόοηοωιοόοιεοοπαιαε
1136 4600 2284 4677 vaamnqndumroliquerattestibus

323 4672 730 4726 adismatus.
784 4670 853 4725 Si
885 4669 1284 4739 madvidemus
1304 4670 1624 4726 dicerevult
1657 4672 1930 4727 decretum
1965 4672 2033 4728 de
2066 4675 2281 4728 mium-

324 4739 1443 4822 diqliterisiampriusfacnmesse,
1507 4742 2286 4810 ipsasamemnonstatim

322 4824 597 4944 mas-2)
636 4879 857 4932 Arreste
932 4895 1036 4930 uon
1075 4894 1133 4931 se
1169 4883 1424 4930 contente
1445 4878 1620 4931 denvo
1658 4895 1718 4931 er
1744 4897 1817 4932 un
1853 4881 2136 4945 servitenr,
2175 4896 2283 4934 non

326 4966 406 5000 ω’
442 4947 838 5079 mgimsshdfzg.
862 4945 1231 5070 (Βοὲιὶῑῗέω.
1304 4946 1408 5081 ὅῖῑ
1427 4946 1529 5070 §a
1553 4950 1825 5072 187‘3'200&
1858 5015 1909 5069 4.

539 5084 599 5147 4)
637 5083 847 5139 Franc.
888 5085 1043 5140 Dan.
1088 5084 1385 5152 Boi-telier,
1436 5083 1631 5140 maitre
1681 5084 1749 5140 de
1797 5085 1856 5139 la
1898 5099 2192 5154 monnoye,
2243 5084 2281 5153 †

322 5152 791 5282 {rff'lgfffffe'
839 5155 1017 5209 mmo·
1018 5170 1046 5209 s
1076 5154 1196 5223 yda.
1232 5155 1277 5209 1.
1315 5153 1399 5213 11.
1444 5182 1503 5192 -
1543 5153 1657 5220 (Cf.
1694 5153 1827 5222 Ray.
1864 5152 1943 5207 du
1979 5152 2195 5208 omen
2227 5154 2281 5209 2.

535 5290 590 5357 5)
625 5291 703 5346 At
753 5290 855 5346 hoc
907 5291 1030 5359 ipso
1083 5291 1173 5347 die
1226 5290 1479 5345 Genevae
1529 5291 1604 5345 ad
1656 5290 1943 5346 Fan-eamn
1995 5290 2277 5347 scribebat.

325 5359 488 5429 Eryo
523 5361 575 5415 si
607 5361 805 5416 absens
835 5360 1023 5426 fuerat
1059 5360 1325 5415 Budaeus
1357 5360 1473 5415 iam
1503 5359 1734 5416 rediisse
1762 5359 2050 5415 nudabat.

2021 433 2182 495 1553
2227 428 2634 496 DEGEMB.

2334 2858 2341 2949 0--
2336 2808 2341 2847 --

4213 440 4343 503 726

2378 613 2529 698 plus
2569 636 2765 699 quam
2809 611 3171 698 indignum.
3247 622 3481 701 Itaque
3524 620 3805 688 libenter
3846 614 4166 690 omnium'
4188 648 4342 694 ves·

2377 712 2554 765 trum
2599 701 2971 766 comitatem
3017 708 3084 767 et
3127 702 3605 772 humanitatem
3660 707 3842 774 illam
3885 710 4061 792 apud
4104 731 4338 780 omnes

2379 787 2585 852 bonos
2689 784 2978 865 raedicO,
3038 808 3243 871 quum
3296 794 3520 855 tamen
3580 802 3724 875 post
3766 794 4049 861 reditum
4109 818 4339 864 meum

2379 807 2847 957 gratitudinem
2890 892 3105 938 meam
3145 873 3601 944 honestissimo
3659 880 3892 964 cuique
3935 902 4010 948 ac
4052 885 4340 949 nominis

2379 958 2591 1024 vestri
2664 965 2728 1023 et
2795 957 3106 1024 ecclesiae
3170 960 3526 1043 'fig-urinae
3592 967 4042 1032 amantissimo
4106 970 4340 1035 testari

2380 1044 2601 1108 statim
2647 1065 2782 1109 non
2823 1041 3205 1122 destiterim,
3251 1066 3369 1130 pro
3414 1069 3490 1113 eo
3534 1048 3782 1117 honore
3827 1073 4018 1135 quem
4064 1075 4104 1119 a
4148 1054 4337 1121 vobis

2382 1129 2709 1196 universis
2725 1181 2741 1208 ,
2799 1130 3187 1213 praesertim
3244 1143 3462 1197 autem
3521 1136 3635 1200 abs
3691 1145 3756 1201 te
3814 1138 4050 1223 accepi.
4141 1138 4340 1221 Quod

2383 1236 2587 1299 quum
2630 1215 2959 1294 omnibus,
3015 1223 3158 1282 tum
3215 1238 3375 1283 vero
3426 1218 3683 1286 Calvino
3741 1231 3964 1290 nostro
4008 1224 4340 1290 iucundis-

2382 1301 2624 1366 simum
2658 1301 2784 1366 fuit
2816 1301 3204 1387 intelligere,
3243 1305 3353 1388 qui
3389 1327 3508 1371 vos
3548 1315 3758 1386 antea,
3804 1318 3879 1374 ut
3913 1311 4071 1376 satis
4108 1312 4337 1388 nostis,

2383 1386 2738 1470 plurimum
2799 1389 3033 1452 merito
3089 1398 3335 1468 vestro,
3394 1412 3569 1456 nunc
3622 1402 3841 1459 autem
3891 1395 4081 1462 unice
4136 1406 4336 1461 amat.

2384 1473 2467 1537 Ei
2513 1494 2621 1537 me
2661 1473 3098 1539 salutaturum
3144 1490 3207 1539 te
3251 1476 3390 1542 eius
3428 1480 3691 1544 nomine
3735 1501 3850 1562 per
3893 1481 4114 1547 literas
4158 1502 4340 1547 meas

2385 1560 2674 1642 promisi,
2712 1559 2836 1625 hac
2867 1560 3237 1626 conditione
3273 1570 3351 1626 ut
3375 1561 3816 1649 Bullinyerum
3852 1576 4142 1634 vestrum
4166 1566 4336 1633 mihi

2382 1645 2788 1712 carissimum
2845 1646 3126 1713 vicissim
3184 1668 3305 1730 per
3362 1669 3472 1713 eas
3526 1651 3749 1716 literas
3814 1652 4130 1719 salutaret
4186 1673 4336 1719 meo

2384 1732 2682 1809 nomine,
2750 1752 2908 1815 quas
2973 1731 3055 1796 ad
3109 1732 3297 1798 illum
3344 1735 3588 1801 scribit.
3687 1737 3792 1801 Ex
3850 1738 4087 1820 quibus
4142 1738 4336 1805 facile

2383 1835 2735 1900 cognosces
2776 1819 3010 1883 omnia.
3093 1818 3364 1885 Fratres
3407 1842 3634 1887 omnes
3677 1823 4026 1907 Tigurinos
4070 1844 4188 1907 per
4232 1845 4341 1890 me

2384 1902 2740 1986 plurimum
2785 1903 3117 1984 salutabis,
3152 1905 3234 1970 D.
3280 1905 3643 1982 Gesnerum,
3682 1908 3989 1989 Wolfium,
4026 1909 4339 1990 Frisium,

2386 2008 2683 2054 seorsum
2755 1999 2975 2055 autem
3043 1991 3272 2057 multis
3342 1994 3709 2059 nominibus
3765 1995 3931 2060 mihi
3987 1995 4336 2062 colendum

2386 2074 2657 2140 fratrem
2704 2074 3170 2159 mmmmm,
3218 2078 3420 2143 semel
3464 2087 3661 2161 atque
3704 2081 3964 2146 iterum.

2562 2160 2807 2227 Salvus
2865 2171 2937 2227 tu
2998 2183 3251 2246 quoque
3294 2165 3413 2241 sis,
3474 2166 3566 2229 mi
3623 2167 3957 2232 carissime
4003 2166 4344 2247 Rodolphe,

2388 2247 2594 2312 frater
2633 2247 2701 2312 in
2748 2246 3065 2327 Domino,
3124 2250 3233 2331 qui
3289 2260 3354 2315 te
3398 2269 3471 2315 ac
3516 2252 3831 2317 familiam
3875 2264 4062 2317 tuam
4106 2254 4350 2335 spiritu

2389 2354 2510 2398 suo
2555 2342 2777 2398 sancto
2821 2343 3009 2418 regat
3051 2353 3126 2399 ao
3169 2336 3504 2418 gubernet.
3573 2338 3679 2402 Ex
3717 2337 3938 2403 Gallia
3971 2340 4125 2403 novi
4170 2337 4344 2402 nihil

2392 2419 2726 2484 habemus.
2816 2418 2894 2485 Si
2938 2419 3091 2503 quid
3135 2421 3408 2504 posthac
3452 2423 3791 2502 acciderit,
3835 2425 4069 2490 faciam
4114 2438 4190 2488 ut
4232 2444 4342 2489 ac·

2389 2512 2615 2570 curate
2657 2506 2876 2570 omnia
2918 2526 3037 2588 per
3079 2527 3185 2571 me
3244 2528 3613 2592 cognoscas.
3682 2508 3866 2575 Vale.
3936 2508 4159 2576 Pridie
4195 2508 4341 2576 Oal.

2390 2590 2699 2657 Ianuarii.
2782 2592 3113 2658 Genevae.

3702 2680 3884 2746 Tuus

3447 2782 3729 2847 Ioannes
3774 2781 4103 2848 Budaeus.

3267 3293 3461 3366 1887.

2765 3447 3258 3516 GESNERUS
3302 3449 3948 3517 BULLINGERO.

2567 3617 2886 3702 Scriptum
2927 3622 2985 3686 ei
3028 3621 3289 3702 aliquod
3327 3641 3517 3686 suum
3559 3621 3753 3686 tradit
3791 3622 4294 3689 diiudicandum.

2389 3794 2676 3860 (Simlerus
2723 3793 2784 3843 V.
2833 3791 2904 3846 80
2953 3810 3021 3847 ex
3067 3793 3401 3861 autographo
3446 3794 3778 3847 Gesner-iano
3826 3810 3858 3844 a
3902 3794 4058 3846 nobis
4094 3795 4150 3847 in
4189 3795 4333 3849 Bibl.

2908 3864 3078 3916 civica
3112 3863 3390 3916 Turicensi
3426 3878 3533 3915 non
3570 3863 3812 3926 collato.)

2562 4035 2769 4118 Rogo,
2816 4035 3147 4102 carissime
3193 4032 3266 4099 D.
3314 4031 3694 4117 Bullinyere,
3741 4044 3816 4098 ut
3859 4033 4176 4117 scriptum
4225 4034 4351 4102 hoc

2389 4142 2643 4199 meum,
2712 4120 2970 4204 quando
3029 4121 3313 4197 vacabit,
3380 4120 3716 4203 perlegere
3770 4119 4094 4202 digneris,
4161 4127 4229 4185 et
4284 4122 4345 4187 si

2390 4208 2609 4272 minus
2675 4215 2775 4272 est
2838 4206 2985 4281 otii,
3053 4206 3286 4271 saltem
3349 4208 3772 4288 posteriorem
3840 4216 4090 4287 partem
4156 4206 4343 4290 legas

2390 4314 2558 4376 quae
2600 4302 2703 4358 est
2744 4290 2825 4358 de
2848 4292 3216 4375 Disciplina
3257 4291 3598 4357 ecclesiae:
3645 4293 3865 4373 priora
3906 4291 4081 4356 enim
4125 4294 4344 4358 mino·

2388 4380 2483 4444 ris
2526 4379 2840 4444 momenti
2886 4378 3092 4443 videri
3136 4385 3430 4462 possunt.
3477 4378 3664 4462 ,Ego
3717 4376 3833 4441 tibi
3879 4378 4003 4442 soli
4046 4378 4345 4444 animum

2388 4486 2613 4530 meum
2655 4485 2984 4548 exponere
3027 4463 3412 4548 simpliciter
3455 4463 3664 4528 volui:
3713 4472 3781 4528 et
3816 4484 3977 4547 rogo
4021 4463 4219 4528 etiam
4267 4472 4347 4529 ut

2388 4551 2511 4616 tibi
2556 4571 2777 4616 serves
2821 4560 2886 4615 et
2928 4572 3044 4634 per
3096 4551 3499 4616 occasionem
3555 4548 3906 4633 aliquando
3949 4551 4348 4615 sententiam

2388 4646 2574 4702 tuam
2618 4637 2783 4701 mihi
2828 4656 3149 4720 exponas,
3208 4636 3424 4701 verbis
3469 4634 3827 4701 duntaxat:
3889 4646 3955 4699 et
4000 4637 4055 4699 si
4099 4635 4347 4720 impor-

2389 4724 2611 4788 tunior
2653 4723 2771 4788 tibi
2819 4722 3044 4787 videor
3085 4723 3403 4806 ignoscas.
3432 4725 3484 4803 ¹)

3317 4858 3390 4922 T.
3438 4858 3512 4921 Τ.
3562 4858 3756 4922 Conr.
3807 4858 4169 4923 Gesnerus.

2386 5082 2562 5137 1887.
2600 5084 2656 5147 1)
2695 5081 3072 5162 Decor-ibimus
3106 5081 3206 5135 hoc
3237 5080 3569 5163 epistolium,
3606 5080 3766 5134 cuius
3800 5080 4016 5134 natales
4047 5081 4169 5149 ipse
4189 5080 4340 5135 Sim-

2384 5152 2535 5208 lenas
2567 5151 2856 5221 imorum
2887 5149 3134 5218 nudetur,
3183 5166 3319 5218 qma
3360 5152 3598 5216 fortasse
3641 5148 3718 5203 ad
3750 5154 4122 5218 qum-nonem
4156 5167 4196 5204 a
4231 5148 4344 5205 Go-

2384 5217 4344 5289 mmibumotamspectabat,et⁸icquwnmdioranonhabea-

2328 5282 2338 5397 ἲ
2384 5307 2509 5346 mus
2551 5290 2653 5346 hoc
2693 5290 2808 5345 loco
2854 5289 3187 5359 reponimus.
3260 5290 3417 5343 Inter
3461 5287 3611 5342 edita
3648 5287 3997 5343 Gamo-iana
4041 5303 4157 5343 non
4193 5304 4346 5345 oom-

2382 5366 2728 5416 memoratwr.
3827 5443 3926 5495 46*
