4900 6167
742 445 868 508 275

787 626 1068 706 lodendi,
1113 635 1179 692 et
1221 626 1290 691 iu
1342 627 1356 641 ⁶
1404 626 1803 694 excutiendi:
1850 625 1965 691 sed
2008 625 2161 709 quia
2203 626 2399 692 nimis
2438 624 2693 708 puden-

739 651 896 780 gum
932 719 1000 777 et
1032 647 1433 778 horrencftim
1466 721 1569 778 est
1600 720 1975 795 susceptum
2010 711 2327 778 adversus
2348 708 2695 777 Christum

740 798 862 865 sub
906 798 1116 883 ipsius
1160 798 1423 862 nomine
1470 797 1713 863 bellum
1730 849 1745 876 ,
1808 799 2146 880 quaeritur
2187 796 2421 863 titulus
2462 797 2694 862 minis-

735 891 992 950 trorum
1035 884 1109 949 in
1149 903 1277 965 quo
1322 883 1445 949 sub
1490 884 1618 949 alio
1661 884 1928 949 nomine
1961 890 2399 968 oppugnetur.
2472 884 2693 965 Atque

734 970 883 1036 ideo
937 969 1126 1036 nobis
1191 969 1727 1051 circumspectius
1791 968 2258 1035 ambulandum
2326 976 2442 1034 est.
2543 966 2694 1034 Scis

737 1076 932 1139 quam
956 1054 1149 1121 multi
1171 1053 1357 1121 nobis
1380 1062 1640 1119 struant
1681 1052 1967 1120 insidias.
2033 1053 2436 1138 Exemplum
2480 1074 2694 1137 nuper

735 1141 961 1209 vidisti
980 1141 1051 1205 in
1074 1139 1399 1207 Michaele.
1438 1139 1657 1221 Quam
1679 1161 1755 1208 ca
1800 1142 2004 1205 tarint
2041 1141 2356 1207 adversus
2377 1148 2445 1204 te
2470 1139 2693 1206 hostes

736 1227 1141 1295 occasionem
1196 1234 1507 1309 expertus
1567 1247 1654 1292 es.
1800 1226 1964 1291 itam
2008 1233 2192 1292 tuam
2246 1224 2511 1308 culpare
2554 1244 2692 1291 non

734 1320 1011 1397 possunt
1048 1332 1169 1378 nec
1192 1312 1557 1377 doctrinam
1577 1311 2085 1397 reprehendere:
2172 1319 2448 1376 uaerent
2485 1311 2693 1396 igitur

735 1400 936 1466 alium
967 1405 1399 1483 praetextum.
1440 1397 1657 1464 Audio
1686 1398 1926 1463 multas
1953 1404 2020 1464 et
2042 1417 2152 1463 mo
2178 1403 2350 1463 estas
2372 1416 2518 1462 esse
2538 1416 2693 1480 que-

734 1485 907 1551 relas
929 1484 1012 1551 de
1033 1492 1151 1549 tua
1172 1483 1546 1567 prolixitate
1567 1485 1636 1548 in
1661 1484 1862 1550 sacris
1885 1483 2300 1550 concionibus
2325 1491 2389 1546 et
2411 1481 2690 1566 publicis

733 1569 1048 1656 precibus.
1116 1568 1175 1635 N
1184 1590 1267 1634 cn
1301 1570 1565 1653 ignoras
1586 1589 1752 1652 quae
1786 1570 1875 1635 sit
1906 1568 2257 1634 infirmitas
2275 1568 2523 1652 populi,
2545 1571 2600 1650 ⁰)
2623 1575 2693 1632 et

733 1657 1092 1723 multorum
1137 1653 1310 1720 mala
1353 1674 1541 1721 mens
1584 1664 1652 1721 et
1694 1656 1905 1721 malus
1948 1656 2221 1721 animus.
2302 1653 2690 1719 Communi-

733 1742 911 1810 cavit
966 1741 1131 1806 mihi
1189 1740 1506 1824 quaedam
1563 1741 1830 1827 collega.
1920 1739 2072 1805 Non
2133 1747 2234 1806 est
2291 1760 2470 1806 nova
2525 1740 2687 1806 haec

731 1827 1014 1914 querela.
1136 1825 1358 1894 Debes
1433 1847 1590 1911 ergo
1672 1826 1829 1891 dare
1902 1846 2169 1909 operam
2245 1832 2322 1890 ut
2397 1826 2688 1910 corrigas

730 1912 905 1999 quod
950 1912 1139 1980 audis
1180 1911 1262 1978 ab
1304 1911 1607 1979 omnibus
1650 1912 2022 1996 improbari.
2110 1910 2509 1995 Quanquam
2562 1909 2686 1977 hoc

728 2001 968 2074 vitium
1012 1999 1268 2077 multis,
1324 2019 1400 2065 ac
1454 1999 1619 2063 mihi
1672 1998 2008 2081 inprimis,
2073 2005 2293 2065 tecum
2337 2016 2685 2064 commune

729 2095 845 2164 est,
893 2094 1186 2170 praestat
1227 2095 1451 2158 tamen
1477 2085 1644 2151 lianc
1687 2085 2060 2168 praeripere
2102 2084 2346 2150 nostris
2387 2081 2684 2148 hostibus

728 2172 1133 2240 occasionem
1191 2168 1538 2253 querendi,
1599 2170 1888 2236 maxime
1951 2190 2157 2252 quum
2216 2169 2408 2235 toties
2451 2189 2682 2234 sumus

728 2258 927 2324 huius
984 2256 1331 2334 admoniti,
1398 2275 1482 2320 ne
1540 2254 1879 2320 videamur
1935 2255 2061 2323 hoc
2112 2256 2183 2320 in
2241 2273 2471 2320 eorum
2528 2275 2681 2321 con-

726 2352 981 2428 temptu
1000 2344 1060 2427 ⁷)
1121 2342 1334 2407 facere
1390 2341 1503 2424 qui
1557 2351 1970 2407 monuerunt.
2059 2339 2214 2407 Scio
2269 2339 2446 2404 enim
2504 2338 2682 2424 apud

726 2451 849 2496 nos
904 2449 1038 2494 non
1094 2426 1302 2493 solum
1359 2425 1603 2492 offendi
1645 2427 2017 2512 prolixitate
2069 2425 2396 2510 professos
2440 2426 2680 2506 hostes,

725 2513 843 2582 sed
886 2515 1082 2579 etiam
1124 2513 1239 2596 qui
1282 2509 1470 2577 nobis
1507 2512 1749 2580 favent.
1838 2511 1985 2580 Scis
2026 2511 2294 2578 modum
2350 2513 2422 2577 in
2467 2513 2680 2577 omni-

723 2601 847 2667 bus
889 2620 1032 2665 esse
1075 2596 1451 2663 tenendum.
1539 2598 1709 2664 Vide
1751 2598 1957 2683 igitur
1999 2607 2076 2664 ut
2117 2619 2265 2665 eum
2310 2597 2431 2664 tibi
2475 2599 2683 2683 impo-

725 2706 861 2762 nas,
907 2706 992 2750 ne
1034 2683 1282 2749 frustra
1323 2682 1578 2749 labores
1621 2693 1689 2749 et
1722 2683 2080 2767 superbum
2115 2683 2458 2750 hominum
2494 2684 2678 2749 fasti-

726 2771 908 2836 dium
951 2769 1161 2854 magis
1205 2788 1463 2853 augeas.
1552 2771 1801 2836 Mirum
1843 2778 2021 2836 certe
2064 2779 2167 2835 est
2208 2770 2502 2835 omnium
2546 2769 2679 2836 fas-

726 2856 958 2922 tidium
978 2906 993 2933 ‚
1050 2862 1128 2920 ut
1181 2855 1328 2921 illos
1384 2863 1636 2922 taceam
1691 2856 1804 2938 qui
1860 2855 2025 2921 nihil
2083 2856 2215 2921 nisi
2272 2856 2679 2922 occasionem

725 2948 1052 3007 venantur
1069 2992 1085 3020 ,
1140 2963 1270 3025 qua
1312 2942 1516 3008 sacris
1577 2941 1995 3009 concionibus
2052 2942 2268 3026 aliquo
2325 2949 2678 3025 praetextu

724 3028 1043 3096 nuncium
1085 3029 1373 3092 mittant.

895 3112 1207 3180 Salutant
1260 3122 1328 3178 te
1382 3113 1590 3181 nostri
1648 3134 1908 3192 omnes,
1963 3113 2352 3197 praesertim
2408 3112 2572 3179 colle
2659 3162 2678 3194 ,

722 3211 789 3267 et
848 3220 1017 3265 uxor
1072 3209 1140 3264 et
1180 3197 1437 3264 filiolae.
1536 3198 1769 3265 Saluta
1825 3219 1973 3264 meo
2017 3200 2301 3264 nomine.
2387 3199 2495 3264 De
2606 3219 2678 3264 u-

719 3305 875 3371 yone
914 3292 1141 3350 vestro
1166 3287 1192 3326 ⁸
1279 3291 1346 3349 et
1388 3283 1468 3350 de
1511 3283 2128 3369 persequutionibus
2171 3285 2268 3349 ita
2303 3332 2598 3351 ......
2618 3285 2675 3367 ⁹)

723 3370 948 3437 audies
991 3368 1073 3436 de
1121 3367 1175 3436 Ο
1211 3370 1577 3452 ristophoro.
1665 3368 1916 3454 Scripsi
1975 3368 2058 3437 ad
2106 3368 2438 3437 Calvinum
2464 3371 2548 3454 ¹⁰)
2592 3368 2676 3435 de

719 3454 1039 3523 tentanda
1109 3474 1258 3520 eum
1327 3455 1729 3523 Bernatibus
1796 3455 2141 3523 concordia
2208 3465 2275 3521 et
2344 3453 2674 3522 diluendis

720 3544 1007 3610 sinistris
1049 3540 1526 3625 suspicionibus
1590 3551 1657 3608 et
1715 3542 2056 3609 calumniis
2110 3540 2346 3625 quibus
2388 3561 2675 3627 gravan-

719 3637 848 3695 tur.
940 3630 1034 3695 At
1088 3649 1219 3712 qua
1272 3628 1385 3693 via
1440 3627 1564 3694 hoc
1620 3628 1705 3694 sit
1762 3626 2149 3693 tentandum
2190 3626 2352 3693 mihi
2396 3648 2534 3693 non
2578 3629 2676 3693 ita

719 3713 1155 3867 {xpeditugim
1141 3723 1260 3794 est,
1301 3725 1373 3865 {t
1413 3714 1702 3864 ingertus
1744 3711 2093 3864 ffimodum
2128 3714 2346 3780 exitus
2339 3712 2673 3866 Εέχίεᾶοιιιέ

812 3821 871 3866 ri
1197 3822 1243 3865 n
1534 3821 1571 3864 e
1630 3820 1703 3865 re
1891 3799 2242 3866 HaEmm.
2530 3820 2603 3866 ec

719 3821 1194 4039 rrgzffiffglillligs:
1212 3821 1661 4038 Διέἷξοιὲταω
1702 3885 1949 4036 alipuid
2009 3971 2092 4037 de
2112 3821 2673 4038 egmlauzoerdlgcsgd

722 4065 797 4124 tu
851 4058 1008 4143 quid
1064 4057 1173 4125 hic
1230 3993 1447 4142 posslgt¹
1494 4079 1577 4124 ex
1634 4078 1712 4124 eo
1768 3993 2005 4124 iiielius
2060 4056 2409 4144 intelliges.
2498 4055 2671 4122 Vale

722 4146 983 4228 optime.
1071 4145 1469 4211 Lausannae
1514 4147 1615 4210 29.
1660 4143 1922 4209 Ianuar.
1978 4146 2162 4210 1552.

1704 4263 1888 4330 'l'uus
1925 4262 2165 4329 Petrus
2206 4260 2498 4331 Viretus.

724 4420 815 4427 --.-—-

926 4497 1007 4585 6).
1028 4517 1240 4574 Revera
1277 4536 1477 4590 maqna
1511 4520 1687 4574 animi
1715 4522 1976 4583 firmitate
2022 4535 2159 4589 opus
2206 4524 2284 4574 est
2328 4518 2406 4573 ad
2438 4518 2665 4574 audien·

721 4587 1563 4712 ωἵίιὲἑιηαιωοοιὲἲιῦβηω
1597 4591 1648 4642 is
1682 4591 1780 4659 qui
1812 4589 1974 4644 audit
2004 4604 2118 4643 non
2148 4587 2451 4657 praevidet,
2486 4589 2538 4641 is
2571 4588 2671 4657 qui

924 4791 985 4858 8)
1022 4739 1298 4848 geiacum
1330 4793 1429 4861 (N.
1474 4793 1604 4849 1528
1636 4796 1776 4862 cta).

924 4860 987 4929 9)
1026 4859 1229 4917 Charta
1266 4861 1456 4927 deficit.

895 4930 988 4999 10)
1024 4928 1103 4986 N.
1141 4928 1291 4985 1682.

2254 436 2782 508 EPIS'POLAE
2828 441 3253 507 1597—1600

4595 449 4701 516 276

3683 627 3874 698 1508.

3183 780 3692 851 HALLERUS
3735 781 4358 852 BULLINGERO.

2914 1037 2927 1051 .
2968 949 3304 1018 Bolseoum
3360 952 3612 1020 Bernae
3666 956 3873 1036 fuisse
3939 955 4199 1024 ’κακίαι
4268 961 4326 1021 et
4383 977 4520 1024 σηοω
4582 961 4706 1029 inde

2794 1037 3059 1118 abiisse,
3104 1038 3377 1120 fortasse
3438 1040 3743 1105 Turicum
3789 1041 4157 1123 paean-m.
4248 1042 4493 1110 Caluini
4543 1047 4705 1113 Anti-

2795 1123 3006 1189 dotum
3069 1129 3282 1190 contra
3345 1125 3676 1194 concilium
3737 1127 3873 1193 iam
3937 1148 4251 1210 nusquam
4315 1130 4707 1197 inveniendum

2794 1210 3275 1361 &auctoratum
3340 1210 3468 1277 imo
3522 1232 3746 1278 novum
3803 1212 4062 1295 aliquod
4114 1213 4195 1280 ab
4249 1220 4459 1282 amore
4496 1217 4705 1301 efflagi-

2947 1314 3074 1359 um.
3593 1307 3598 1314 ·

2795 1465 2903 1532 (Ex
2969 1465 3308 1537 autographo
3365 1466 3493 1522 Cod.
3543 1467 3720 1522 Turio.
3775 1468 3998 1523 ArchiV.
4060 1468 4233 1524 Scrin.
4281 1471 4343 1525 B.
4396 1472 4528 1542 Epp.
4577 1473 4704 1528 Tom.

3014 1575 3031 1591 .
3062 1551 3207 1589 nunc
3226 1535 3369 1590 Plut.
3388 1534 3782 1661 VIL-Vtsihnllae,
3809 1536 4084 1675 &gl-133..)
4116 1537 4405 1609 Inscriptio
4438 1557 4540 1596 non
4560 1542 4706 1599 adest.

2962 1842 3096 1910 Pro
3152 1843 3340 1910 Actis
3395 1845 3649 1912 concilii
3709 1866 3986 1931 magnas
4046 1846 4165 1912 tibi
4226 1847 4432 1914 habeo
4473 1850 4704 1933 gratias.

2786 1928 3058 1995 Mittam
3094 1928 3436 1997 Genevam
3473 1930 3584 1997 ubi
3620 1931 3907 2016 primum
3949 1942 4199 2017 potero,
4244 1934 4435 2000 sicuti
4473 1936 4704 2014 iussisti,

2788 2021 2856 2079 et
2897 2012 3181 2081 suadebo
3227 2014 3485 2082 Calvino
3527 2027 3607 2081 ut
3691 2031 3832 2083 aret
3887 2019 4129 2084 iustum
4178 2029 4408 2086 contra
4462 2019 4573 2087 hoc
4612 2043 4705 2087 ve-

2786 2120 3034 2165 nenum
3085 2099 3467 2167 antidotum.
3496 2107 3546 2179 ¹)
3697 2102 3824 2168 uod
3880 2124 4037 2169 vero
4079 2103 4528 2188 Hieronymum
4576 2108 4705 2172 atti·

2787 2195 2902 2252 net
2943 2186 3055 2270 qui
3093 2186 3408 2253 Genevae
3451 2199 3681 2273 captus
3716 2188 3855 2266 fuit,
3900 2190 4083 2254 venit
4125 2189 4184 2256 is
4219 2189 4347 2257 huc
4365 2191 4420 2277 ²)
4462 2200 4526 2256 et
4561 2192 4704 2258 clam

2788 2272 2975 2338 nobis
3018 2282 3320 2339 senatum
3363 2275 3689 2350 convenit,
3734 2275 3982 2358 gratias
4021 2296 4226 2360 agens
4267 2297 4385 2360 pro
4425 2277 4703 2344 interces-

2786 2358 2967 2424 sione
3000 2360 3314 2441 praestita
3348 2358 3522 2444 apud
3560 2359 4006 2439 Genevenses‚
4051 2382 4351 2428 asserens
4393 2361 4564 2428 illam
4601 2362 4705 2429 sibi

2784 2443 3161 2527 plurimum
3187 2445 3529 2528 profuisse,
3575 2465 3815 2529 rogans
3857 2446 4053 2512 simul
4097 2458 4175 2511 ut
4211 2447 4594 2515 concedatur
4630 2448 4710 2513 illi

2788 2550 2983 2614 agere
3026 2530 3147 2596 sub
3205 2530 3480 2613 imperio
3522 2529 3961 2598 Dominorum
4003 2542 4416 2613 nostrorum,
4516 2535 4710 2599 tomit-

2785 2623 2935 2681 tens
2981 2615 3179 2682 simul
3221 2617 3443 2682 omnia
3485 2638 3654 2700 quae
3701 2616 3783 2681 ad
3817 2639 4043 2702 pacem
4089 2626 4156 2684 et
4197 2619 4483 2703 tranquil
4514 2619 4707 2685 ‘tatem

2783 2701 3049 2768 faciunt.
3160 2700 3562 2769 Concessum
3629 2702 3754 2768 hoc
3832 2711 3934 2770 est
4010 2703 4107 2769 illi
4185 2704 4310 2772 sub
4372 2704 4705 2772 conditione

2783 2787 3296 2871 tranquillitatis.
3364 2785 3733 2866 Caeterum,
3779 2801 3856 2853 ut
3899 2789 4220 2868 intellexi,
4258 2790 4546 2858 discessit
4579 2791 4705 2854 hinc

2782 2873 3084 2939 omnibus
3138 2873 3508 2939 insalutatis
3526 2924 3540 2950 ,
3598 2874 3850 2939 relictis
3904 2875 4104 2940 etiam
4147 2876 4324 2960 apud
4368 2887 4703 2961 protonota-

2782 2957 2954 3024 rium
2997 2957 3208 3025 literis
3266 2978 3436 3043 quae
3491 2958 3586 3024 illi
3629 2958 3955 3026 dabantur
3999 2981 4038 3026 a
4080 2970 4336 3029 senatu.
4369 2993 4374 2998 ·
4423 2963 4703 3029 Nostrum

2780 3043 3040 3110 nullum
3082 3043 3409 3122 convenit,
3455 3064 3668 3129 neque
3708 3046 4048 3130 quisquam
4081 3057 4388 3114 nostrum
4429 3047 4704 3135 cognovit

2780 3151 2932 3196 eum
2987 3130 3097 3197 hic
3139 3150 3313 3209 esse,
3372 3130 3577 3198 donec
3621 3130 3816 3198 rebus
3858 3133 3996 3199 suis
4039 3133 4205 3200 actis
4248 3135 4383 3200 iam
4424 3135 4702 3202 discesse-

2780 3223 2903 3282 rat.
2979 3213 3308 3300 Suspicor
3348 3216 3536 3281 illum
3572 3215 3656 3282 ad
3700 3238 3815 3284 vos
3859 3217 4247 3302 profectum.
4338 3221 4529 3286 Volui
4570 3238 4701 3303 ergo

2781 3302 2945 3369 haec
2987 3300 3109 3366 tibi
3152 3302 3522 3386 significare
3540 3354 3555 3381 ‚
3624 3311 3698 3367 ut
3753 3304 3809 3369 si
3855 3303 3978 3369 hae
4021 3304 4254 3371 literae
4305 3307 4515 3390 ipsum
4556 3301 4703 3388 apud

2781 3408 2896 3454 vos
2940 3385 3468 3471 deprehendant,
3529 3386 3911 3473 diligentius
3952 3390 4445 3457 animadvertas
4500 3392 4564 3456 in
4605 3390 4700 3454 ho-

2777 3473 3044 3539 minem.
3146 3472 3342 3539 Certe
3398 3473 3635 3558 gallica
3697 3481 3922 3542 nostra
3978 3477 4322 3559 provincia
4378 3475 4563 3542 valde
4620 3485 4703 3539 est

2778 3557 3071 3636 turbata,
3093 3559 3149 3637 ⁸)
3214 3569 3280 3624 et
3335 3559 3656 3642 plurimae
3720 3561 4116 3643 perveniunt
4174 3562 4259 3628 ad
4325 3584 4444 3632 nos
4498 3569 4699 3627 sectae.

2777 3642 3106 3710 Dominus
3148 3645 3485 3729 consopiat
3523 3645 3642 3712 illa
3673 3647 3912 3712 omnia.

2949 3730 3134 3798 Haec
3177 3730 3376 3797 habui
3421 3731 3630 3811 modo,
3690 3752 3857 3816 quae
3910 3742 3985 3799 ut
4037 3733 4194 3799 boni
4252 3732 4546 3802 consulas
4585 3748 4697 3797 oro.

2777 3812 3091 3883 Salutant
3130 3824 3197 3882 te
3237 3816 3449 3884 nostri
3491 3837 3737 3894 omnes,
3784 3818 4033 3884 familia
4078 3839 4337 3904 quoque
4379 3839 4537 3886 mea.
4600 3816 4700 3882 Sa-

2775 3902 2917 3967 luta
2975 3922 3059 3968 ex
3102 3923 3209 3968 me
3250 3911 3461 3983 tuam,
3528 3913 3597 3970 et
3638 3902 3996 3982 Dominos,
4062 3913 4131 3971 et
4186 3904 4430 3974 fratres
4480 3921 4696 3970 omnes.

2783 3985 3025 4066 ononi,
3051 3988 3104 4071 ⁴)
3150 4007 3418 4072 quaeso,
3464 3988 3570 4054 dic
3613 4009 3720 4054 me
3767 3989 3874 4055 hic
3917 4011 4052 4055 non
4096 3993 4394 4075 potuisse
4433 3988 4698 4057 invenire

2775 4073 3178 4157 exemplaria
3256 4072 3558 4140 Antidoti
3642 4075 3713 4139 in
3793 4077 4116 4143 sessiones
4195 4076 4376 4144 ‘lu-id.
4459 4072 4695 4142 Caluini.

2773 4157 3029 4244 Scripsi
3070 4157 3498 4228 Lausannam
3515 4212 3530 4239 ,
3577 4159 3693 4227 sed
3736 4180 3857 4226 nec
3899 4161 4033 4228 illic
4076 4162 4380 4232 habetur.
4481 4162 4699 4226 Vno-em

2774 4244 3121 4312 Genevam
3180 4247 3442 4331 scripsit
3494 4253 3590 4326 et,
3647 4253 3726 4312 ut
3767 4267 3989 4331 spero,
4046 4248 4428 4334 propediem
4480 4245 4557 4314 ad
4608 4263 4697 4309 mc

2771 4331 3021 4397 mittet:
3093 4330 3511 4417 postmodum
3569 4332 3632 4399 ei
3701 4333 3980 4400 mittam.
4082 4334 4254 4402 Vale
4319 4337 4390 4401 in
4441 4330 4696 4399 Domino

2770 4415 2928 4485 Iesu
2986 4418 3100 4501 qui
3164 4426 3232 4484 te
3287 4425 3602 4501 perpetuo
3656 4419 3980 4486 custodiat
4034 4430 4100 4486 et
4158 4431 4399 4488 servet.
4483 4422 4693 4485 Amen.

2769 4502 3032 4571 Bernae
3076 4507 3134 4570 3.
3178 4502 3321 4572 Cal.
3365 4502 3563 4572 Febr.
3615 4508 3795 4571 1552.

3954 4592 4028 4657 T.
4074 4591 4260 4659 Ioan.
4307 4591 4623 4659 Hallerus.

2771 4827 2946 4884 lues.
2971 4828 3028 4895 1)
3074 4825 3189 4952 ᾖε·
3218 4833 3398 4883 nmen
3434 4827 3564 4886 huie
3595 4829 3863 4884 desiderio
3897 4845 4010 4884 uon
4044 4832 4344 4899 respondit.

2973 4897 3037 4963 2)
3138 4933 3151 4947 .
3189 4895 3343 4951 1595.
3379 4898 3409 4951 1
3517 4938 3531 4952 .
