4900 6167
340 461 385 523 9
2064 467 2223 529 1561
2271 462 2652 531 IANUAR.
4271 477 4354 539 10

340 645 628 715 dicerem
673 656 1010 734 rogarunt.
1097 646 1321 731 Qum
1361 647 1606 716 multos
1655 648 1935 718 haberes
1986 651 2071 718 ad
2112 652 2297 719 obse-

338 734 573 817 quium
617 743 898 818 paratos,
940 735 997 801 si
1041 734 1161 801 tibi
1200 735 1355 801 usui
1395 734 1568 801 foret
1598 755 1825 801 eorum
1858 757 2072 821 opera.
2163 736 2300 806 Sed

338 818 583 886 animis
625 829 696 885 te
736 827 1120 887 contentum
1160 828 1425 887 norunt.
1514 819 1684 887 Vale
1725 821 1986 889 iterum.
2076 823 2297 891 Gene-

336 925 467 972 188
510 904 721 990 pridie
762 906 993 973 Nonas
1033 906 1298 974 Ianuar.
1351 912 1533 972 1551.

1274 1043 1554 1110 Ioannes
1596 1042 1914 1114 Calvinus
1948 1054 2121 1113 tuus.

514 1213 593 1281 Si
662 1214 917 1281 Virdus
968 1215 1264 1281 Bernam
1324 1225 1523 1298 petat,
1603 1225 1681 1280 ut

330 1300 641 1380 consulo,
700 1308 768 1365 te
826 1298 995 1366 forte
1036 1301 1109 1366 in
1152 1298 1367 1366 reditu
1414 1298 1675 1366 videbit.

330 1385 611 1452 Utinam
645 1386 884 1452 tertius
920 1384 1311 1453 accederem.
1380 1383 1517 1452 Sed
1543 1388 1675 1452 iam

330 1474 566 1538 statim
610 1472 885 1539 instabit
924 1469 1298 1538 condictum
1341 1481 1618 1556 tempus.

1113 1769 1515 1778 ——-—-..--—-——..

1217 1984 1409 2057 1481.

768 2139 1292 2209 SERTORIUS
1323 2147 1339 2185 ¹
1342 2152 1370 2219 j
1413 2140 1850 2209 GALVmO.

509 2311 771 2396 Ianam-⁹
816 2313 1216 2379 notis-sivum
1257 2313 1411 2392 adit,
1455 2315 1593 2379 eius
1634 2314 1704 2380 d·
1742 2315 1756 2328 ⁶
1867 2313 2023 2380 tiam
2065 2322 2124 2382 et
2158 2316 2288 2398 for-

320 2397 662 2463 titudinem
703 2400 775 2463 in
826 2399 1205 2482 ‹isset-demo
1256 2398 1574 2483 evcnqelio
1621 2398 1683 2465 la
1815 2419 1894 2465 ns
1957 2407 2012 2466 et
2062 2402 2285 2468 ximu-

321 2486 495 2562 lans,
540 2484 939 2551 adversarios
979 2505 1180 2567 usque
1217 2485 1574 2567 ferocientes
1613 2491 1852 2552 notans.

320 2657 443 2722 (Ex
499 2655 838 2726 autographo
888 2657 1030 2710 lectu
1083 2656 1399 2710 difficillimo
1434 2655 1562 2710 eod.
1615 2655 1816 2711 Genev.
1873 2656 2001 2723 109,
2058 2658 2149 2713 fol.
2195 2658 2281 2713 32.

322 2728 515 2779 Autor
548 2741 660 2780 11811
696 2725 871 2778 solum
920 2725 1067 2778 inter
1100 2724 1460 2795 calligraphus
1496 2742 1683 2780 verum
1731 2726 1896 2779 etiam
1932 2728 2078 2781 inter
2111 2728 2284 2797 philo·

694 2819 699 2824 ·
729 2794 883 2863 logos
917 2793 1187 2848 tironibus
1220 2794 1608 2848 adscribendus
1646 2794 1905 2860 videtur.)

505 2962 889 3030 Clarissimo
950 2962 1448 3047 doctissimoque
1515 2964 1657 3031 viro
1716 2966 2008 3034 Domino
2054 2967 2128 3033 D.
2175 2968 2284 3033 Io-

318 3050 491 3114 anni
514 3049 794 3117 Calvino
830 3049 1098 3115 domino
1133 3059 1202 3115 et
1234 3051 1443 3117 amico
1479 3071 1597 3116 8118
1633 3050 1825 3117 unice
1859 3052 2283 3120 observando,

1801 3188 2115 3256 Genevae

1806 3275 2026 3342 Genff.

505 3407 804 3477 Salutem
847 3409 918 3475 in
953 3406 1243 3475 Domino
1264 3409 1436 3476 Iesu.
1506 3411 1651 3477 Etsi
1699 3413 1861 3478 facie
1905 3434 2040 3479 non
2080 3415 2280 3492 visus,

316 3496 688 3562 clarissime
710 3494 833 3573 vir,
870 3496 1090 3561 animo
1126 3505 1351 3561 tamen
1385 3506 1583 3562 notus
1618 3497 1913 3565 candido.
1980 3499 2062 3565 Id
2106 3499 2280 3585 quod

324 3603 361 3648 e
399 3582 533 3647 tuis
575 3580 930 3665 praeclaris
971 3602 1252 3665 vereque
1306 3581 1688 3667 theologicis
1730 3583 1977 3668 aliquot
2019 3587 2281 3670 scriptis

321 3669 470 3751 ipse
525 3667 844 3734 hactenus
896 3666 1251 3733 hauserim.
1339 3667 1442 3734 Ne
1485 3677 1706 3735 autem
1749 3681 1929 3737 tuam
1973 3671 2279 3737 humani-

250 3761 255 3766 ’
319 3764 534 3819 tatem
588 3753 754 3818 meis
805 3751 1085 3820 literulis
1137 3751 1522 3833 obtundam,
1581 3755 1946 3822 innumeris
1989 3756 2279 3841 alioquin

372 3837 784 3921 raepeditum
842 3839 1036 3904 rebus
1051 3889 1067 3916 ,
1133 3842 1355 3922 paucis
1410 3839 1512 3905 his
1567 3841 1804 3925 nugari
1860 3841 2025 3907 mihi
2064 3842 2279 3909 liceat.

389 3947 425 3991 8
613 3934 691 3990 ιιι
752 3925 1022 4008 coepisti
1078 3923 1384 4002 feliciter,
1451 3925 1641 3992 miles
1701 3926 1953 3995 Christi
2007 3929 2278 3995 Domini

320 4010 458 4077 fide
488 4012 503 4026 ⁰
576 4012 707 4076 ime
724 4060 740 4088 ,
798 4012 869 4075 in
912 4028 1142 4093 campo
1187 4009 1566 4076 deliciarum
1609 4013 1897 4079 flosculis
1943 4025 2276 4080 vernante.

323 4095 878 4179 Quandoquidem
913 4107 980 4160 et
1014 4106 1107 4174 tu,
1159 4093 1434 4176 Calvino,
1479 4100 1549 4162 in
1584 4097 2028 4165 defensionem
2064 4120 2278 4167 sacro-

320 4182 539 4248 sancti
582 4180 918 4282 evangelii
954 4202 1072 4264 per
1105 4182 1234 4246 Dei
1268 4182 1663 4282 singularem
1700 4185 1975 4268 gratiam
2011 4195 2281 4285 Yocatus

322 4289 594 4422 gg’ltgff
617 4354 882 4419 vineam
900 4265 1275 4418 &0232ss
1319 4266 2282 4424 ffigdzznogfflsarlgoffdsgfeegg

322 4462 461 4507 non
504 4447 839 4507 cessantes
872 4437 1101 4522 procul
1136 4439 1358 4524 abigas
1392 4438 1644 4505 calamo
1680 4448 1792 4505 tuo
1835 4439 2276 4520 adamantino,

325 4534 395 4591 et
436 4546 568 4609 quo
604 4525 948 4591 ferociores
991 4543 1134 4589 sese
1176 4524 1421 4608 passim
1459 4575 1473 4590 .
1514 4576 1528 4590 .
1564 4576 1578 4590 .
1619 4577 1634 4593 .
1673 4534 1809 4605 ant,
1852 4526 1974 4594 hoc
2017 4528 2275 4595 ferven-

324 4613 455 4677 tior
499 4630 611 4676 eos
654 4608 1016 4676 confundas
1051 4659 1283 4674 .....
1316 4631 1440 4693 que
1477 4661 1712 4678 .....
1728 4612 2099 4680 ‘salubriter
2144 4623 2276 4679 tra·

324 4696 548 4764 ducas.
570 4695 628 4782 2)
713 4694 891 4762 Sunt
933 4704 1001 4761 et
1041 4695 1213 4778 apud
1248 4716 1369 4762 nos
1409 4696 1732 4764 immanes
1773 4698 2017 4765 bestiae
2051 4708 2280 4765 contra

322 4784 458 4850 Dei
502 4781 777 4848 verbum
819 4802 896 4848 ac
940 4782 1081 4846 eius
1119 4780 1486 4847 ministros:
1526 4785 1907 4866 praesertim
1953 4783 2277 4869 Catabap·

324 4870 635 4936 tistarum
679 4888 889 4952 genus
932 4869 1225 4932 omnium
1261 4867 1869 4949 pestilentissimum
1886 4922 1901 4950 ,
1948 4892 2276 4937 venenum

325 4958 621 5023 toxicum
666 4952 868 5038 vulgo
909 4963 1301 5033 evomentes,
1339 4974 1501 5037 quos
1545 4956 1973 5040 magistratus
2016 4965 2276 5041 torpore

328 5241 950 5325 utineam
1005 5241 1383 5313 aristophon-0·
1438 5242 1673 5299 sartoris·

760 5328 885 5368 vero
918 5254 2279 5381 nmnmmbmmwtate.
2325 5279 2333 5428 l
2377 5381 2547 5437 1482
2589 5382 2618 5434 1

537 5381 598 5449 2)
628 5351 727 5438 De’
748 5381 971 5438 lemno
1004 5381 1380 5438 manenda
1412 5381 1833 5452 manem.

2398 670 2598 737 aegre
2637 645 2968 719 sustinere
3008 653 3321 737 cogimur.
3389 653 3527 721 Sed
3566 655 3724 741 quid
3807 665 4023 737 ueror‚
4068 659 4164 724 mi
4209 657 4351 726 Gaz-

2396 738 2590 804 vine?
2687 736 3097 805 Detestanda
3152 747 3377 806 nostra
3439 739 3758 825 ingratitu
3803 764 3874 822 o,
3940 764 4072 828 qua
4124 744 4350 812 Deum

2395 824 2718 906 optimum
2749 822 3049 908 donaque
3083 825 3225 891 eius
3258 826 3582 892 immensa
3601 829 3793 895 nauci
3820 829 4115 910 facimus,
4150 830 4348 917 longe

2396 910 2734 976 acerbiora
2773 918 3093 989 meretur,
3152 909 3442 995 adeoque
3484 921 3559 977 ut
3600 911 3808 979 Satan
3850 935 3971 981 1188
4014 935 4091 981 88
4124 927 4351 985 nostra

2396 995 2619 1060 omnia
2659 996 2859 1060 semel
2902 997 2973 1060 in
3018 998 3224 1063 imum
3278 998 3731 1081 praecipitium
3773 1021 3908 1066 una
3949 1002 4345 1085 poesumdet.

2400 1079 2830 1166 Vigilandum
2904 1083 3139 1167 igitur,
3217 1082 3537 1149 orandum
3624 1092 3817 1168 atque
3894 1085 4345 1155 clamandum:

2396 1164 2700 1242 Domine,
2737 1188 2955 1233 rerum
2983 1169 3279 1234 omnium
3302 1169 3691 1252 aequissime
3712 1168 4106 1251 moderator,
4142 1173 4346 1254 salva,

2393 1271 2517 1317 nos
2561 1253 2880 1335 perimus!
2971 1253 3174 1319 Hisce
3215 1255 3400 1335 vive,
3444 1275 3521 1321 ac
3561 1256 3636 1319 in
3677 1254 3965 1323 Domino
4007 1258 4152 1324 vale
4194 1280 4348 1327 cum

2394 1338 2529 1403 tuis
2570 1347 2884 1421 perpetuo
2927 1361 3156 1418 sanus,
3203 1360 3479 1424 quaeso,
3523 1341 3874 1420 carissime,
3919 1353 3986 1408 et
4028 1344 4128 1408 tui
4165 1342 4345 1410 011νὶ-

2394 1423 2670 1505 stophori
2709 1422 2880 1507 apud
2918 1426 3130 1490 Deum
3178 1426 3313 1490 tuis
3347 1425 3473 1509 piis
3514 1429 3691 1494 votis
3724 1447 3978 1494 memor
4019 1437 4175 1495 esto.
4264 1428 4347 1496 Si

2392 1530 2514 1593 per
2547 1510 2754 1574 otium
2791 1509 2960 1588 licet,
3010 1511 3112 1588 vel
3148 1511 3441 1594 parvulis
3461 1514 3515 1596 ⁸)
3561 1512 3771 1579 literis
3803 1534 3911 1579 me
3945 1515 4344 1582 consolando

2394 1592 4343 1771 11111θειξεεεεεὶεςωενξῃιεειωιῖῑςῗυεᾞῇᾞρ

2393 1764 2630 1851 pedem
2674 1775 2741 1832 te
2781 1765 3042 1833 visendi
3101 1767 3313 1853 gratia
3368 1769 3759 1854 arriperem,
3815 1769 4034 1838 animo
4074 1773 4364 1839 interim

2394 1851 2515 1918 tibi
2569 1851 3159 1936 praesentissimus.

2393 1958 2571 2003 anno
2616 1943 2718 2003 51.

3259 1854 3415 1921 Dat.
3483 1877 3519 1920 e
3584 1853 3901 1940 Sangallo
3946 1861 4004 1921 7.
4048 1856 4343 1924 Ianuarii

3114 2024 3297 2091 Tuus
3341 2046 3422 2090 ex
3468 2026 3688 2091 animo
3732 2024 4171 2095 deditissimus

3198 2127 3716 2213 Christophorus
3760 2126 4111 2197 Sertorius.

3252 2637 3441 2708 1432.

2849 2792 3204 2861 LASOUS
3250 2793 3885 2862 BULLINGERO.

2567 2963 2905 3046 Postquam
2948 2966 3007 3030 ei
3048 2966 3126 3031 de
3156 2967 3549 3032 consensione
3592 2966 3989 3032 ecclesiarum
4025 2966 4339 3034 helveticu-

2386 3071 2532 3115 rum
2565 3052 2638 3116 in
2678 3070 2747 3115 re
2788 3052 3284 3116 sacramentaria
3320 3051 3678 3135 yratulatus
3718 3057 3826 3129 est,
3859 3051 4161 3133 pluribus
4202 3074 4338 3118 con-

2386 3138 2564 3202 sum
2578 3138 2592 3151 .
2931 3136 2956 3203 z
3033 3136 3046 3150 .
3541 3138 3553 3149 .
3863 3135 3897 3200 L
4002 3138 4054 3202 3.
4218 3139 4229 3151 .

2386 3226 2640 3305 exponit
2680 3242 3016 3304 eamque
3056 3221 3497 3303 confessionem
3540 3222 3924 3288 tramittit.

2387 3393 2582 3460 (Edita
2615 3399 2702 3447 est
2735 3410 2770 3447 a
2802 3392 3064 3448 Gordesio
3099 3394 3155 3446 111
3193 3392 3695 3516 Μ188811.61·811111ῗ.
3734 3392 3836 3447 IV.
3871 3397 4012 3462 part.
4048 3392 4092 3449 Ι.
4126 3410 4178 3464 p.
4213 3391 4337 3449 467.

2853 3461 2996 3516 unde
3031 3462 3320 3532 descripsit
3352 3462 3583 3534 Kuyper
3615 3460 3643 3516 1
3673 3501 3687 3516 .
3722 3460 3870 3530 646.)

2555 3631 2627 3699 S.
2693 3631 2838 3697 Iam
2902 3639 3004 3698 ter
3061 3632 3144 3699 ad
3211 3641 3276 3697 te
3328 3632 3612 3699 scribere
3669 3633 3850 3699 volui
3903 3654 3984 3698 ex
4042 3652 4168 3715 quo
4208 3631 4336 3700 huc

2384 3718 2538 3785 veni
2556 3770 2570 3795 ,
2597 3723 2647 3796 ¹)
2711 3718 2817 3784 vir
2871 3719 3278 3785 sanctissime
3321 3727 3389 3784 et
3430 3719 3634 3785 frater
3679 3720 3745 3784 in
3788 3717 4073 3784 Domino
4115 3716 4336 3784 obser-

2382 3803 2813 3884 vandissime,
2882 3804 2999 3870 sed
3064 3826 3202 3869 nun
3248 3824 3404 3870 uam
3462 3805 3686 3871 literas
3753 3804 4091 3871 absolvere
4146 3804 4335 3887 prius

2380 3890 2567 4040 gomi
2611 3911 2807 3974 quam
2867 3889 2964 3955 illi
3026 3891 3161 3956 iam
3200 3910 3241 3955 a
3282 3891 3458 3956 irent
3499 3891 3610 3974 qui
3655 3910 3767 3956 eas
3801 3891 4094 3974 perferre
4138 3889 4332 3956 debe·

2428 3985 2564 4041 ant.
2652 3975 2718 4040 N
2718 3997 2846 4042 unc
2903 3997 3058 4042 vero
3101 3977 3507 4042 committere
3551 3975 3837 4059 amplius
3879 3975 4062 4042 nolui
4106 3985 4180 4041 ut
4221 3975 4334 4059 qui

2381 4079 2561 4127 1111118
2598 4082 2669 4128 88
2707 4059 2871 4126 mihi
2913 4060 3154 4128 obtulit
3185 4061 3464 4126 nuncius
3508 4061 3650 4126 81118
3682 4061 3849 4127 111818
3891 4059 3974 4126 ad
4017 4068 4083 4127 te
4124 4060 4334 4127 literis

2381 4147 2538 4213 hinc
2574 4147 2798 4213 abiret.
2870 4147 2997 4213 Est
3040 4147 3218 4212 enim
3264 4147 3366 4212 vir
3400 4147 3550 4229 pius
3586 4157 3652 4211 et
3684 4148 3889 4213 vestri
3933 4145 4336 4213 studiosissi-

2382 4254 2549 4311 mus,
2595 4231 2823 4316 quales
2867 4233 2974 4300 hic
3018 4243 3154 4298 non
3195 4253 3435 4315 paucos
3478 4232 3755 4299 habetis.

2553 4318 2771 4384 Multa
2811 4327 3032 4384 autem
3075 4318 3239 4383 mihi
3285 4316 3366 4383 ad
3403 4339 3519 4384 vos
3553 4317 3895 4383 scribenda
3934 4325 4172 4398 essent,
4217 4316 4334 4384 sed

2382 4425 2597 4489 neque
2633 4415 2734 4470 est
2768 4411 3006 4483 tutum,
3050 4424 3264 4486 neque
3299 4412 3558 4488 tempus
3591 4405 3844 4487 patitur
3878 4403 4159 4470 scribere
4193 4424 4332 4468 om-

2382 4490 2511 4556 1118.
2599 4489 2789 4556 Istud
2847 4497 3067 4556 autem
3123 4489 3426 4573 inprimis
3490 4511 3530 4554 a
3586 4489 3772 4556 vobis
3827 4490 3974 4555 istic
4028 4489 4335 4555 omnibus

2380 4587 2551 4659 peto,
2597 4587 2674 4641 ut
2715 4598 2880 4659 quae
2923 4574 3008 4640 ad
3051 4583 3119 4640 te
3158 4576 3366 4642 scribo
3410 4596 3489 4640 ea
3532 4574 3613 4640 ad
3650 4595 3768 4641 vos
3811 4574 4061 4660 pariter
4104 4594 4332 4640 omnes

2380 4661 2627 4746 scripta
2663 4683 2803 4728 esse
2846 4661 3090 4745 putetis
3105 4713 3122 4741 ,
3179 4661 3294 4745 qui
3336 4660 3532 4728 simul
3585 4661 3657 4726 in
3700 4660 3928 4727 eodem
3971 4660 4333 4726 ministerio

2380 4747 2669 4900 collegae
2723 4749 2909 4813 estis:
2968 4769 3123 4813 nam
3183 4767 3416 4813 revera
3479 4767 3611 4812 non
3668 4747 3853 4831 potui
3911 4746 3996 4812 ad
4038 4744 4331 4830 singulos

2381 4856 2509 4901 scri
2590 4855 2679 4899 re.

2551 4919 2851 4985 Primum
2894 4919 2919 4983 i
2970 4919 3101 4983 'tur
3143 4938 3268 5003 ago
3310 4919 3559 5003 gratias
3595 4919 3883 4985 Domino
3926 4918 4071 4983 Deo
4105 4923 4328 4982 nostro

2380 5006 2550 5090 quod
2593 5026 2871 5090 regnum
2915 4940 3033 5070 ffiii
3068 5005 3170 5070 sui
3214 5025 3332 5088 per
3365 5013 3660 5070 vestrum
3697 5003 4136 5069 ministerium
4179 5002 4328 5070 istic

2379 5091 2701 5180 provehat
2743 5099 2939 5175 atque
2982 5090 3285 5170 illustret,
3330 5090 3751 5175 gratulorque
3793 5111 3876 5160 ex
3920 5088 4138 5153 animo
4182 5109 4328 5156 ves-

2582 5312 2643 5448 33
2680 5328 2787 5368 vor
2822 5313 3008 5369 dubio.

2686 5379 2770 5449 Of.
2809 5382 2880 5437 N.
2921 5380 3073 5450 1375,
3109 5388 3219 5438 not.
3258 5380 3292 5436 2
3327 5387 3377 5438 et
3408 5380 3564 5452 1382,
3596 5384 3705 5435 not.
3739 5377 3790 5433 2.
