4900 6167
301 427 413 492 681

296 611 484 681 candi
524 614 661 679 sint
702 614 817 697 qui
849 620 1226 697 peccarunt,
1271 609 1552 678 dilucide
1587 611 1915 689 statuitur,
1961 618 2028 675 et
2077 610 2240 677 haec

295 700 626 784 provincia
669 699 1021 765 mandatur
1064 698 1467 764 consistorio.

462 786 657 852 Nunc
699 785 937 851 frivolo
981 785 1215 850 cavillo
1271 786 1372 849 ius
1418 804 1622 852 ,suum
1668 782 2053 849 consistorio
2097 783 2242 865 qui-

296 872 445 938 dam
500 872 753 955 eripere
810 879 1100 950 tentant,
1160 871 1312 954 quia
1368 867 1603 935 alicubi
1665 866 1962 934 additum
2018 875 2119 933 est
2168 876 2244 931 ut

296 957 754 1025 consistorium
820 956 901 1022 de
966 976 1086 1022 suo
1150 956 1386 1023 iudicio
1456 977 1571 1021 vos
1635 953 1943 1021 certiores
1989 951 2239 1019 reddat.

293 1043 520 1126 Neque
563 1044 742 1110 enim
775 1042 897 1110 hoc
935 1042 1124 1108 modo
1158 1042 1513 1126 impeditur
1549 1041 1913 1107 consistorii
1957 1039 2242 1117 libertas,

295 1150 418 1212 quo
458 1129 684 1196 minus
727 1127 1137 1213 disciplinam
1174 1128 1298 1195 sibi
1335 1127 1714 1193 mandatam
1751 1138 2083 1192 exerceat:
2129 1123 2245 1191 sed

293 1216 361 1279 in
404 1217 607 1281 alium
652 1217 851 1281 finem
896 1215 1108 1298 posita
1149 1223 1308 1280 sunt
1351 1214 1513 1280 haec
1558 1212 1775 1292 verba,
1821 1223 1897 1278 ut
1938 1212 2136 1278 duros
2180 1222 2248 1276 et

292 1300 646 1368 indomitos
710 1302 1008 1366 homines
1072 1302 1451 1378 coerceatis,
1529 1299 1769 1382 quibus
1840 1298 2243 1381 contemptui

293 1395 390 1453 est
432 1387 791 1470 spiritualis
834 1389 1164 1454 correctio.
1253 1387 1342 1451 Et
1399 1406 1557 1451 sane
1600 1383 1789 1449 vobis
1847 1383 2244 1450 denunciare

291 1494 423 1538 non
467 1474 749 1553 iubetur,
794 1481 870 1537 ut
900 1471 1212 1539 iudicium
1249 1472 1331 1537 ad
1367 1492 1489 1537 vos
1522 1471 1899 1550 transferat,
1941 1469 2243 1553 quisnam

292 1559 651 1646 privandus
706 1578 911 1627 coena
962 1560 1049 1625 sit
1106 1580 1226 1624 nec
1293 1578 1405 1623 ne:
1471 1556 2020 1641 quemadmodum
2089 1555 2242 1621 alibi

294 1646 535 1712 diserte
592 1644 1019 1729 exprimitur,
1075 1653 1151 1710 ut
1207 1643 1289 1708 de
1348 1642 1575 1727 poenis
1635 1652 1703 1709 et
1762 1643 1843 1707 de
1886 1651 2023 1707 tota
2064 1641 2242 1706 civili

290 1730 737 1799 iurisdictione
795 1731 981 1797 vobis
1033 1731 1295 1814 integra
1348 1737 1650 1795 servetur
1703 1728 2005 1812 cognitio.
2094 1726 2243 1793 Illic

289 1819 463 1883 enim
508 1818 895 1884 consistorio
939 1815 1242 1881 fraenum
1285 1815 1593 1894 iniicitur,
1643 1822 1719 1880 ut
1759 1835 1797 1879 a
1831 1815 1974 1879 iure
2020 1821 2244 1879 vestro

291 1902 628 1970 abstineat.
718 1903 851 1970 Hic
895 1914 1112 1968 autem
1148 1923 1268 1986 pos
1342 1922 1492 1966 uam
1539 1901 1677 1966 suis
1712 1901 2010 1987 partibus
2044 1898 2245 1964 fuerit

290 1989 626 2070 functum,
685 1989 950 2055 iubetur
1003 1987 1086 2053 ad
1130 2008 1250 2053 vos
1350 1988 1577 2064 eferre,
1635 2008 1719 2051 ne
1762 1995 2243 2069 contemptores

287 2076 559 2160 impune
626 2075 942 2142 adversus
1005 2073 1347 2141 ecclesiam
1412 2073 1774 2138 lasciviant.
1875 2074 2092 2155 Atque
2148 2072 2244 2137 ita

289 2161 597 2228 distincta
653 2170 757 2227 est
815 2162 1008 2238 ratio,
1066 2170 1142 2225 ut
1198 2180 1397 2243 penes
1449 2159 1907 2224 consistorium
1966 2159 2072 2222 ius
2127 2179 2241 2221 ex-

288 2245 808 2314 communicandi
845 2257 1128 2327 maneat,
1167 2267 1286 2312 vos
1321 2253 1542 2311 autem
1580 2244 1853 2327 imperio
1889 2244 2243 2310 coerceatis

284 2334 580 2410 rebelles,
627 2334 742 2399 ubi
784 2335 882 2398 ita
924 2333 1144 2398 visum
1187 2332 1398 2397 fuerit.

454 2421 602 2485 Imo
648 2421 770 2485 hoc
807 2441 939 2486 non
973 2418 1213 2502 ubique
1247 2417 1665 2500 praecipitur,
1712 2426 1787 2481 ut
1820 2435 2241 2499 quoscunque

328 2505 699 2573 rohibuerit
763 2526 804 2569 a
868 2526 1069 2572 coena
1132 2504 1586 2569 consistorium
1647 2501 1832 2568 vobis
1897 2502 2238 2583 significet.

286 2528 421 2658 ἓοά
492 2591 887 2657 nominatim
944 2591 1068 2656 hoc
1126 2588 1209 2655 ad
1264 2589 1429 2654 duas
1482 2589 1733 2670 species
1797 2587 2238 2671 restringitur,

287 2699 553 2761 nempe:
624 2676 701 2743 Si
744 2679 853 2760 qui
912 2674 1299 2761 spargendis
1357 2674 1537 2740 falsis
1582 2673 1995 2758 dogmatibus
2083 2674 2241 2738 erti-

288 2765 540 2829 naciter
584 2763 919 2829 insistant:
979 2762 1087 2827 vel
1131 2762 1186 2826 si
1240 2763 1351 2843 qui
1408 2761 1478 2824 in
1521 2758 1887 2843 spernendo
1929 2779 2037 2826 ecc
2066 2759 2242 2824 esiae

289 2849 518 2915 ordine
571 2849 884 2915 obstinati
928 2849 1091 2913 sint:
1132 2847 1286 2931 quia
1329 2846 1401 2910 in
1447 2868 1523 2910 ea
1562 2854 1749 2929 parte
1790 2844 1940 2929 plus
1984 2854 2085 2911 est
2127 2867 2241 2928 pe-

288 2935 501 3011 riculi,
547 2945 622 3001 ut
664 2956 829 3020 opus
872 2934 959 2999 sit
1001 2936 1429 3016 magistratus
1473 2931 1761 3015 imperio.
1854 2930 2047 3012 Quod
2091 2952 2240 3014 per·

288 3022 458 3087 tinet
503 3019 588 3087 ad
629 3021 911 3103 reliquos
954 3040 1199 3096 omnes,
1253 3019 1394 3083 sive
1437 3017 1906 3083 monitionibus
1956 3038 2087 3081 non
2124 3037 2240 3101 pa-

290 3108 563 3183 ruerint,
609 3107 749 3173 sive
794 3106 1031 3172 delicta
1054 3126 1174 3170 sua
1210 3106 1353 3169 fuco
1375 3102 1681 3188 obtegere
1711 3111 2050 3181 conentur,
2097 3103 2241 3167 sive

290 3193 553 3277 culpam
591 3194 872 3259 confessi
927 3191 1009 3256 ad
1054 3191 1395 3274 ingenium
1441 3211 1596 3253 mox
1639 3187 1947 3266 redeant,
2003 3183 2086 3253 ut¹
2124 3210 2239 3272 ap-

289 3288 520 3362 pareat
569 3300 701 3344 non
756 3279 923 3344 serio
977 3279 1174 3342 fuisse
1231 3285 1465 3352 tactos,
1526 3275 1665 3341 sive
1723 3275 1894 3340 malo
1939 3274 2239 3358 exemplo

292 3365 685 3431 offenderint
730 3363 1098 3430 ecclesiam:
1160 3361 1346 3426 nulla
1401 3360 1535 3425 illic
1579 3361 1783 3427 vestri
1841 3362 1919 3425 fit
1976 3361 2238 3439 mentio,

292 3453 439 3535 quia
487 3450 779 3516 nondum
825 3472 900 3514 eo
944 3470 1148 3532 usque
1192 3447 1436 3513 malum
1484 3446 1795 3523 invaluit,
1856 3455 1931 3510 ut
1974 3467 2013 3510 a
2054 3446 2240 3511 vobis

291 3535 657 3604 subsidium
724 3545 1001 3621 potatur.
1104 3535 1190 3599 In
1254 3553 1541 3612 summa,
1602 3553 1738 3597 non
1795 3531 1921 3596 alio
1976 3533 2241 3614 respicit

286 3623 399 3690 illa
443 3623 859 3689 denunciatio
879 3673 893 3697 ,
953 3621 1085 3685 nisi
1127 3629 1203 3685 ut
1246 3619 1538 3686 vindices
1581 3619 1742 3697 sitis,
1803 3618 1915 3683 ubi
1957 3616 2239 3684 ludibrio

285 3708 636 3776 habebitur
687 3708 959 3775 ecclesia
1001 3707 1300 3786 Domini,
1359 3715 1425 3770 et
1483 3703 1845 3789 spiritualis
1898 3702 2039 3769 eius
2097 3726 2237 3771 cor-

286 3798 490 3862 rectio
532 3817 650 3879 pro
696 3793 904 3859 nihilo
948 3791 1237 3858 ducetur.

462 3881 724 3947 Videtis
768 3900 943 3963 ergo,
988 3877 1327 3962 magnifici
1370 3877 1678 3953 Domini,
1736 3877 1803 3940 in
1850 3876 2086 3942 vestris
2143 3876 2235 3940 le·

286 3967 479 4050 gibus
523 3966 691 4032 nihil
743 3986 885 4031 esse
939 3963 1290 4030 obscurum
1332 3963 1439 4029 vel
1492 3962 1901 4046 ambiguum:
1965 3983 2040 4027 ac
2096 3961 2237 4027 sine

288 4054 738 4119 controversia
780 4048 1392 4118 excommunicandi
1433 4070 1676 4113 munus
1713 4049 2097 4113 consistorio
2133 4048 2236 4113 in·

284 4160 397 4204 iun
476 4190 490 4204 .

401 4161 685 4306 glQuum
729 4231 951 4289 autem
997 4242 1106 4288 eos
1150 4221 1262 4305 qui
1304 4242 1375 4286 se
1408 4229 1652 4287 temere
1687 4229 1754 4286 et
1795 4229 2099 4303 proterve
2133 4220 2236 4283 in-

289 4321 529 4396 gerunt
584 4332 626 4376 a
681 4310 985 4376 ministro
1039 4308 1270 4392 repelli
1315 4314 1643 4390 oporteat,
1689 4306 1837 4390 plus
1881 4326 2076 4388 quam
2124 4304 2236 4370 ab·

290 4398 563 4464 surdum
607 4396 780 4462 foret
819 4395 1079 4461 admitti
1122 4414 1374 4461 crassos
1418 4400 1916 4474 contemptores,
1965 4389 2077 4473 qui
2120 4412 2235 4474 pa-

289 4482 415 4549 lam
476 4496 543 4549 et
597 4504 679 4549 ex
733 4481 1025 4566 professo
1079 4479 1388 4545 ecclesiae
1453 4477 1793 4543 insultant.
1883 4478 2029 4543 Nisi
2073 4478 2238 4543 forte

287 4571 670 4652 permittere
723 4568 857 4633 illis
912 4566 1162 4644 velitis,
1222 4573 1297 4630 ut
1355 4562 1816 4630 contumeliose
1871 4563 2239 4647 spernendo

290 4658 396 4740 qui
442 4677 483 4721 a
525 4654 709 4721 vobis
744 4652 945 4719 creati
980 4658 1137 4717 sunt
1169 4650 1433 4728 iudices,
1479 4650 1722 4732 quique
1757 4658 1966 4715 totum
2004 4669 2238 4733 corpus

290 4743 593 4809 ecclesiae
635 4745 1149 4825 repraesentant,
1203 4744 1344 4802 tam
1389 4736 1469 4801 de
1514 4733 1659 4800 Deo
1713 4734 1860 4820 ipso
1917 4757 2111 4819 quam
2158 4734 2238 4800 de

292 4829 479 4895 vobis
534 4826 944 4909 triumphum
1003 4831 1216 4908 agant.
1310 4822 1515 4906 Atqui
1575 4822 1844 4887 minime
1895 4819 2235 4886 ferendum

291 4926 387 4979 est
451 4922 526 4980 ut
589 4921 890 4979 sanctum
951 4909 1118 4974 illud
1179 4918 1247 4973 et
1286 4908 1627 4992 spirituale
1682 4909 2005 4991 regimen,
2064 4904 2238 4989 quod

289 4999 432 5066 Deo
474 4999 833 5085 pretiosum
879 5017 1023 5063 esse
1065 4994 1309 5060 scimus
1353 5002 1420 5060 et
1462 4991 1635 5077 quod
1669 4994 1857 5058 nobis
1899 5001 2238 5076 tantopere

293 5083 735 5165 commendat,
800 5083 1059 5167 profani
1117 5081 1413 5146 homines
1463 5077 1737 5164 pedibus
1799 5078 2048 5145 calcare
2112 5078 2238 5144 sibi

295 5174 696 5254 permittant.
808 5169 901 5234 Et
971 5189 1129 5234 sane
1192 5173 1555 5250 praestaret
1618 5164 1873 5231 nullum
1939 5162 2237 5228 ordinem

294 5277 435 5324 esse
499 5258 785 5340 positum
805 5305 820 5332 ,
892 5275 1089 5337 quam
1158 5253 1272 5318 ubi
1342 5251 1591 5333 positus
1656 5260 1757 5315 est
1828 5250 1921 5314 ita
1988 5249 2236 5315 violari.

290 5343 669 5410 Praestaret
745 5339 1002 5406 nullum
1078 5360 1223 5405 esse
1302 5336 1776 5416 consistorium,
1852 5355 2048 5419 quam
2125 5356 2240 5401 ex-

1986 427 2148 488 1553
2186 421 2603 489 NOVEMB.

4177 427 4315 491 682

2344 618 2523 711 stare
2577 612 2776 678 inane
2820 632 3059 678 nomen
3117 620 3343 679 tamen
3388 618 3522 679 tam
3567 612 3774 680 foedis
3836 612 4135 681 ludibriis
4188 616 4310 683 ob-

2346 719 2637 763 noxium.

2519 784 2787 850 Interea
2830 804 2962 850 non
3005 805 3123 851 vos
3157 785 3336 862 latet,
3382 783 3774 852 observandi
3808 786 4098 866 Domini,
4143 808 4304 870 quo-

2348 871 2473 934 ties
2530 877 2921 952 conquestus
2986 879 3090 937 est
3154 871 3474 954 quispiam
3540 869 3619 936 de
3675 872 3878 937 nimia
3935 872 4300 955 severitate,

2348 976 2469 1020 nos
2511 977 2770 1040 semper
2814 954 2896 1021 ad
2938 954 3338 1021 reddendam
3393 957 3714 1022 rationem
3769 957 3973 1023 fuisse
4015 967 4302 1042 paratos,

2350 1052 2417 1106 et
2459 1042 2549 1106 ita
2594 1042 2776 1107 vobis
2820 1041 3210 1109 satisfecisse
3254 1048 3329 1107 ut
3370 1063 3628 1126 semper
3685 1063 3758 1108 os
3811 1043 4145 1110 maledicis
4186 1045 4304 1111 ob-

2348 1136 2671 1193 structum
2709 1128 2925 1194 fuerit.
2993 1127 3256 1194 Scimus
3298 1131 3472 1193 enim
3519 1138 3918 1211 quantopere
3962 1130 4044 1196 ab
4087 1132 4303 1197 officio

2348 1224 2572 1279 nostro
2630 1213 2977 1279 abhorreat
3030 1235 3176 1279 eam
3233 1212 3656 1297 tyrannidem
3726 1214 3911 1280 nobis
3970 1236 4301 1300 arrogare,

2347 1310 2423 1363 ut
2467 1319 2587 1383 pro
2630 1300 2884 1364 ratione
2924 1299 3113 1365 nobis
3158 1299 3245 1364 sit
3287 1300 3610 1366 voluntas.
3702 1301 3840 1368 Nec
3876 1322 4053 1381 vero,
4100 1303 4303 1369 etiam

2346 1386 2404 1448 si
2438 1406 2559 1468 per
2594 1385 2891 1450 homines
2924 1384 3169 1464 liceret,
3206 1385 3560 1469 quidquam
3596 1386 3726 1452 tale
3767 1387 3952 1453 nobis
3989 1389 4116 1471 ipsi
4152 1409 4306 1454 con-

2346 1470 2742 1537 cederemus.
2833 1468 3022 1537 Adde
3076 1470 3251 1553 quod
3309 1492 3644 1555 nunquam
3700 1475 4148 1539 recusavimus
4191 1475 4305 1541 vel

2346 1557 2637 1622 minimis
2680 1557 3036 1639 quibusque
3080 1579 3163 1623 ex
3207 1556 3393 1639 plebe
3435 1559 3627 1624 officii
3671 1579 3937 1625 causam
4002 1569 4304 1643 nostram

2346 1642 2651 1722 reddere,
2709 1643 2959 1726 quoties
3017 1644 3227 1727 rogati
3285 1665 3530 1709 sumus.
3634 1645 3920 1709 Tantum
3968 1644 4168 1726 abest,
4224 1654 4302 1712 ut

2346 1750 2704 1814 gravemur
2747 1728 3021 1794 eandem
3065 1749 3224 1813 erga
3265 1750 3385 1794 vos
3428 1730 3818 1795 modestiam
3859 1731 4093 1810 colere,
4136 1753 4300 1815 quos

2348 1816 2526 1880 omni
2586 1815 2954 1882 reverentia
3009 1821 3109 1888 (ut
3166 1835 3286 1897 par
3344 1823 3473 1891 est)
3536 1816 3905 1898 honoreque
3963 1819 4300 1901 prosequi-

2345 1923 2512 1966 mur.
2601 1901 2695 1965 Et
2749 1922 2869 1966 vos
2924 1900 3110 1967 nobis
3166 1900 3361 1965 huius
3418 1903 3515 1966 rei
3578 1902 3808 1986 optimi
3864 1905 4021 1967 estis
4076 1909 4298 1970 testes.

2348 1986 2700 2052 Caeterum
2749 1996 2825 2051 ut
2867 2007 2986 2051 nos
3031 1987 3399 2069 perspicitis
3439 1986 3522 2052 ad
3574 2009 3803 2054 omnes
3845 1988 4044 2056 officii
4086 1989 4302 2055 nostri

2345 2081 2565 2156 partes
2607 2070 2974 2155 implendas
3016 2094 3374 2157 propensos
3419 2083 3483 2138 et
3528 2073 3949 2154 voluntarios,
4010 2075 4304 2141 vicissim

2347 2180 2387 2224 a
2428 2159 2616 2224 vobis
2660 2159 2964 2243 petimus,
3009 2160 3260 2242 quoties
3305 2159 3490 2225 vobis
3533 2159 3857 2225 constabit
3915 2161 4134 2243 inique
4179 2182 4300 2227 no-

2344 2243 2444 2310 bis
2493 2243 2767 2322 detrahi,
2812 2253 2891 2309 ut
2932 2264 3203 2310 manum
3245 2243 3432 2310 nobis
3488 2246 3865 2329 porrigatis,
3925 2266 4046 2311 nec
4091 2248 4300 2329 patia-

2351 2331 2515 2395 mini
2575 2330 2862 2413 grassari
2917 2339 3144 2395 e'orum
3202 2331 3565 2411 lasciviam,
3628 2333 3738 2414 qui
3794 2352 4036 2416 susque
4092 2332 4302 2417 deque

2348 2414 2596 2481 habent
2636 2416 2859 2481 omnia
2903 2416 3168 2482 turbare
3189 2469 3205 2497 ‚
3264 2426 3337 2481 ιιι
3393 2418 3619 2501 iugum
3676 2417 4055 2500 disciplinae
4101 2439 4301 2484 excu-

2348 2503 2533 2568 tiant.
2621 2501 2949 2567 Memoria
2990 2504 3186 2567 etiam
3230 2505 3506 2586 repetite
3541 2502 3717 2586 quod
3757 2504 4020 2586 saepius
4063 2525 4148 2570 ex
4182 2526 4300 2569 no-

2348 2588 2447 2654 bis
2483 2587 2788 2653 audistis:
2837 2589 2892 2653 si
2929 2587 3287 2654 obtinuerit
3322 2590 3484 2654 haec
3517 2589 3798 2668 licentia,
3846 2598 3921 2653 ut
3957 2611 4084 2672 quo
4123 2590 4301 2673 quis-

2347 2695 2474 2759 que
2517 2676 2964 2741 contumacius
3009 2696 3079 2740 se
3124 2674 3353 2740 efferet
3394 2696 3471 2740 ac
3515 2674 3824 2741 audacius
3868 2674 4166 2739 ordinem
4201 2675 4301 2741 la-

2344 2759 2697 2826 befactabit
2739 2780 2815 2826 eo
2859 2761 3126 2826 meliore
3167 2762 3253 2827 sit
3293 2762 3450 2838 loco,
3497 2769 3564 2827 et
3612 2760 3933 2826 mercedis
3985 2762 4128 2827 vice
4163 2763 4300 2845 pri-

2346 2846 2660 2931 vilegium
2720 2854 3011 2930 reportet
3062 2867 3191 2930 quo
3251 2847 3505 2931 legibus
3569 2847 3864 2913 solvatur
3882 2897 3897 2925 ,
3956 2848 4101 2912 fieri
4165 2868 4302 2912 non

2344 2954 2534 3016 posse
2578 2932 2739 3015 quin
2783 2932 2977 3017 paulo
3035 2942 3180 3014 post
3235 2933 3570 2999 horribilis
3628 2943 3943 3015 sequatur
3985 2933 4299 3000 confusio.

2517 3017 2759 3100 Quare,
2804 3018 3139 3102 magnifici
3174 3026 3242 3084 et
3285 3017 3673 3085 observandi
3708 3018 4001 3096 Domini,
4050 3027 4302 3084 vestra-

2345 3126 2492 3170 rum
2537 3106 2826 3189 partium
2871 3115 2989 3183 est,
3030 3104 3403 3170 huiusmodi
3438 3104 3761 3171 scandalis
3809 3105 3908 3169 ita
3963 3104 4032 3168 in
4092 3112 4304 3188 poste-

2344 3212 2495 3256 rum
2553 3188 2799 3256 mederi
2818 3242 2832 3263 ‚
2897 3199 2975 3254 ut
3027 3190 3276 3256 colatur
3328 3192 3505 3256 inter
3572 3211 3689 3255 nos
3748 3189 3934 3254 Deus
4005 3190 4302 3255 omnium

2345 3296 2690 3355 consensu,
2736 3277 2966 3361 politia
3005 3276 3316 3343 ecclesiae
3359 3297 3478 3343 suo
3523 3286 3753 3343 tenore
3788 3277 3969 3355 fluat,
4017 3297 4137 3342 vos
4184 3297 4304 3340 ex-

2344 3371 2449 3427 tra
2493 3362 2858 3428 molestiam
2902 3362 3066 3440 sitis,
3112 3372 3178 3427 et
3211 3364 3397 3430 nobis
3431 3365 3624 3429 liceat
3658 3362 3894 3429 salutis
3931 3362 4305 3428 doctrinam

2344 3448 2487 3514 sine
2530 3449 2972 3516 controversia
3015 3457 3082 3514 et
3131 3450 3480 3533 tranquille
3531 3450 3924 3514 ministrare.
4013 3449 4304 3513 Tantum

2344 3535 2519 3600 enim
2566 3533 2878 3599 absumus
2919 3554 2959 3598 a
3002 3534 3274 3600 libidine
3317 3536 3654 3602 minuendi
3717 3534 3881 3599 iuris
3924 3535 4167 3613 vestri,
4226 3543 4303 3600 ut

2344 3620 2604 3687 assidue
2669 3621 2889 3704 potius
2953 3618 3317 3686 Dominum
3384 3643 3501 3705 pro
3579 3620 3975 3704 reipublicae
4041 3628 4304 3687 vestrae

2345 3715 2520 3771 statu
2564 3726 2924 3788 precemur.
3013 3707 3105 3771 Et
3146 3717 3324 3773 certe
3367 3708 3532 3772 nihil
3591 3706 3778 3771 nobis
3835 3706 4046 3789 magis
4101 3726 4302 3790 expe-

2344 3792 2459 3869 dit,
2506 3813 2698 3876 quam
2738 3811 2855 3858 vos
2890 3792 3140 3869 florere,
3188 3801 3253 3857 et
3297 3813 3606 3877 prospere
3647 3792 3891 3858 habere
3934 3794 4004 3856 in
4030 3791 4302 3856 Domini

2344 3878 2641 3962 gloriam.
2732 3878 2869 3944 Nec
2915 3897 3070 3941 vero
3115 3879 3482 3944 timendum
3528 3885 3647 3956 est,
3694 3900 3777 3943 ne
3813 3886 4070 3943 vestrae
4115 3885 4299 3942 auto-

2344 3965 2525 4029 ritati
2569 3962 2843 4029 insidias
2886 3963 3249 4043 tendamus,
3295 3986 3412 4049 pro
3455 3986 3584 4048 qua
3629 3962 3885 4040 tuenda,
3932 3965 3990 4028 si
4031 3964 4125 4027 ita
4168 3963 4300 4027 fer-

2344 4059 2447 4115 ret
2489 4049 2862 4125 necessitas,
2914 4048 3193 4116 libenter
3247 4052 3520 4135 quisque
3577 4058 3878 4115 nostrum
3923 4049 4131 4114 vitam
4173 4050 4301 4112 im-

2345 4135 2679 4221 penderet.
2771 4134 2994 4216 Quare
3037 4136 3092 4199 si
3127 4138 3231 4201 ius
3275 4146 3573 4202 vestrum
3615 4135 3853 4220 cupitis
3898 4135 4155 4200 salvum
4201 4145 4299 4199 te-

2345 4243 2524 4301 nere,
2570 4243 2705 4287 non
2750 4229 2852 4286 est
2894 4241 3012 4286 cur
3055 4223 3392 4289 nobiscum
3438 4223 3726 4307 litigetis.

3223 4730 3418 4803 1860.

2745 4867 3381 4938 GUAL'PHERUS
3424 4866 3899 4936 HALLERO.

2522 5025 2649 5091 Hic
2701 5045 2940 5108 quoque
2992 5044 3183 5089 suum
3239 5022 3544 5089 caleulum
3583 5025 3803 5091 adiicit
3842 5023 4178 5090 sententiae
4220 5023 4300 5089 de

2349 5110 2598 5176 Serveto
2642 5110 2803 5176 latae
2836 5116 2894 5177 et
2924 5112 3206 5193 queritur
3241 5128 3372 5174 esse
3414 5108 3615 5174 adhuc
3648 5113 3758 5191 qui
3793 5109 3976 5176 aliter
4008 5110 4297 5177 sentiam.

2286 5236 2294 5389 ἰ
2345 5282 2460 5347 (Ex
2521 5281 2863 5352 autographo
2917 5281 3058 5336 Bibl.
3120 5282 3270 5335 civic.
3329 5280 3507 5333 Turio.
3571 5279 3725 5335 MSS.
3782 5280 3841 5333 F.
3887 5279 3956 5333 46
4000 5279 4139 5351 Epp.
4192 5281 4297 5336 XI.

2863 5351 2952 5405 fol.
2993 5348 3113 5404 625.
3160 5381 3218 5389 —-
3257 5348 3467 5402 Simler.
3505 5348 3629 5402 Vol.
3667 5346 3780 5414 80.)
