4900 6167
264 471 357 534 149

257 659 451 735 serint,
494 663 690 741 atque
734 675 812 719 ea
852 661 1061 733 nocte,
1107 675 1276 738 quae
1311 651 1811 738 publicationem
1847 651 2041 720 edicti
2078 660 2180 720 est

256 750 642 827 consequuta,
688 739 917 806 urbem
958 740 1335 823 frequentes
1376 742 1513 807 sint
1552 740 1906 828 peragrati,
1962 740 2178 804 inam-

257 831 524 898 bulantes
567 848 778 911 usque
819 826 902 891 ad
948 825 1162 909 ripam
1198 827 1450 906 Araris,
1496 827 1786 892 maxima
1828 826 2068 909 probra
2101 846 2179 890 ac

255 914 517 984 convicia
588 912 968 979 reiesserint
984 913 1045 990 ⁸)
1118 912 1188 976 in
1263 912 1539 977 alteram
1596 912 1889 978 fluminis
1965 911 2179 995 regio-

254 1024 399 1078 nem,
441 1021 639 1084 quam
681 998 973 1065 canonici
1017 1016 1093 1062 ac
1136 1000 1407 1064 comites
1451 996 1522 1065 S.
1546 997 1817 1064 Ioannis
1860 997 2175 1062 incolunt.

254 1089 383 1154 Alia
422 1084 721 1170 sequenti
761 1093 953 1150 nocte
995 1105 1198 1167 quum
1242 1083 1325 1148 ad
1369 1084 1706 1150 cantiones
1748 1103 1900 1152 suas
1943 1082 2181 1147 armati

255 1174 591 1250 mdiissent,
637 1171 766 1237 duo
809 1179 924 1236 aut
965 1178 1099 1235 tres
1144 1192 1185 1236 a
1225 1171 1483 1253 publico
1526 1170 1814 1236 civitatis
1857 1167 2182 1254 praesidio

253 1258 679 1343 comprehensi
735 1258 1003 1321 fuerunt
1048 1257 1466 1340 graviterque
1511 1255 1859 1321 vulnerati.
1947 1253 2182 1337 Itaque

253 1348 523 1432 proxima
576 1344 683 1410 die
728 1342 1053 1409 dominica
1103 1362 1270 1425 quae
1329 1363 1475 1407 eam
1534 1340 2179 1426 comprehensionem

255 1447 335 1499 est
363 1439 652 1515 sequuta,
696 1429 939 1496 caeteri
974 1427 1155 1494 nullo
1190 1427 1382 1494 modo
1420 1426 1778 1494 timidiores
1812 1427 1971 1494 facti
2005 1432 2179 1507 sunt,

255 1516 348 1584 sed
389 1539 530 1582 eam
576 1520 644 1582 in
690 1514 1029 1581 audaciam
1072 1514 1361 1592 incitati,
1417 1520 1495 1578 ut
1532 1533 1681 1580 cum
1725 1513 2017 1578 maxima
2062 1512 2183 1576 ho·

252 1605 479 1669 minum
524 1613 590 1667 et
631 1601 981 1666 mulierum
1028 1600 1451 1667 multitudine
1502 1601 1667 1665 hora
1708 1621 1884 1664 nona
1925 1618 2184 1681 peram·

254 1688 527 1754 balantes
590 1695 795 1753 totam
857 1685 1085 1752 urbem
1141 1694 1586 1769 personarent.
1691 1685 1918 1769 Neque
1982 1686 2181 1749 finem

253 1774 440 1839 ullum
504 1771 874 1838 istiusmodi
951 1771 1258 1837 audaciae
1337 1791 1412 1836 ae
1473 1772 1881 1854 petulantiae
1946 1770 2185 1837 facturi

252 1871 401 1926 sunt.
491 1860 595 1924 Tu
639 1880 722 1923 ex
766 1858 871 1922 his
913 1857 1201 1924 iudicare
1245 1867 1459 1940 potes,
1564 1869 1839 1923 uantum
1884 1856 1971 1922 sit
2014 1857 2185 1940 peri-

253 1947 469 2024 culum,
528 1967 695 2029 quae
748 1942 1033 2022 invidia,
1091 1951 1413 2026 quantum
1473 1965 1511 2007 o
1560 1944 1691 2008 'um
1722 1963 2015 2024 eorum,
2074 1942 2184 2026 qui

258 2034 512 2099 verbum
577 2031 707 2096 Dei
775 2031 1170 2095 exstinctum
1254 2029 1545 2112 cupiunt.
1656 2027 1923 2110 Quanta
1986 2027 2187 2093 etiam

258 2118 629 2184 machinatio
674 2136 897 2182 eorum
945 2117 1031 2180 sit
1073 2115 1327 2193 futura,
1396 2124 1510 2179 aut
1554 2115 1747 2179 etiam
1795 2115 1925 2178 iam
1970 2122 2071 2179 est
2113 2127 2189 2178 ut

256 2204 487 2288 Regem
533 2202 869 2269 adducant
910 2203 981 2265 in
1025 2221 1174 2266 eum
1221 2208 1488 2279 metum,
1543 2219 1673 2283 quo
1718 2200 1940 2265 nullus
1984 2200 2191 2264 maior

257 2292 306 2356 ei
337 2312 475 2356 esse
512 2297 748 2373 posset,
786 2297 861 2354 ut
894 2288 1229 2352 existimet
1263 2287 1434 2353 hanc
1469 2287 1802 2352 civitatem
1839 2286 1964 2351 hoc
1997 2284 2189 2350 modo

258 2375 728 2460 sepossefacile
772 2372 1092 2439 amittere.
1162 2376 1225 2438 A
1267 2393 1373 2437 me
1403 2374 1473 2436 in
1506 2371 1612 2438 his
1635 2372 1838 2436 tantis
1882 2371 2188 2454 periculis

259 2482 320 2528 ac
358 2449 637 2527 motibus
679 2460 938 2526 nullum
985 2459 1532 2542 praetermittitur
1587 2466 1849 2541 tempus
1896 2453 2186 2534 docendi,

257 2546 647 2627 instituendi,
692 2545 1021 2624 monendi,
1071 2553 1144 2609 ut
1173 2546 1239 2610 in
1265 2543 1512 2627 pudore
1547 2564 1623 2607 ac
1658 2545 1894 2607 timore
1917 2541 2190 2608 Domini

256 2645 564 2712 maneant,
600 2643 678 2700 ut
710 2643 939 2698 sancta
971 2632 1309 2697 vocatione
1344 2631 1865 2713 professioneque
1880 2631 1937 2706 ⁴)
1982 2628 2188 2694 chris-

258 2719 417 2786 tiana
459 2717 805 2802 indignum
851 2717 1021 2783 nihil
1066 2717 1493 2782 committant.
1582 2714 1717 2781 Sed
1762 2715 2069 2797 quoniam
2113 2734 2190 2779 ea

259 2818 343 2869 est
382 2815 497 2870 tna
539 2806 878 2883 autoritas,
946 2825 1113 2888 quae
1180 2802 1355 2886 apud
1396 2823 1652 2878 omnes,
1714 2801 2191 2888 etministerio

257 2893 420 2957 verbi
466 2891 829 2957 certissimo
864 2899 935 2955 et
975 2889 1335 2956 clarissimo
1379 2888 1764 2972 prudentiae
1809 2909 1883 2954 ac
1928 2886 2192 2971 pietatis

258 2977 646 3057 testimonio,
700 2977 1055 3060 plurimum
1115 2972 1424 3057 ponderis
1481 2974 1713 3053 habet,
1773 2981 1838 3039 te
1880 2974 2194 3037 maximo-

256 3087 391 3149 pere
434 3085 614 3148 rog0,
662 3075 736 3127 ut
770 3061 1013 3145 aliquid
1059 3059 1141 3126 ad
1179 3069 1437 3126 nostros
1471 3060 1709 3126 fratres
1743 3059 2007 3137 scribas,
2052 3080 2192 3124 eos-

255 3173 361 3236 que
395 3150 748 3235 diligenter
778 3167 1047 3212 moneas
1082 3155 1157 3211 ut
1195 3148 1318 3212 hoc
1355 3146 1688 3231 singulare
1731 3144 1976 3211 donum
2015 3165 2191 3210 sum-

256 3258 386 3303 mae
442 3235 766 3302 libertatis
822 3233 1003 3298 omni
1048 3230 1369 3299 modestia
1412 3240 1753 3308 tueantur,
1815 3250 2025 3314 neque
2067 3229 2191 3294 im-

291 3322 590 3389 rudentia
644 3328 761 3384 aut
816 3318 1230 3384 immodestia
1280 3339 1400 3385 sua
1452 3320 1523 3383 in
1589 3316 1921 3401 quandam
1975 3316 2193 3382 carnis

280 3410 577 3475 'centiam
634 3413 1039 3472 convertant.
1142 3403 1325 3471 Sunt
1380 3403 1509 3469 alia
1564 3411 1858 3487 tempora
1916 3400 2192 3469 canendi

254 3497 448 3580 magis
494 3491 923 3578 tempestiva,
979 3511 1174 3574 quam
1229 3498 1376 3575 post
1428 3509 1716 3555 coenam.
1820 3487 1968 3570 Quo
2024 3495 2190 3553 tem-

256 3602 397 3663 pore
441 3579 635 3646 multi
683 3578 864 3643 nullo
910 3577 997 3659 pii
1045 3576 1248 3642 animi
1294 3575 1510 3642 studio
1529 3628 1545 3655 ,
1592 3576 1704 3640 sed
1757 3583 1872 3640 aut
1913 3575 2044 3640 otio
2087 3575 2190 3639 ni-

251 3668 382 3745 mio,
426 3677 546 3732 aut
589 3666 809 3730 animo
844 3661 927 3729 ad
962 3664 1468 3728 ostentationem
1505 3683 1579 3727 ac
1614 3661 1970 3726 vanitatem
2012 3680 2190 3727 com-

252 3767 462 3836 parato
510 3748 885 3816 huiusmodi
932 3757 1165 3815 cantus
1208 3748 1574 3826 effundunt,
1621 3748 1688 3812 in
1734 3745 1967 3829 quibus
2001 3745 2190 3812 nulla

254 3836 631 3906 aedificatio,
691 3835 805 3902 sed
865 3836 1227 3901 certissima
1284 3835 1623 3899 hominum
1680 3834 1949 3898 offensio
1994 3840 2189 3916 atque

251 3921 625 3990 abmienatio
660 3923 850 3986 inest.
902 3922 1049 3987 Hoc
1086 3931 1159 3985 ut
1188 3920 1665 4004 quamprimum
1693 3919 1891 3983 facias
1928 3927 1991 3983 tc
2016 3939 2188 4003 roge.

1263 4057 1443 4122 'I'uus
1490 4059 1658 4139 App.
1703 4055 1933 4121 Claud.
1964 4061 2015 4126 5)

1120 4519 1311 4589 1512.

641 4657 1312 4729 BULLINGERUS
1359 4657 1794 4724 GALVINO.

405 4830 510 4896 De
548 4832 788 4911 foedere
831 4851 971 4895 mm
1017 4829 1247 4914 Anylis
1289 4830 1560 4894 ineundo
1613 4831 1972 4895 Turioenses
2017 4832 2190 4895 cande

252 4920 301 4977 ct
326 4918 668 4997 prudenter
711 4918 1022 5001 aqendum
1054 4920 1310 4981 censent.

257 5053 309 5063 »—

444 5123 502 5190 3)
545 5123 671 5180 Sic!
738 5120 909 5191 Leuc.-
944 5139 1004 5174 re
1073 5123 1289 5176 sserint.
1361 5120 1528 5177 Liebe
1563 5122 1895 5177 emendavit.-
1947 5121 2190 5174 iecerint.

440 5193 498 5255 4)
534 5193 977 5260 confessioneque
1005 5140 1080 5244 ς.

443 5261 505 5329 5)
550 5261 782 5331 Seu-ipsit
819 5261 1091 5329 ρνίπιιιηιε
1140 5258 1288 5314 Tuus
1325 5258 1479 5323 aad„
1525 5264 1715 5327 postea
1760 5275 1957 5314 nomen
1999 5258 2191 5327 aeuus·-

260 5341 372 5382 aaat
406 5333 720 5455 unffi-assit.
754 5358 820 5369 —
849 5327 1026 5410 Hanc·
1041 5344 1122 5396 ep.
1142 5327 1199 5381 J.
1228 5327 1468 5395 Gaufrbs
1503 5329 1565 5381 in
1600 5327 1787 5382 diario
1822 5328 2063 5382 Bulletin
2095 5332 2189 5381 etc.

259 5391 388 5463 Hept-
426 5398 453 5452 1
529 5399 565 5455 4
596 5415 714 5455 eam
746 5412 1109 5467 praecessisse
1135 5402 1301 5465 putat
1333 5412 1495 5466 qaam
1530 5411 1701 5465 supra
1735 5395 1812 5450 N.
1836 5395 1974 5449 1504
1995 5395 2189 5464 legs-stt.

2036 470 2192 531 1551
2240 464 2426 535 IUL-

4110 479 4239 541 150

2277 655 2427 721 (Duo
2473 655 2694 710 diversa
2737 670 2894 712 exem
2932 656 3073 710 laria
3116 655 3276 710 huius
3325 657 3589 727 epistolae
3636 662 3858 712 exutam
3903 660 3959 714 in
4005 662 4240 718 Archiv.

2280 724 2465 779 Turio.
2497 723 2651 779 Plut.
2691 723 2785 778 VI.
2807 724 2859 778 V
2969 724 3090 792 114,
3126 726 3257 779 olim
3291 725 3463 781 Scrin.
3500 728 3565 782 B.
3583 727 3724 797 Epp.
3743 727 3894 782 Tem.
3930 728 4056 786 vn.
4091 739 4236 802 part.

2384 798 2484 847 ter.
2520 793 2610 848 fol.
2643 791 2806 874 2719,
2857 808 2974 916 aeq»
2997 833 3010 848 .
3081 793 3334 849 Alterum
3370 795 3518 864 quod
3552 796 3718 849 etiam
3754 796 4016 852 Simlerus
4066 799 4238 854 habet

2339 862 2409 916 ol.
2445 859 2516 916 75
2569 866 2628 916 et
2662 861 2937 918 ediditGa
3014 877 3134 916 ema
3168 864 3226 917 in
3251 863 3393 934 Epp.
3414 863 3719 934 insignium
3756 868 3995 921 virorum
4013 866 4236 923 Ocntur.

2280 930 2326 984 1.
2364 929 2433 986 Ν.
2470 905 2556 999 15,
2587 947 2710 1001 pag.
2743 928 2831 996 46,
2866 948 2966 986 nos
2985 947 3203 1054 quom
3236 931 3326 1015 hic
3358 933 3460 1014 tibi
3479 933 3827 1014 xexhibemus,
3867 935 3995 1004 quia
4014 938 4234 991 eviden-

2282 1004 2371 1052 ter
2404 999 2541 1053 illud
2589 1005 2676 1053 est
2719 999 2868 1069 quod
2914 1005 3074 1054 autor
3205 1017 3332 1055 vino
3377 1007 3543 1054 misit.
3611 1002 3857 1056 Alterum
3892 1020 4025 1058 vero
4058 1006 4237 1076 prima

2284 1067 2504 1122 videtur
2536 1068 2702 1124 fuisse
2736 1069 2927 1139 scripti
2962 1068 3123 1124 huius
3158 1069 3504 1124 adumbratio
3537 1069 3708 1139 ipsius
3742 1072 4043 1155 Bullingefi
4075 1091 4240 1129 manu

2285 1142 2799 1276 ‘'mtitsstrt...
2809 1137 3238 1276 *astitit
3255 1143 4039 1279 ἚῗῗωῗεῗιῖἪέήιξέἶζῒῖ
4055 1148 4238 1278 =3⁵⁰¹³¹²

2288 1376 2670 1442 Clarissimo
2727 1378 2872 1444 viro
2925 1376 3012 1443 D.
3080 1377 3313 1443 Ioanni
3372 1377 3652 1444 Calvino
3717 1378 3979 1446 domino
4034 1382 4240 1447 hono-

2792 1461 2996 1528 rando
3042 1469 3110 1527 et
3151 1463 3340 1528 fratri
3384 1465 3735 1531 carissimo.

2460 1598 2530 1666 S.
2591 1599 2903 1665 Praestiti
2959 1621 3088 1681 qua
3143 1601 3326 1683 potui
3383 1601 3511 1665 fide
3571 1597 3638 1664 id
3696 1601 3862 1683 quod
3909 1601 4240 1684 pollicitus

2288 1707 2455 1766 sum,
2475 1689 2533 1763 ²)
2579 1684 2866 1751 Domine
2909 1684 3362 1752 colendissimo
3406 1694 3475 1750 et
3516 1685 3724 1751 frater
3765 1687 4120 1768 carissime,
4166 1709 4242 1755 ao

2288 1771 2458 1855 quod
2504 1771 2623 1837 reli
2674 1771 2839 1838 ‘onis
2880 1771 3150 1836 nomine
3195 1770 3407 1837 debui.
3499 1771 3762 1838 Contuli
3821 1774 3999 1837 enim
4042 1794 4248 1859 nego-

2289 1859 2456 1923 tium
2499 1877 2629 1941 quo
2717 1857 2845 1923 scis
2879 1878 3029 1923 cum
3070 1857 3336 1922 delectis
3378 1857 3656 1940 aliquot,
3712 1879 3834 1924 nec
3877 1858 4054 1924 aliud
4095 1881 4245 1944 pos-

2289 1964 2438 2009 sum
2482 1943 2717 2008 elicere
2751 1963 3134 2025 responsum
3171 1963 3367 2026 quam
3403 1942 3560 2009 tale:
3609 1943 3942 2010 Favemus
3962 1947 4245 2011 serenis-

2291 2030 2456 2094 simo
2503 2029 2581 2093 R.
2631 2029 2709 2093 A.
2758 2049 2841 2093 ex
2885 2030 3104 2094 animo
3139 2039 3406 2112 propter
3441 2028 3842 2112 praeclaram
3877 2030 4063 2096 illam
4107 2033 4247 2097 eius

2291 2114 2577 2180 indolem
2633 2114 3088 2197 excellensque
3153 2116 3224 2179 in
3282 2114 3662 2198 religionem
3722 2116 4045 2182 sinceram
4106 2125 4248 2182 stu-

2293 2200 2496 2265 dium:
2565 2199 2678 2266 sed
2723 2200 2889 2265 nihil
2934 2199 3228 2283 polliceri
3267 2221 3614 2283 possumus
3658 2201 3831 2283 quod
3877 2201 4104 2268 foedus
4149 2211 4249 2266 at-

2294 2288 2462 2351 tinet
2501 2285 2611 2351 vel
2655 2286 2901 2350 auxilia
2962 2283 3158 2367 idque
3224 2286 3606 2352 innumeras
3651 2286 3734 2351 ob
3780 2305 4029 2352 causas.
4108 2288 4249 2353 Ad-

2294 2371 2460 2435 dunt
2500 2370 2734 2436 iidem:
2800 2372 2911 2436 An
2958 2392 3111 2437 vero
3156 2371 3396 2457 legatio
3439 2373 3505 2437 in
3557 2374 3633 2437 A.
3681 2371 4014 2471 religionis
4050 2394 4251 2439 causa

2292 2457 2634 2540 impetrari
2672 2458 2876 2540 possit
2898 2457 3224 2522 mittenda
3242 2458 3661 2542 nequivimus
3696 2456 4008 2535 divinare,
4047 2479 4250 2541 quum

2292 2542 2466 2626 quod
2512 2544 2681 2609 bona
2741 2553 3112 2608 senatorum
3160 2564 3312 2626 pars
3371 2544 3618 2627 aliquot
3674 2544 3886 2609 territi
3931 2545 4249 2627 exemplis

2294 2649 2554 2712 semper
2612 2629 3030 2711 suspicantur
3088 2629 3262 2694 aliud
3324 2629 3524 2695 latere
3570 2630 3691 2694 sub
3732 2630 3879 2695 istis
3919 2630 4254 2714 legationi-

2295 2715 2437 2793 bus,
2487 2723 2628 2778 t-um
2672 2714 2842 2796 quod
2889 2714 3261 2781 huiusmodi
3307 2717 3566 2799 negotia
3609 2737 3735 2779 non
3784 2724 4063 2798 possunt
4103 2737 4253 2800 per-

2294 2802 2430 2879 fici,
2497 2801 2626 2864 nisi
2669 2819 2790 2883 per
2844 2801 3164 2884 suffragia
3217 2801 3669 2866 Ducentorum
3728 2801 3899 2885 apud
3946 2821 4109 2884 quos
4153 2811 4255 2867 est

2295 2906 2556 2953 summa
2610 2893 2917 2968 potestas.
3009 2889 3103 2951 At
3167 2907 3371 2969 quum
3419 2889 3592 2951 inter
3635 2887 3972 2952 Ducentos
4036 2886 4252 2954 diver·-

2297 2972 2558 3037 sissima
2599 2972 2734 3037 sint
2776 2973 3074 3055 ingenia,
3132 2971 3592 3037 stultissimum
3639 2972 3811 3038 foret
3855 2972 3936 3038 de
3981 2973 4088 3039 his
4130 2973 4251 3037 ali-

2296 3056 2450 3143 quid
2474 3065 2762 3124 statuere
2784 3058 2961 3123 certi.
3012 3057 3409 3123 Pollicemur
3431 3065 3650 3123 tamen
3674 3078 3931 3124 omnem
3958 3065 4253 3125 nostram

2296 3164 2581 3227 operam,
2627 3145 2680 3209 si
2725 3140 2982 3226 quando
3024 3143 3108 3207 R.
3155 3144 3233 3207 A.
3281 3143 3523 3225 aliquid
3569 3143 4034 3226 postulaverit,
4080 3142 4253 3226 quod

2297 3417 2468 3472 1512.
2499 3416 2555 3484 1)
2604 3417 2862 3470 Praestiti
2948 3433 3018 3469 ua
3064 3416 3216 3486 potui
3252 3416 3359 3470 flde
3405 3416 3463 3469 id
3511 3414 3654 3486 quod
3690 3417 3964 3485 pollicitus
4013 3433 4132 3470 sum
4188 3432 4253 3470 ao

2296 3486 2575 3568 religionis
2609 3487 2827 3539 nomine
2862 3485 2932 3539 de
2971 3485 3041 3539 ui.
3111 3484 3328 3539 Contuli
3365 3488 3641 3554 negotium
3678 3485 3824 3554 quod
3859 3486 3964 3539 scis
4001 3501 4118 3538 cum
4157 3486 4250 3538 de-

2294 3556 2451 3610 lectis
2487 3556 2712 3624 aliquot,
2747 3571 2849 3609 nec
2883 3553 3031 3608 alind
3064 3570 3283 3623 possum
3320 3555 3516 3609 elicere
3551 3570 3868 3623 responsum
3914 3570 4076 3622 quam
4112 3554 4250 3607 tale:

2293 3626 2560 3678 Favemus
2594 3624 2939 3679 serenissimo
2974 3623 3108 3705 Regi
3145 3624 3212 3676 A.
3249 3639 3314 3676 ex
3352 3624 3533 3678 animo
3566 3629 3794 3693 propter
3827 3622 3974 3676 illam
4010 3623 4254 3691 praecla-

2295 3710 2411 3746 ram
2446 3693 2683 3746 indolem
2722 3699 2779 3746 et
2813 3697 3040 3762 propter
3074 3691 3177 3744 insi
3255 3708 3284 3744 e
3321 3692 3597 3761 religionis
3633 3708 3800 3761 purae
3839 3691 4100 3744 studium:
4154 3689 4251 3744 sed

2294 3761 2429 3815 nihil
2465 3761 2710 3830 polliceri
2745 3777 3030 3831 possumus
3067 3777 3176 3830 quo
3249 3760 3451 3814 auxilia
3485 3761 3684 3813 attinet
3718 3760 3806 3812 vel
3828 3759 4018 3813 foedus
4054 3760 4251 3812 multas

2295 3830 2367 3884 ob
2402 3846 2604 3883 causas.
2662 3830 2893 3885 Addunt
2926 3830 3052 3883 isti:
3087 3830 3177 3883 An
3213 3845 3344 3882 vero
3382 3829 3580 3898 legatio
3615 3829 3672 3881 in
3692 3828 3947 3897 Angliam
3975 3828 4253 3898 religionis

2295 3915 2457 3953 causa
2491 3898 2635 4020 mitisii
2668 3900 2886 4020 ἔσθειν
2911 3899 3158 3952 divinare
3206 3913 3312 3952 non
3359 3913 3659 3966 possumus,
3709 3914 3875 3966 quum
3912 3897 4058 3966 quod
4093 3897 4253 3951 multi

2295 3983 2512 4036 semper
2558 3986 2588 4020 a
2632 3985 2666 4020 u

2295 4037 2556 4090 horreant
2590 4042 2704 4090 tum
2755 4036 2900 4106 quod
2937 4036 3070 4090 haec
3105 4035 3325 4104 negotia
3360 4033 3574 4087 nonnisi
3611 4051 3711 4100 per
3746 4035 4107 4090 diacosiorum
4144 4034 4254 4087 suf-

2296 4105 2470 4187 fragia
2502 4106 2688 4175 perfici
2723 4112 2968 4186 possunt.
3038 4107 3117 4157 At
3165 4120 3328 4172 quum
3376 4103 3776 4155 diversissimae
3814 4104 3925 4158 sint
3958 4105 4104 4158 inter
4139 4102 4253 4158 dia-

2295 4190 2472 4295 cositos
2506 4178 2839 4297 εξὲιὲοιιιιιιῗί·
2863 4173 3086 4255 stultum
3108 4176 3255 4294 esseet
3271 4173 3404 4225 certi
3441 4170 3734 4240 quidquam
3770 4172 4066 4295 Pqnissefk
4084 4171 4253 4295 qullliii

2294 4259 2391 4297 cen
2423 4260 2487 4296 ur
2647 4260 2714 4297 en
2759 4260 2778 4296 ι
2821 4260 2840 4296 ι
2888 4260 2907 4295 ι
3046 4258 3171 4295 omn
3205 4257 3260 4293 m
3313 4257 3464 4293 sunm
3510 4256 3543 4294 o
3583 4257 3728 4294 eram
3797 4257 3842 4293 si
3949 4280 3961 4294 .
4116 4259 4171 4295 m

2293 4311 2440 4365 aliud
2495 4328 2658 4381 quam
2754 4311 2862 4366 uod
2911 4258 2996 4363 'aad
3053 4307 3416 4363 defensionem
3467 4315 3525 4361 et
3545 4256 4026 4378 ¹,propagationem
4088 4326 4252 4364 verae

2294 4380 2573 4449 religionis
2608 4385 2896 4451 pertineat.
3207 4379 3329 4432 Imo
3377 4378 3668 4432 voluerunt
3719 4377 3858 4431 hanc
3903 4394 4116 4432 causam
4165 4394 4249 4431 re·

2292 4448 2437 4502 ferre
2473 4449 2541 4503 ad
2578 4457 2841 4503 senatum.
2912 4448 3031 4517 Ego
3084 4462 3216 4500 vero
3267 4446 3439 4501 modis
3473 4448 3723 4500 omnibus
3758 4447 3964 4513 obstiti,
4002 4447 4251 4516 exemplo

2293 4534 2404 4572 non
2439 4518 2520 4571 ita
2555 4518 2731 4571 veteri
2767 4517 3008 4572 territus.
3083 4517 3255 4581 Quum
3305 4517 3446 4569 enim
3484 4516 3549 4569 D.
3589 4516 3652 4569 D.
3693 4514 3944 4570 Montius
3978 4516 4123 4585 regis
4157 4533 4252 4569 no·-

2293 4587 2438 4640 mine
2475 4586 2656 4655 aliqua
2729 4587 3089 4656 roposuisset,
3134 4584 3415 4654 proposita
3449 4585 3741 4654 suggillare
3779 4585 3959 4654 potuit
3992 4584 4138 4653 reffis
4174 4584 4251 4638 lo-

2293 4661 2610 4709 cumtenens
2776 4655 3010 4708 stantiae
3062 4654 3201 4706 baro
3258 4668 3295 4706 a
3340 4653 3584 4723 ΒοΖΙοῃΙ,
3643 4652 3785 4706 unde
3846 4653 3951 4706 hoc
4002 4651 4254 4719 mysterii

2294 4725 2655 4778 intellexerit:
2705 4740 3012 4793 quanquam
3061 4722 3206 4775 idem
3252 4739 3290 4775 n
3395 4722 3531 4775 tium
3579 4727 3635 4775 et
3683 4721 3921 4793 Sangalli
3963 4728 4020 4775 et
4055 4719 4256 4774 Schaff-

2293 4792 2437 4848 husii
2488 4793 2544 4846 in
2597 4793 2785 4847 vicinis
2821 4791 3170 4847 Constantiae
3216 4738 3444 4844 urffius
3498 4796 3618 4844 erat
3663 4792 4019 4860 propositum.
4089 4787 4254 4842 Nolui

2293 4878 2426 4984 ‘'n‘ffi'
2453 4861 2862 4999 mm¹³⁸¹⁶¹¹¹1t¹³35331
2879 4859 3634 4983 txt‘izmoetzfftfflssfiffi
3661 4856 4254 4981 {sssfzfflri-sstsssssszt

2295 5006 2354 5121 gt
2388 5016 2450 5052 su
2521 4999 2787 5054 icionibus
2821 5000 3008 5068 pravis
3040 5002 3286 5052 nostrum
3323 4997 3600 5066 negotium
3626 5000 3900 5065 premeret
3934 5000 3992 5047 et
4026 5010 4254 5063 prorsus

2332 5069 2475 5122 intur

2296 5143 2357 5191 et
2388 5137 2579 5206 frater,
2614 5138 2869 5206 ignorare
2903 5136 3069 5191 nolui.
3139 5135 3249 5189 Fac
3283 5151 3414 5203 ergo
3449 5150 3551 5203 pro
3585 5139 3681 5185 tua
3714 5132 4005 5202 prudentia
4041 5132 4186 5202 quod
4221 5149 4255 5188 e

2295 5222 2355 5259 re
2391 5206 2598 5260 Christi
2632 5211 2690 5259 et
2723 5205 3068 5259 ecclesiarum
3115 5203 3231 5257 fore
3267 5202 3560 5272 putaveris.
3633 5201 3748 5270 Ego
3783 5216 3996 5255 omnem
4032 5217 4257 5271 operam

2294 5275 2395 5329 tibi
2430 5274 2758 5343 impendam.
2815 5274 2965 5329 Vale.

2400 5345 2440 5390 ⁶)
2470 5344 2736 5385 Ssntenuam
2759 5345 3010 5385 inchoatam
3037 5352 3126 5382 non
3147 5344 3293 5393 finivit
3315 5345 3362 5380 in
3390 5345 3488 5390 ipsa
3517 5339 3676 5376 scheda
3704 5339 3848 5388 spatio
3875 5349 4016 5377 vacuo
4041 5340 4206 5378 relicto.

2504 5394 2565 5459 2)
2605 5393 2684 5448 N.
2725 5393 2860 5448 1503
3746 5472 3842 5526 10·

2577 5075 2646 5123 et.
2717 5068 2969 5122 Pontifex
3006 5067 3151 5121 enim
3172 5102 3399 5120 .......
3418 5065 3474 5130 *)
3540 5065 3602 5119 Id
3639 5064 3781 5133 quod
3819 5069 3890 5128 te,
3927 5063 4001 5115 mi
4036 5063 4255 5117 domine

2750 3970 2927 4022 latere
2973 3967 3316 4037 suspicantur
3363 3977 3419 4018 et
3462 3965 3587 4019 ideo
3634 3965 3703 4018 ab
3750 3967 4110 4034 legationibus
4160 3968 4253 4020 ah—
4335 3993 4340 4002 ·
