4900 6167
274 404 372 466 ²⁶1

270 587 428 670 nequi
469 591 722 667 partes,
784 583 1181 667 palinodiam
1239 582 1584 665 aliquando
1638 584 1837 652 fiiisse
1878 592 2176 650 cantatu-

272 693 412 738 rum.
493 669 669 735 Nam
724 669 897 753 quod
938 670 1055 736 tibi
1096 669 1251 753 ipsi,
1311 679 1388 734 ut
1428 670 1625 736 etiam
1667 670 2023 736 novissime
2064 679 2179 735 tuo

274 755 578 832 Nedum)
621 754 694 820 in
748 756 845 821 tui
880 755 1188 840 gratiam,
1247 754 1604 838 multisque
1660 753 1811 820 aliis
1917 755 2179 822 'etatem

269 839 703 927 mannhun
743 842 1057 918 amicum,
1115 841 1499 906 munificum
1554 848 1623 905 et
1691 841 1704 854 “
1892 861 1996 905 em
2038 861 2180 908 esse

266 949 328 995 ιο
364 926 763 1012 momentis
802 924 1187 1009 quibusdam
1231 924 1610 1003 declaravit,
1657 925 1998 992 hominum
2040 945 2179 990 ma·

268 1015 353 1097 g'n
388 1033 582 1078 causa
623 1032 821 1094 quam
864 1012 1022 1089 Dei,
1066 1031 1232 1078 neve
1272 1020 1531 1093 partam
1572 1009 1697 1078 boc
1739 1013 2000 1080 nomine
2042 1010 2179 1095 glo-

268 1100 413 1164 riam
450 1098 811 1174 amitteret,
873 1097 1084 1181 magis
1125 1117 1318 1179 quam
1364 1097 1621 1162 sincero
1666 1097 1922 1177 pietatis
1961 1094 2180 1162 studio

267 1183 325 1250 id
358 1183 597 1249 factum
643 1182 875 1258 subse,
920 1183 1165 1248 certius
1207 1203 1400 1265 quam
1444 1180 1683 1247 vellem
1716 1181 1865 1248 scio.
1957 1182 2181 1264 Neque

267 1267 325 1334 id
356 1289 456 1333 me
500 1289 770 1350 prorsus
812 1267 1084 1344 latebat,
1150 1288 1350 1351 quum
1393 1287 1604 1350 nuper
1645 1288 1855 1333 essem
1898 1265 2072 1351 apud
2115 1278 2183 1331 te

266 1353 575 1420 amone.
600 1355 662 1434 8)
748 1350 882 1418 Sed
936 1374 1140 1437 quum
1198 1373 1275 1418 eo
1326 1352 1483 1417 vivo
1524 1351 1739 1419 adhuc
1781 1372 1913 1417 non
1957 1352 2185 1434 despe-

266 1458 477 1514 rarem,
522 1458 911 1520 quacunque
952 1439 1289 1506 occasione
1330 1439 1805 1504 annunciatum
1847 1438 1933 1503 iri
1956 1437 2185 1503 Chris-

267 1533 390 1589 tum
429 1523 643 1605 ipsius
682 1525 1031 1590 autoritate
1072 1524 1281 1607 magis
1322 1543 1518 1605 quam
1562 1533 1716 1588 ante
1757 1522 2006 1601 fuerat,
2052 1522 2186 1588 imo

265 1618 504 1676 mutare
547 1610 766 1692 ipsum
809 1630 996 1691 posse
1040 1610 1244 1673 vitam
1288 1617 1355 1673 et
1397 1609 1810 1691 resipiscere,
1897 1607 2027 1674 uod
2072 1630 2188 1691 per

266 1704 321 1760 te
357 1695 563 1776 magis
604 1715 803 1777 quam
842 1715 958 1775 per
998 1694 1209 1759 ullum
1247 1693 1449 1759 alium
1494 1694 1689 1771 (tanti
1736 1696 1860 1758 tei
1913 1715 1949 1758 e
1993 1694 2187 1759 facie-

265 1780 390 1862 bat)
430 1780 575 1846 ficri
620 1779 906 1862 potuisse
948 1799 1208 1863 semper
1250 1778 1510 1846 credidi.
1602 1776 1751 1859 Quo
1805 1780 2001 1844 etiam
2058 1779 2186 1843 fac-

266 1875 389 1936 tum
442 1875 549 1930 est
614 1873 693 1930 ut
759 1875 824 1929 te
872 1863 955 1930 ad
1008 1866 1069 1930 ei
1122 1862 1533 1930 scribendum
1607 1864 1904 1929 hortarer
1959 1865 2187 1947 magis,

484 1950 863 2016 alieniorem
910 1959 974 2014 te
1018 1951 1140 2016 hoc
1184 1970 1330 2014 meo
1374 1950 1610 2015 nuncio
1646 1950 1727 2014 ab
1762 1950 1906 2032 ipso
1943 1949 2189 2015 factum

266 2057 383 2101 non
422 2036 707 2118 amplius
748 2035 1017 2101 libuisse
1059 2034 1143 2101 ad
1178 2056 1327 2101 eum
1371 2035 1651 2100 scribere
1694 2034 2078 2117 suspicatus,
2122 2032 2192 2096 id

266 2121 419 2203 apud
455 2133 523 2185 te
558 2120 905 2186 tacendum
940 2141 1082 2186 esse
1123 2119 1372 2203 putavi.
1467 2119 1725 2203 Alioqui
1748 2124 1800 2192 ο)
1845 2120 2041 2186 etiam
2075 2119 2192 2183 vix

264 2205 472 2273 credas
516 2226 717 2289 quam
760 2227 801 2271 a
844 2206 1005 2271 meis
1046 2205 1336 2272 moribus
1388 2204 1730 2270 abhorreat
1773 2204 2049 2269 aliorum
2093 2204 2192 2269 vi·

268 2305 389 2356 ιιιι
428 2290 994 2358 criminationibus
1036 2292 1343 2358 insectari
1363 2340 1378 2365 .
1424 2291 1632 2356 sciens
1675 2300 1920 2374 quanta
1961 2290 2029 2354 in
2088 2311 2194 2354 me

267 2377 433 2443 Deus
478 2377 909 2460 hominesque
949 2378 1092 2442 iure
1134 2375 1522 2444 desiderant.
1610 2374 1801 2456 Quod
1855 2376 2032 2441 enim
2073 2373 2194 2440 tibi

266 2483 427 2528 nunc
469 2464 783 2545 privatim
824 2463 1035 2529 refero
1076 2462 1203 2528 alio
1254 2482 1447 2545 quam
1490 2460 1932 2527 calumniandi
1974 2461 2192 2528 animo

268 2549 488 2614 referri
504 2600 521 2626 ,
582 2570 619 2614 e
676 2549 874 2614 totius
932 2549 1157 2631 scripti
1215 2549 1345 2612 mei
1399 2556 1627 2612 tenore
1666 2546 1856 2613 facile
1900 2545 2191 2612 animad-

271 2635 477 2700 vertis.
1654 2679 1663 2688 .

422 2721 667 2802 Atque,
712 2731 789 2783 ut
829 2718 1001 2803 quod
1041 2718 1228 2804 coepi
1270 2737 1640 2801 prosequar,
1684 2716 1810 2782 fuit
1851 2716 2195 2784 defunctus

268 2804 364 2869 ille
404 2804 788 2870 ambitiosus
831 2804 1179 2870 admodum
1196 2854 1211 2881 ,
1256 2823 1510 2880 avarus,
1552 2801 1763 2868 laudis
1807 2802 2196 2886 honorisque

266 2890 560 2974 cupidus,
618 2911 695 2956 ac
753 2899 928 2956 totus
985 2890 1177 2954 buius
1231 2889 1517 2971 corrupti
1574 2887 1815 2955 saeculi
1856 2887 2050 2953 rebus
2092 2887 2195 2951 in·

268 2974 456 3055 hians.
571 2976 781 3043 Cuius
857 2978 952 3041 rei
1028 2974 1567 3059 significationem
1642 2996 1776 3039 nou
1853 2973 2194 3040 obscuram

266 3082 455 3144 quum
528 3062 784 3128 dederit
846 3060 1147 3128 omnibus
1212 3061 1399 3143 regni
1464 3069 1790 3144 protector
1854 3060 2192 3136 exsistens,

266 3159 401 3228 post
452 3160 679 3213 nmen
746 3148 868 3213 hoc
927 3146 1141 3213 adhuc
1194 3148 1405 3229 magis
1439 3145 1664 3212 morbo
1709 3144 2031 3210 laborasse
2074 3165 2195 3228 ego

266 3232 394 3315 ipse
432 3254 586 3300 cum
630 3234 779 3300 aliis
812 3232 1175 3298 innumeris
1208 3230 1693 3314 deprehendere
1732 3231 1931 3313 potui.
2017 3229 2196 3294 Hinc

267 3320 473 3400 optavi
519 3319 821 3401 equidem
865 3317 1213 3401 aliquando
1256 3317 1351 3382 illi
1394 3337 1540 3382 esse
1575 3316 1790 3382 notior
1823 3326 1891 3380 et
1922 3313 2194 3379 familia-

268 3404 406 3483 rior,
450 3404 625 3487 quod
672 3405 859 3470 novit
900 3402 1083 3469 Deus
1096 3454 1117 3482 ‚
1160 3412 1238 3467 ut
1279 3402 1385 3468 hic
1428 3409 1622 3484 atque
1665 3399 1850 3478 alibi,
1896 3399 2054 3483 quid
2094 3400 2193 3484 ip-

266 3488 389 3554 sius
430 3499 606 3555 esset
662 3489 857 3554 officii
899 3488 1288 3564 admonens,
1347 3485 1714 3554 amandatis
1769 3485 1964 3551 huius
2020 3486 2195 3550 vitae

269 3575 431 3639 curis
484 3594 562 3640 ac
605 3572 1083 3656 voluptatibus,
1150 3573 1373 3638 divina
1438 3571 1815 3656 capessendi
1880 3581 2070 3636 autor
2134 3570 2193 3635 ei

268 3659 479 3724 flamm
495 3711 511 3736 ,
578 3659 637 3724 si
701 3659 891 3724 modo
957 3658 1024 3722 id
1090 3679 1204 3740 per
1267 3679 1373 3722 me
1424 3658 1571 3723 fieri
1621 3657 1938 3722 voluisset
1988 3656 2193 3721 Deus.

272 3742 435 3823 Quid
497 3745 669 3827 quod
723 3745 1029 3810 omnibus
1082 3743 1204 3810 hoc
1261 3744 1329 3807 in
1388 3763 1590 3826 regno
1643 3743 1848 3807 ferme
1891 3742 2195 3819 innotuit,

270 3828 446 3894 illum
502 3832 835 3897 &eternae
876 3829 1055 3896 caedi
1084 3831 1167 3906 ¹⁰)
1223 3848 1482 3893 causam
1536 3827 1937 3910 praebuisse,
1996 3848 2193 3909 quum

270 3914 463 3982 frater
506 3916 758 3982 indicta
807 3936 1001 3981 causa
1057 3913 1440 3998 proditionis
1494 3933 1645 3978 reus
1697 3912 1937 3988 factus,
2002 3931 2195 3994 quam

268 4020 445 4068 nemo
492 4022 782 4086 unquam
826 4001 1115 4084 legitime
1157 4002 1227 4065 in
1273 4000 1485 4082 ipsum
1527 3997 1802 4082 probare
1845 3997 2056 4080 potuit
2072 4049 2086 4074 ‚
2131 4008 2197 4062 et

267 4089 541 4154 moriens
585 4109 624 4152 a
668 4107 738 4152 se
782 4097 1107 4170 patratam
1150 4093 1525 4152 constanter
1566 4087 1862 4168 negavit,
1912 4084 2054 4166 ipso
2095 4085 2195 4149 iu-

271 4170 419 4250 dice,
456 4174 672 4240 nescio
706 4193 833 4255 quo
868 4174 1086 4236 fratris
1114 4170 1260 4237 odio
1284 4170 1846 4251 aemulationeque
1867 4170 2195 4253 instigato,

271 4261 469 4340 capite
516 4268 858 4324 truncatus
900 4270 1016 4323 est.
1105 4257 1247 4321 Iam
1302 4258 1446 4339 quis
1499 4254 1659 4322 haec
1722 4256 1817 4320 ita
1858 4275 1928 4319 se
1969 4254 2195 4320 haberi

273 4346 471 4410 sciens
514 4366 642 4408 non
704 4344 929 4410 statim
986 4343 1226 4425 cogitet
1278 4341 1386 4408 hic
1439 4341 1653 4407 locum
1706 4339 1945 4406 habere
2008 4360 2196 4422 posse

273 4425 602 4494 horribiles
648 4430 773 4494 Dei
818 4449 1009 4494 voces
1061 4437 1125 4492 et
1181 4427 1419 4493 iudicia
1462 4427 1774 4493 adversus
1809 4424 1976 4490 Cain
2022 4424 2190 4490 Gen.

1948 399 2106 460 1552
2150 395 2530 470 IANUAB.

274 4519 326 4575 4.
377 4517 624 4597 Atque,
706 4523 782 4580 ιιι
839 4515 919 4580 ab
993 4514 1072 4576 iis
1137 4512 1483 4596 diligenter
1539 4511 1731 4577 didici
1791 4511 1901 4593 qui
1958 4510 2191 4576 horum

274 4602 551 4666 omnium
608 4611 1006 4683 spectatores
1063 4597 1512 4680 auditoresque
1572 4599 1749 4662 fuere
1766 4648 1780 4673 ,
1837 4596 1917 4660 ab
1962 4617 2040 4660 ea

274 4695 435 4748 trata
486 4686 680 4751 caede
733 4707 867 4750 non
930 4685 1054 4749 fuit
1117 4681 1249 4747 dux
1314 4683 1422 4747 ille
1483 4691 1703 4748 noster
1767 4681 1865 4746 sui
1929 4615 2193 4745 simiffi
2240 4661 2246 4712 ¹

2239 4805 2245 4840 Ι

474 4957 531 5021 7)
573 4958 838 5012 Genucio.
2238 4897 2244 4976 1

470 5027 527 5091 8)
558 5043 627 5079 m.
664 5025 837 5081 Iunio
870 5024 999 5078 1551
1040 5025 1113 5077 N.
1152 5021 1284 5075 1499
1319 5029 1428 5076 not.
1466 5021 1514 5073 5.

473 5097 530 5158 9)
570 5096 723 5150 Haec
771 5095 965 5148 absunt
1011 5094 1079 5147 ab
1124 5092 1357 5146 editione
1397 5091 1651 5146 Cantabr.
1688 5107 1854 5159 usque
1888 5090 1963 5144 ad
1998 5091 2187 5143 verba.-
2237 5051 2241 5120 ἶ

283 5161 387 5214 fieri
426 5165 678 5217 voluisset
716 5163 877 5215 Deus.

446 5232 827 5354 IQFv-atrcm
878 5230 1033 5284 Lord
1081 5229 1343 5296 Seymour
1387 5225 1652 5293 supplicio
1698 5228 1850 5290 affici
1896 5227 2053 5280 iussit
2102 5225 2185 5278 20.
2236 5229 2241 5284 2
2287 5297 2305 5347 ι
2362 5295 2381 5346 ι

4085 407 4216 470 262

2280 585 2438 666 quin
2504 585 2713 668 coepit
2768 585 2848 650 iis
2892 585 3081 651 malis
3136 588 3402 654 omnino
3453 588 3749 654 laborare
3803 610 3969 673 quae
4107 592 4226 662 ulo

2280 679 2432 735 ante
2475 670 2606 738 iam
2650 669 3005 755 attigimus.
3092 670 3229 738 Nec
3286 672 3491 740 multo
3548 674 3744 740 etiam
3788 688 3934 758 post
3979 676 3995 691 ⁶
4048 676 4072 741 i
4113 679 4224 743 tii·

2277 753 2528 819 multus
2584 754 2958 838 subsequuti
3011 768 3168 823 sunt
3230 759 3342 840 qui
3401 780 3437 823 e
3489 781 3523 825 s
3614 781 3792 826 remo
3835 761 4026 860 regni
4067 783 4222 846 pro·

2279 849 2525 906 tectore
2594 842 2907 908 miserum
2977 842 3310 925 captivum
3382 843 3558 909 omni
3604 866 3681 910 us
3743 843 4226 914 odiosissimum

2280 925 2574 991 fecerunt
2614 937 2678 990 et
2729 927 3372 1011 contemptissimum.
3458 930 3559 995 Ac
3613 930 3849 997 mulier
3901 932 4228 1015 quaedam

2281 1008 2479 1076 huius
2519 1011 2708 1095 regni
2752 1011 2860 1095 pia
2901 1022 2969 1076 et
3007 1012 3354 1097 insigniter
3398 1012 3632 1080 nobilis
3675 1015 3838 1080 mihi
3880 1024 4038 1083 nota
4079 1026 4222 1084 tum

2282 1096 2487 1161 fertur
2525 1095 2946 1164 exclamasse:
3011 1097 3144 1164 Ubi
3195 1108 3294 1163 est
3345 1099 3547 1165 frater
3603 1100 3801 1166 tuus?
3867 1124 4013 1168 ecee
4070 1125 4221 1170 san·-

2282 1182 2429 1266 guis
2471 1181 2612 1247 eius
2652 1183 2725 1246 in
2767 1191 2833 1247 te
2876 1181 3117 1248 clamat
3158 1183 3240 1248 ad
3281 1182 3500 1250 Deum
3544 1206 3580 1250 e
3623 1197 3817 1252 terra.

2454 1266 2796 1333 Postremo
2839 1266 3002 1333 illud
3034 1268 3251 1353 ipsum
3294 1270 3579 1346 facinus,
3638 1270 3720 1335 ob
3758 1272 3926 1355 quod
3967 1273 4036 1338 in
4081 1296 4224 1340 car·

2284 1373 2498 1418 cerem
2552 1353 2902 1418 novissime
2955 1354 3282 1420 coniectus
3341 1356 3497 1432 fuit,
3563 1365 3629 1421 et
3689 1355 3829 1422 indi
3880 1378 4033 1423 num
4097 1358 4226 1425 fuit

2288 1435 2666 1504 Christiano
2706 1437 2965 1521 qualem
3010 1461 3079 1504 se
3125 1441 3581 1522 profitebatur,
3639 1450 3705 1507 et
3743 1450 3900 1509 saus
3942 1442 4228 1510 ostendit

2287 1542 2485 1606 quam
2526 1544 2658 1588 non
2701 1523 2866 1590 fialsa
2906 1526 3038 1590 sint
3071 1524 3377 1608 pleraque
3412 1547 3580 1609 quae
3616 1527 3935 1593 hactenus
3976 1528 4047 1593 in
4085 1530 4226 1613 ipso

2287 1607 2824 1691 reprehendenda
2875 1610 3130 1691 protuli.
3234 1610 3717 1677 Coniuratiouis
3773 1613 3950 1677 enim
4009 1615 4224 1682 ouius-

2290 1692 2441 1758 dam
2466 1697 2547 1770 ¹¹)
2602 1707 2797 1778 caput
2851 1696 2990 1777 ipse
3050 1705 3243 1778 atque
3298 1705 3487 1761 autor
3543 1699 3610 1760 in
3667 1709 3878 1762 totum
3923 1710 4226 1765 senatum

2290 1779 2574 1876 regium,
2634 1801 2707 1844 ac
2771 1781 3113 1864 praecipue
3169 1782 3238 1845 in
3298 1780 3528 1848 ducem
3571 1782 3898 1865 quendam
3945 1783 4228 1850 Nortom-

2289 1863 2481 1939 briae,
2569 1865 2638 1928 ui
2672 1884 2880 1947 nuper
2915 1887 3127 1931 comes
3186 1866 3606 1932 warvicensis
3641 1867 3996 1948 dicebatur,
4078 1891 4229 1938 uem

2290 1946 2438 2012 odio
2498 1884 2644 2030 ρῗιιε
2700 1970 2894 2047 quam
2937 1953 3273 2049 vatiniauo
3316 1953 3824 2052 prosequebatur
3839 2006 3855 2032 ,
3913 1975 3999 2036 qu
4126 1955 4226 2038 ip-

2291 2053 2439 2099 sum
2482 2045 2861 2117 protectoris
2917 2035 3233 2185 dignitate
3290 2058 3536 2120 privari
3588 2059 3746 2122 prae
3804 2041 4073 2106 caeteris
4115 2061 4228 2107 cu·

2290 2130 2519 2194 rasset,
2566 2123 2944 2201 protectoris
3012 2141 3123 2185 ere
3165 2122 3303 2186 loco
3357 2123 3531 2189 inter
3573 2124 3974 2190 consiliarios
4018 2126 4230 2210 regios

2292 2202 2374 2269 ab
2431 2224 2508 2268 eo
2564 2213 2854 2288 tempore
2910 2204 3203 2285 habitus,
3263 2207 3351 2285 is,
3408 2208 3706 2291 inquam,
3766 2211 4230 2276 coniurationis

2292 2288 2491 2355 huius
2532 2291 2736 2358 socios
2793 2289 3105 2372 quosdam
3159 2314 3239 2356 ex
3295 2292 3437 2375 ipso
3479 2294 3676 2358 etiam
3719 2304 3950 2360 senatu
3993 2296 4231 2361 ascivit

2293 2376 2435 2458 (qui
2503 2397 2679 2443 nunc
2732 2377 3091 2442 etiamnum
3146 2377 3391 2460 captivi
3435 2377 3588 2460 quid
3632 2377 3712 2443 de
3755 2381 3915 2463 ipsis
3957 2383 4072 2447 fiat
4114 2403 4229 2448 ex-

2292 2482 2327 2526 s
2447 2460 2652 2545 tant),
2709 2482 2839 2544 qua
2879 2462 3051 2527 inter
3105 2462 3283 2545 ipsos
3333 2472 3728 2528 convenerat
3783 2474 3857 2529 ut
3912 2464 4075 2531 duce
4117 2463 4230 2532 ino

2366 2545 2735 2612 ortombriae
2775 2545 3093 2612 trucidato
3137 2567 3282 2612 oum
3328 2550 3483 2626 suis,
3527 2549 3584 2615 si
3627 2551 3736 2632 qui
3779 2551 3943 2616 forte
3986 2550 4095 2617 alii
4140 2552 4163 2616 i

2296 2651 2521 2697 sorum
2568 2634 2739 2696 votis
2780 2631 3186 2710 obsisterent,
3232 2642 3346 2698 aut
3385 2634 3485 2712 vi,
3528 2643 3642 2700 aut
3684 2635 3881 2714 clam,
3935 2646 4048 2701 aut
4105 2635 4231 2702 alio

2297 2716 2530 2800 quovis
2573 2713 2783 2796 modo,
2825 2718 3012 2801 regni
3047 2720 3582 2802 gubernationem
3617 2742 3877 2787 omnem
3920 2743 4118 2804 penes
4160 2743 4232 2787 se

2295 2800 2792 2881 constituerent,
2833 2802 2969 2868 dux
3011 2825 3166 2868 vero
3212 2802 3723 2872 Somersethemis
3764 2808 4045 2889 primum
4090 2806 4232 2892 dig·

2296 2888 2526 2952 nitatis
2569 2899 2685 2953 aut
2724 2889 3106 2971 protectoris
3149 2891 3349 2954 etiam
3393 2888 3607 2955 denuo
3650 2891 3862 2958 locum
3921 2892 4095 2958 inter
4137 2892 4232 2976 ip-

2296 2994 2402 3038 sos
2447 2973 2788 3038 obtineret.

2468 3057 2660 3124 Nune
2702 3079 2865 3142 opus
2911 3058 3025 3125 tibi
3069 3080 3201 3124 non
3244 3080 3385 3124 esse
3428 3060 3558 3126 scio
3602 3068 3675 3125 ut
3763 3059 4037 3126 rolixius
4081 3061 4233 3128 facti

2300 3143 2498 3209 huius
2543 3143 2940 3227 aliorumque
2966 3144 3514 3210 circonstantias*
3557 3155 3898 3229 exagitans
3942 3165 4233 3229 pugnare

2296 3228 2459 3296 haec
2502 3227 2840 3294 ostendam
2897 3251 2983 3295 ex
3038 3227 3351 3294 diametro
3407 3251 3554 3294 cum
3599 3229 3726 3296 Dei
3780 3229 3980 3296 verbo
4022 3229 4230 3296 chris·

2297 3313 2643 3398 tianaeque
2685 3313 3016 3399 religionis
3056 3315 3466 3398 professione.
3555 3315 3706 3398 Ipse
3742 3315 3917 3380 enim
3959 3336 4078 3399 pro
4120 3321 4235 3380 tua

2296 3399 2648 3485 prudentia
2681 3421 2813 3465 non
2848 3399 2913 3464 id
2949 3398 3158 3465 solum
3194 3420 3424 3465 verum
3458 3400 3656 3465 etiam
3689 3407 3975 3465 mentem
4018 3421 4234 3466 meam

2296 3505 2559 3550 omnem
2618 3493 2684 3549 et
2733 3505 3002 3568 scopum
3059 3485 3293 3550 horum
3351 3486 3645 3550 omnium
3704 3484 3893 3551 facile
3911 3536 3926 3562 ,
3986 3486 4233 3569 opinor,

2297 3568 2642 3653 intelliges.
2731 3570 2881 3636 Huc
2937 3570 3156 3653 itaque
3219 3592 3396 3638 nunc
3451 3570 3616 3635 mihi
3668 3579 3827 3654 puto
3894 3570 4233 3636 brevitatis

2297 3674 2494 3720 causa
2573 3653 3096 3722 descendendum
3179 3678 3336 3732 esse,
3424 3655 3592 3738 quod
3680 3658 3936 3721 tametsi
4026 3655 4236 3722 divini

2299 3738 2584 3823 quadam
2654 3741 2876 3806 iudicii
2943 3742 3324 3806 necessitate
3393 3742 3514 3807 hoc
3587 3739 3890 3807 defuncte
3959 3742 4238 3825 principi

2296 3824 2688 3909 supplicium
2756 3826 3061 3910 obtigisse
3128 3835 3374 3908 putem,
3443 3826 3750 3908 quoniam
3821 3839 4039 3891 tamen
4095 3845 4236 3890 mo-

2297 3912 2474 3976 riens
2529 3911 2793 3995 egregia
2838 3911 3231 3977 christianae
3275 3912 3709 3994 poenitentiae
3765 3911 4056 3996 symbola
4101 3907 4236 3976 edi-

2297 3996 2412 4075 dit,
2450 3997 2755 4062 existimo
2799 3998 3012 4062 Deum
3069 3995 3175 4062 hic
3228 4017 3358 4060 non
3400 3996 3591 4060 modo
3648 3995 3866 4063 iudicii
3913 3998 4014 4062 sui
4059 4019 4234 4082 mys-

2297 4084 2538 4148 terium
2619 4081 2802 4147 nobis
2867 4083 3104 4165 aperiri
3169 4082 3483 4158 voluisse,
3552 4103 3781 4146 verum
3845 4082 4044 4147 etiam
4109 4083 4231 4146 im·-

2298 4189 2562 4236 mensae
2628 4189 2784 4232 suae
2847 4165 3355 4242 misericordiae,
3422 4188 3549 4249 qua
3604 4167 3953 4233 mortificat
4009 4175 4076 4232 et
4133 4168 4232 4232 vi-

2295 4254 2532 4330 vificat,
2581 4251 2838 4318 deducit
2888 4254 2969 4317 ad
3014 4253 3254 4317 inferos
3298 4262 3363 4316 et
3407 4251 3687 4329 reducit,
3747 4265 3821 4317 ut
3862 4251 4046 4335 perdi
4091 4273 4231 4318 cor-

2296 4360 2418 4421 pus
2457 4338 2736 4403 voluerit
2779 4340 2846 4402 in
2890 4339 3144 4401 animae
3188 4337 3481 4415 salutem,
3528 4347 3595 4402 et
3635 4337 3912 4419 deprimi
3965 4358 4116 4402 eum
4158 4338 4228 4401 in

2296 4423 2417 4488 hoc
2462 4424 2713 4497 saeculo
2758 4444 2947 4506 quem
2991 4424 3059 4486 in
3117 4425 3339 4486 futuro
3380 4422 3658 4488 exaltari
3701 4423 3930 4487 voluit.
4020 4423 4228 4488 Cuius

2295 4506 2553 4592 quidem
2589 4510 2682 4573 rei
2717 4506 3158 4584 consideratiO,
3203 4529 3568 4590 quanquam
3605 4508 3764 4572 mihi
3800 4506 4226 4590 omnibusque

2297 4614 2431 4658 non
2474 4614 2704 4676 parum
2748 4590 3029 4660 iucunda
3072 4614 3212 4658 esse
3256 4593 3477 4669 debet,
3527 4593 3692 4657 mihi
3729 4603 3947 4657 tamen
3997 4594 4225 4658 mortis

2295 4680 2489 4744 huius
2545 4678 2790 4743 luctum
2849 4698 3109 4741 omnem
3166 4680 3388 4743 statim
3444 4685 3751 4743 excutere
3808 4700 3938 4743 non
3995 4687 4220 4760 potest.

2294 4767 2393 4830 Ac
2451 4763 2598 4846 plus
2653 4783 2857 4845 aequo
2916 4765 3111 4828 etiam
3179 4763 3574 4829 inhumanus
3639 4764 3910 4828 fortasse
3974 4764 4097 4827 sim
4156 4771 4222 4826 et

2240 4851 2245 4880 ²
2292 4848 2559 4927 ἀπαθής,
2604 4851 2658 4913 si
2702 4859 2837 4913 tam
2882 4871 3105 4914 recens
3149 4849 3393 4913 malum
3447 4858 3580 4913 tam
3634 4849 3846 4914 subita
3899 4848 4220 4911 oblivione

2294 4935 2617 5017 sepeliam.
2728 4934 2918 4999 Duae
2984 4945 3197 4999 tamen
3257 4954 3485 4999 causae
3541 4936 3943 5016 potissimum
4002 4931 4220 4996 animo

2296 5111 2456 5119 w„-

2432 5226 2552 5346 623'17)
2599 5223 2772 5292 Quam
2815 5229 2988 5277 tamen
3035 5225 3281 5288 fictitiam
3313 5230 3470 5292 pum?
3519 5222 3800 5274 Bur-nctus.
3886 5219 3966 5284 Cf.
4014 5218 4220 5289 Weber,

3703 5371 3800 5422 17⁸
