4900 6167
256 427 367 489 125

251 631 361 677 uec
403 608 1623 690 eonsiliumautarmaillidefutura,
1666 613 1727 678 81
1769 611 2193 680 hminum

250 701 685 797 opusoesent.
773 694 2193 798 Quappostridiequamactssuntlitsris

252 780 1056 946 Ἥῖῃιξιοίηὲιῖιοι,
1100 878 1181 932 ιιι
1220 868 1443 934 annua*
1483 875 1710 934 nostra
1750 868 1924 934 sicut
1964 886 2193 950 passer

252 961 470 1037 erepta
508 953 598 1017 sit
636 973 679 1018 e
718 954 953 1037 laqueo
991 972 1338 1037 aucupum.
1418 952 1672 1032 (Psalm
1725 956 1899 1030 124.)
1963 954 2072 1018 Ab
2113 974 2192 1019 eo

251 1037 560 1122 colloquio
596 1039 1031 1123 interrogatos
1064 1039 1289 1104 ierunt
1318 1040 1499 1105 viros
1530 1038 1794 1105 circiter
1827 1036 2188 1105 duodecim.

252 1123 378 1192 Sed
445 1145 490 1189 a
546 1144 674 1207 quo
738 1124 1132 1203 examinati,
1199 1132 1319 1189 aut
1382 1125 1490 1207 qui
1555 1132 1624 1189 et
1685 1123 1863 1190 unde
1925 1124 2188 1202 fuerint,

252 1210 484 1294 quidve
714 1210 1087 1276 testimonio
1138 1208 1457 1288 dixerint,
1518 1207 1813 1276 nondum
1867 1210 2190 1275 extricare

252 1299 440 1380 potui.
702 1306 1270 1398 tamen—rumores
1314 1296 1642 1396 cuminas
1683 1295 1837 1361 illae
1879 1315 2188 1398 suppres-

252 1383 1037 1532 rm·¹¹¹³*1..3..‘³⁰fz.t‚2
1088 1381 2189 1550 aafflmssfflffla

256 1554 324 1618 ab
378 1552 512 1617 illis
555 1554 837 1619 atrocius
881 1554 1262 1618 nunciatum
1307 1552 1522 1618 fuerit.
1609 1552 1974 1620 Ecclesiam
2036 1572 2186 1618 nos·
2286 1552 2345 1620 C

250 1647 411 1703 tram
478 1637 796 1704 adversus
873 1639 1289 1703 imminentes
1380 1637 1700 1722 procellas
1775 1640 2186 1704 confirmavi-

250 1744 403 1789 mus.
494 1722 684 1805 Quae
722 1723 889 1789 mihi
932 1722 1100 1790 bono
1141 1725 1363 1790 auimo
1413 1743 1554 1791 esse
1597 1723 1890 1802 videtur,
1946 1723 2187 1789 multo·

252 1829 369 1892 que
408 1809 623 1894 magis
664 1809 1002 1877 intellecta
1042 1808 1382 1876 literarum
1426 1821 1691 1876 tuarum
1724 1808 2184 1875 consolatione.

254 1895 511 1961 Utinam
552 1906 897 1962 conservet
938 1915 1084 1961 eam
1127 1895 1455 1961 Dominus
1496 1897 1569 1960 in
1610 1902 2020 1979 perpetuum.

410 1981 664 2046 Verum
722 1981 805 2046 de
858 1981 963 2047 his
1019 1980 1169 2066 plus
1208 1982 1387 2047 satis.
1475 1981 1705 2069 Nuper
1756 2000 1959 2065 quum
2013 1979 2187 2066 apud

254 2063 571 2132 Santones
624 2085 835 2132 essem
889 2068 1164 2134 conveni
1218 2067 1547 2151 quendam
1608 2068 1879 2133 fiatrem
1920 2068 2188 2132 nomine

258 2150 652 2232 Phaberms,
697 2153 933 2236 patria,
976 2154 1047 2218 ni
1077 2152 1287 2230 fallor,
1330 2153 1799 2232 'Dm-oneum,
1844 2154 1958 2236 qui
2003 2153 2187 2219 brevi

255 2237 326 2304 ad
368 2237 761 2324 Allobroges
802 2236 1138 2305 rediturus
1178 2237 1530 2328 dicebatur.
1620 2238 1691 2303 Is
1746 2257 1950 2322 quum
1993 2237 2185 2304 intel-

253 2325 509 2390 lexisset
556 2344 665 2389 me
707 2344 858 2391 eum
915 2345 1061 2391 esse
1100 2343 1375 2409 quocum
1420 2343 1660 2390 coenae
1703 2333 2185 2390 sammentum

254 2409 413 2476 hand
448 2411 543 2474 ita
561 2408 816 2494 pridem
861 2411 1233 2494 accepisses,
1278 2409 1704 2476 vehementer
1744 2409 1988 2475 factum
2030 2429 2184 2475 nos-

250 2505 413 2562 trum
480 2494 905 2579 improbavit,
963 2517 1086 2563 nec
1142 2493 1376 2586 adduci
1434 2497 1723 2578 potuisse
1800 2493 2054 2562 dicebat
2108 2503 2185 2562 ιιι

254 2580 530 2650 mederet
568 2590 638 2647 te
681 2583 848 2647 tanti
884 2582 1207 2667 sacrilegii
1240 2582 1625 2666 participem
1660 2582 2013 2661 exstitisse,
2055 2581 2186 2647 nisi

256 2687 291 2732 a
337 2673 399 2733 ts
460 2669 606 2752 ipso
666 2687 804 2733 rem
857 2667 1144 2733 auditam
1214 2666 1568 2733 habuisset.
1667 2666 1972 2753 Negabat
2028 2666 2183 2734 alibi

252 2773 474 2820 coenae
516 2751 788 2818 Domini
848 2754 1064 2819 locum
1126 2771 1271 2817 eme
1327 2772 1521 2836 quam
1574 2751 1689 2819 ubi
1732 2763 1994 2818 sonaret
2033 2773 2183 2819 ver-

256 2840 393 2904 bum
450 2837 716 2904 Domini
783 2846 851 2903 et
916 2838 1228 2905 ecclesiae
1296 2836 1637 2922 disciplina
1706 2839 1988 2922 vigeret,
2054 2857 2185 2923 qua

252 2923 555 2990 idolorum
598 2923 884 2991 cultores
900 2976 916 3004 ,
973 2944 1104 3007 qua
1142 2923 1480 2999 haeretici,
1542 2944 1672 3008 qua
1714 2924 1956 2991 caeteri
1995 2923 2185 3007 flagi·

254 3011 389 3076 tiosi
432 3008 718 3094 exempli
760 3009 1060 3076 homines
1102 3030 1144 3075 a
1180 3019 1367 3076 coetu
1411 3011 1667 3093 piorum
1708 3009 2181 3076 abdicarentur.

259 3093 532 3162 Verbum
575 3107 796 3162 autem
839 3116 880 3160 a
913 3095 1103 3162 nobis
1145 3094 1464 3170 exsulare,
1508 3095 1774 3162 nefariis
1816 3095 2185 3161 hominibus

259 3182 458 3246 omnia
499 3179 897 3258 redundare,
954 3181 1208 3247 nullam
1263 3180 1542 3263 denique
1590 3180 1764 3266 apud
1820 3202 1938 3248 nos
1980 3180 2184 3248 eccle-

260 3267 401 3331 siam
442 3283 585 3333 esse
627 3265 1072 3334 contendebat.
1160 3268 1308 3351 Ego
1350 3275 1580 3334 contra
1621 3275 1690 3334 et
1727 3266 2002 3333 verbum
2045 3263 2184 3333 Do-

258 3354 404 3418 mini
446 3361 513 3419 et
553 3353 894 3420 ecclesiam
950 3354 1108 3419 satis
1162 3371 1575 3419 numerosam
1620 3354 1794 3418 inter
1835 3373 1955 3418 nos
1998 3352 2185 3419 habi-

261 3447 385 3504 tare
437 3439 681 3505 tuebar.
768 3439 997 3523 Neque
1050 3440 1229 3505 enim
1284 3438 1475 3503 aliter
1530 3449 1644 3504 aut
1700 3440 2016 3505 sentimus
2073 3444 2187 3502 aut

262 3521 544 3591 docemus
564 3544 760 3608 quam
804 3525 1114 3591 ecclesiae
1134 3524 1262 3590 Dei
1299 3544 1463 3607 quae
1506 3543 1548 3588 a
1579 3525 1934 3609 tyrannide
1967 3524 2182 3608 ponti-

264 3611 392 3676 ficia
431 3631 571 3676 sese
614 3610 1049 3677 vindicarunt.
1138 3609 1333 3692 Quod
1389 3617 1608 3676 autem
1661 3630 1700 3675 a
1741 3610 1985 3676 nostris
2028 3628 2183 3675 con-

260 3697 545 3763 ventibus
608 3698 796 3781 impii
857 3716 993 3761 uon
1056 3705 1512 3773 secernantur,
1578 3709 1609 3759 t
1778 3696 1930 3761 uide
1986 3696 2183 3761 Anti-

264 3780 468 3848 christi
513 3784 682 3861 fieri,
730 3804 861 3849 non
906 3781 1243 3849 voluntate
1285 3789 1526 3847 nostra.
1679 3784 1820 3847 ovit
1861 3781 2183 3847 Dominus

260 3883 437 3948 quam
499 3870 582 3935 ab
632 3869 762 3935 illis
818 3868 1304 3934 abhorreamus.
1408 3866 1859 3951 Expurganda
1920 3866 2182 3951 quidem

264 3954 511 4020 eeclesia
563 3963 694 4033 est,
761 3955 997 4020 fateor:
1063 3953 1181 4020 sed
1236 3962 1313 4018 ut
1370 3952 1436 4017 id
1492 3973 1830 4036 assequar,
1889 3972 2016 4035 quo
2076 3971 2183 4016 me

258 4034 540 4105 vertam?
596 4060 680 4104 an
725 4037 807 4104 ad
852 4041 1189 4123 episcopos
1231 4039 1647 4104 Antichristo
1691 4036 2004 4103 devotos?
2093 4039 2185 4102 At

262 4122 346 4187 illi
403 4124 1094 4192 excommunicationis
1159 4124 1286 4191 telo
1360 4143 1583 4190 veram
1651 4123 1777 4189 Dei
1847 4122 2183 4189 ecclesiam

262 4220 667 4277 exarmarunt
707 4218 775 4276 et
817 4209 941 4274 sibi
986 4210 1138 4275 solis
1182 4229 1329 4274 arro
1498 4220 1588 4273 nt.
1668 4211 1772 4274 An
1817 4208 1899 4273 ad
1941 4209 2183 4291 magis·

261 4296 496 4362 tratus'?
600 4299 694 4362 At
748 4295 847 4361 illi
911 4295 1391 4378 superstitionis
1449 4305 1517 4359 et
1578 4294 1986 4360 idololatriae
2050 4314 2184 4359 non

260 4384 499 4462 patroni
542 4390 805 4447 tantum
863 4381 977 4446 sed
1031 4380 1230 4445 etiam
1275 4382 1529 4446 cruenti
1582 4378 1876 4447 vindices
1920 4388 1985 4446 et
2026 4389 2186 4445 sunt

261 4473 319 4529 et
362 4468 565 4533 videri
614 4468 864 4533 volunt.
967 4464 1043 4531 Si
1101 4466 1211 4548 qui
1265 4466 1339 4530 in
1392 4465 1494 4532 his
1560 4467 1666 4550 pie
1723 4465 1804 4531 de
1869 4465 1989 4531 reli
2040 4467 2184 4529 ‘one

261 4553 533 4619 sentiunt
572 4553 899 4619 atrocibus
942 4551 1172 4618 edictis
1215 4559 1283 4614 et
1336 4553 1704 4635 principum
1745 4561 1925 4617 metu
2013 4559 2184 4616 eter-

256 4649 483 4704 rentur.
579 4641 686 4704 An
731 4639 873 4722 ipse
913 4658 1031 4722 pro
1073 4657 1219 4702 meo
1260 4639 1400 4702 iure
1443 4637 1809 4722 expellam?
1899 4640 1993 4703 At
2033 4658 2185 4720 quo-

262 4724 419 4789 niam
465 4725 866 4792 sacrificulus
921 4745 1050 4790 non
1111 4743 1258 4789 sum
1290 4723 1510 4800 ,velim
1554 4723 1757 4788 nolim
1800 4724 2184 4806 irrumpent,

263 4810 376 4874 nisi
425 4811 794 4894 pharisaica
856 4807 1521 4876 excommunicatione
1578 4808 2183 4892 interpellabuntur.

264 4891 419 4974 Quid
463 4899 716 4962 interea
753 4897 993 4979 populo
1038 4896 1280 4961 misero
1323 4892 1484 4958 flet?
1548 4895 1909 4972 Abstineat,
1954 4894 2184 4976 inquit,

267 4993 668 5060 sacramento,
710 4980 923 5064 quoad
965 4980 1235 5047 ecclesia
1255 4979 1507 5046 Christi
1550 4978 1952 5064 benignitate
1995 4999 2185 5046 suum

271 5064 357 5128 ius
413 5076 600 5149 atque
668 5066 1048 5150 dignitatem
1112 5064 1417 5131 obtineat.
1507 5063 1680 5128 Nam
1736 5066 1793 5130 si
1845 5066 2186 5150 vulgarem

275 5166 402 5213 cum
440 5153 519 5216 iis
562 5152 776 5220 cibum
813 5171 1042 5236 capere
1086 5172 1219 5217 non
1250 5152 1423 5230 licet,
1470 5149 1582 5232 qui
1613 5170 1814 5232 quum
1850 5172 1920 5218 se
1954 5153 2188 5216 fratres

278 5253 399 5300 esse
439 5238 652 5303 ferant
693 5240 783 5320 (1.
824 5235 970 5303 Cor.
1019 5236 1084 5317 5)
1132 5246 1245 5303 aut
1299 5236 1673 5304 scortationi
1716 5244 1831 5301 aut
1873 5237 2188 5303 avaritiae

280 5329 377 5383 aut
407 5323 763 5391 simulacris
807 5323 1124 5402 serviunt,
1168 5331 1412 5406 quanto
1446 5321 1666 5387 minus
1708 5329 2188 5389 sacrosanctum

2042 427 2200 489 1551
2249 423 2448 518 m.

2226 2051 2233 2112 μμ

4116 433 4235 497 126

2291 610 2544 679 Christi
2600 611 3132 678 sacramentum?
3217 611 3363 696 Ego
3421 633 3581 678 vero
3645 614 3947 683 existimo
4010 635 4236 701 parem

2291 715 2427 763 non
2481 715 2626 764 esse
2679 696 3013 762 rationem.
3100 695 3234 763 Hic
3294 698 3693 782 praecipitur
3749 708 3826 766 ut
3881 701 4026 768 eius
4080 721 4236 769 con·

2289 782 2470 848 victu
2509 802 2620 847 me
2661 779 3025 849 abstineam
3088 782 3280 849 cuius
3332 783 3719 869 contagione
3773 785 3855 852 ad
3897 797 4237 871 peccatum

2290 867 2464 933 allici
2499 885 2775 952 possem,
2820 875 2963 933 tum
2997 875 3075 932 ut
3105 867 3218 932 ille
3253 867 3501 951 pudore
3534 890 3677 936 sese
3710 870 3996 956 colligat,
4031 889 4234 958 quum

2291 953 2536 1020 viderit
2576 973 2717 1020 sese
2772 954 3109 1020 desertum
3161 952 3244 1018 ab
3298 955 3598 1021 omnibus
3639 956 3771 1039 piis
3813 959 3917 1023 sui
3971 958 4233 1026 sceleris

2292 1038 2525 1123 gratia.
2602 1038 2761 1117 Nec,
2807 1057 3008 1121 quum
3044 1038 3126 1105 ab
3159 1039 3479 1106 eiunnodi
3521 1059 3628 1107 me
3662 1061 4018 1124 secrevero,
4063 1045 4234 1129 peri-

2288 1123 2514 1191 culum
2569 1132 2672 1191 est
2733 1130 2811 1190 ut
2871 1123 3061 1189 donis
3104 1124 3376 1191 Domini
3433 1127 3561 1192 frui
3618 1145 3770 1192 non·
3803 1131 4063 1211 possim.
4149 1130 4236 1195 In

2290 1231 2497 1278 coena
2537 1230 2696 1277 vero
2710 1261 2726 1288 ,
2770 1228 2935 1293 quae
2976 1209 3234 1294 publice
3273 1211 3546 1277 offertur
3559 1261 3575 1292 ,
3630 1214 3946 1296 quomodo
3987 1215 4070 1282 ab
4111 1216 4235 1281 im-

2288 1296 2419 1447 ffi⁸
2445 1296 2998 1447 ζὲὲἒὲᾚιῖὲ
3031 1293 3645 1449 ἓὲἒωὲἶὲῗἛὲῃῖξὲ
3661 1298 3882 1469 Ἒὲῗι
3912 1299 4236 1453 ζώᾦᾚ

2288 1467 2476 1569 nobis
2517 1466 2712 1567 offert
2751 1487 2871 1550 per
2901 1486 3143 1551 purum
3179 1467 3485 1535 ecclesiae
3526 1436 3984 1569 ministerium,
4021 1470 4233 1571 orbari

2289 1657 2425 1704 non
2469 1552 3354 1722 debffioeflfflssussssffm
3361 1554 3845 1726 liffipffzeu?
3868 1563 4236 1708 nanffoffi

2288 1744 2423 1790 non
2492 1733 2851 1790 assentitur
2912 1721 3030 1791 sed
3089 1725 3478 1808 gravissime
3539 1728 3737 1793 etiam
3802 1727 4232 1794 abominatur.

2288 1810 2606 1894 Denique,
2650 1809 2708 1876 si
2747 1808 2903 1892 quid
2935 1817 3276 1894 peccatum
3309 1819 3425 1889 est,
3468 1831 3618 1879 mea
3651 1811 3763 1896 qui
3796 1814 4234 1881 min'mterium

2288 1896 2594 1982 gerebam
2638 1894 2828 1979 culpa
2868 1895 3021 1975 fuit,
3065 1896 3176 1980 qui
3220 1897 3566 1981 repudiare
3609 1898 3960 1966 sceleratos
4005 1900 4085 1966 ab
4127 1919 4232 1966 ec-

2289 1979 2487 2049 clesia
2541 1979 2895 2048 debueram
2910 2033 2927 2061 ,
2994 2001 3127 2047 non
3181 2001 3407 2048 eorum
3472 1985 3584 2067 qui
3648 1983 3955 2070 religioso
4013 1985 4229 2051 animo

2287 2075 2771 2134 sacramentum
2814 2086 2856 2131 a
2897 2065 3083 2133 nobis
3125 2079 3530 2152 acceperunt.
3605 2068 3745 2136 Nec
3789 2090 3947 2135 vero
3983 2071 4233 2137 infitior

2288 2152 2483 2219 aliter
2524 2152 2631 2219 edi
2673 2171 2908 2235 corpus
2953 2151 3201 2219 Christi
3241 2174 3428 2237 posse
3471 2174 3665 2238 quam
3708 2175 3830 2239 per
3862 2175 4231 2222 sacramen-

2288 2246 2433 2305 tum
2477 2238 2662 2321 (nam
2704 2237 2818 2321 qui
2860 2238 3066 2304 credit
3107 2237 3454 2324 vescitur),
3510 2238 3624 2306 sed
3675 2261 3876 2324 quum
3922 2260 3961 2306 0
4004 2251 4229 2324 portu-

2288 2325 2566 2390 nitatem
2603 2323 2784 2389 nacti
2825 2324 3103 2402 erimus,
3168 2344 3286 2389 cur
3324 2333 3587 2390 tantum
3628 2335 3695 2391 et
3736 2332 3874 2391 tam
3917 2326 3942 2391 i
3987 2345 4227 2391 oneum

2288 2408 2562 2476 alendae
2620 2407 3230 2493 confirmandaeque
3297 2409 3450 2475 fidei
3518 2419 3778 2477 nostrae
3841 2411 4228 2478 beneficium

2287 2515 2744 2579 respueremus
2765 2494 2797 2557 ἲ
2860 2494 2966 2560 Ad
3011 2495 3171 2561 haec
3213 2495 3498 2582 negabat
3543 2494 3899 2562 Philhertus
3937 2496 4082 2562 fieri
4116 2495 4230 2562 de-

2286 2581 2442 2647 bere
2477 2588 2556 2646 ut
2586 2581 2658 2646 in
2694 2578 2965 2647 aedibus
2997 2580 3272 2664 privatis
3308 2590 3497 2648 coetu
3531 2580 3936 2665 aliquantulo
3971 2582 4231 2666 piorum

2291 2673 2686 2751 congregato
2728 2674 3211 2732 sacramentnm
3254 2685 3493 2733 coenae
3534 2665 3999 2747 celebraretur,
4062 2667 4234 2751 quod

2287 2750 2882 2852 animadversiones
2937 2751 3008 2817 in
3071 2751 3418 2818 sceleratos
3477 2773 3604 2851 nec
3663 2775 3703 2819 a
3768 2752 3975 2854 nobis.
4014 2775 4133 2820 nec
4194 2774 4234 2820 8

2285 2835 4233 3007 ffifflbsszsflssssffimitamir-mk?

2287 3010 2417 3074 turi
2498 3006 2832 3074 nobiscum
2897 3016 3147 3087 essent,
3212 3028 3429 3074 assere
3474 3029 3598 3072 am.
3708 3006 3844 3075 Sed
3908 3008 4232 3089 redibunt,

2285 3094 2520 3178 inquit,
2568 3092 2650 3159 ad
2693 3093 3078 3178 papismum.
3175 3091 3361 3159 Uxor
3402 3094 3461 3159 si
3505 3092 3801 3160 ducenda
3844 3096 3987 3172 erit,
4032 3095 4231 3161 sacri-

2286 3180 2457 3266 legio
2522 3179 2759 3246 missae
2821 3179 3219 3245 intererunt:
3302 3180 3358 3243 si
3424 3180 3563 3244 nati
3626 3177 3813 3246 liberi
3832 3231 3850 3260 ‚
3912 3179 4232 3263 baptismo

2286 3265 2587 3351 tingendi
2641 3264 2997 3330 offerentur
3050 3264 3362 3348 papistico
3414 3265 3562 3331 ritu.
3652 3264 3821 3330 Mihi
3879 3286 4034 3331 vero
4077 3262 4235 3349 quid

2289 3353 2587 3506 &⁹¹⁸3anss
2616 3348 3200 3517 W‘Qrssoafwffio
3221 3350 3502 3502 ⁸2²1:ssssssss
3544 3359 3678 3502 ⁶⁸3..
3696 3352 4234 3521 iiegfflrssoiffiss

2287 3523 2448 3590 istos
2490 3522 2685 3603 soleo,
2732 3530 2808 3587 ut
2847 3541 3042 3587 omne
3085 3542 3292 3606 genus
3334 3521 3692 3606 impietatis
3732 3522 3805 3587 in
3846 3528 4235 3606 perpetuum

2290 3630 2360 3676 se
2402 3607 2737 3673 abiurasse
2779 3607 3228 3690 profiteantur.
3316 3606 3455 3673 Iam
3500 3607 3582 3673 de
3624 3606 4130 3690 magistratibus,
4176 3606 4233 3670 si

2288 3695 2446 3761 dum
2507 3694 2603 3759 illi
2659 3693 2739 3758 ab
2800 3693 3025 3775 impiis
3076 3693 3414 3760 ecclesiam
3470 3692 3963 3757 vacuefacerent
4017 3711 4232 3757 sacra-

2284 3781 2525 3846 mentis
2583 3776 3138 3862 supersedendum
3181 3790 3323 3845 erat
3338 3830 3356 3858 ,
3412 3798 3534 3844 nae
3575 3774 3786 3842 Paulo
3830 3778 4229 3859 caeterisque

2286 3864 2594 3950 apostolis
2636 3863 2846 3930 multa
2889 3863 3149 3930 saecula
3190 3861 3627 3947 exspectanda
3668 3862 3947 3928 flierunt.

2457 3950 2641 4016 Haec
2684 3949 2766 4017 ad
2807 3958 2891 4029 te,
2935 3948 3273 4022 carissime
3316 3949 3543 4027 frater,
3586 3947 3967 4031 perscripsi,
4025 3951 4102 4013 ut
4147 3945 4227 4012 de

2288 4043 2421 4103 toto
2466 4036 2729 4137 negotio
2764 4036 2846 4101 D.
2889 4034 3143 4101 Caluini
3176 4056 3252 4100 ac
3302 4033 3500 4099 Vireti
3528 4034 3910 4116 piorumque
3944 4032 4226 4100 flatrum

2288 4129 2617 4188 sententia
2659 4122 2999 4205 explorata
3042 4119 3552 4185 consolationem
3593 4118 3923 4201 accipiam.
4013 4117 4231 4184 Nolim

2287 4207 2464 4272 enim
2506 4208 2577 4273 in
2611 4206 2913 4291 opinione
2955 4226 3159 4288 prava
3201 4203 3679 4271 consenescere.
3748 4204 4066 4270 Maiorem
4105 4203 4229 4289 igi-

2290 4304 2399 4358 tur
2440 4293 2513 4357 in
2555 4292 2819 4358 modum
2865 4313 2906 4358 a
2949 4300 3016 4356 te
3055 4301 3205 4374 peto
3250 4297 3329 4356 ut
3367 4310 3508 4355 rem
3566 4289 3731 4355 bene
3774 4290 4104 4372 cognitam
4149 4289 4231 4354 ad

2286 4399 2406 4444 nos
2448 4376 2701 4528 ἁθίξιτιε
2719 4429 2736 4457 ,
2792 4386 2907 4443 aut
2946 4376 3003 4442 si
3059 4376 3407 4442 convenire
3449 4397 3585 4441 non
3628 4373 3888 4440 dabitur
3931 4387 4230 4442 accurate

2476 4484 2535 4528 n
2581 4483 2669 4528 as.

2459 4548 2638 4615 Tuus
2688 4545 3063 4613 &willelmus
3100 4554 3168 4612 et
3209 4556 3386 4613 recte
3419 4545 3596 4613 valet
3638 4553 3705 4612 et
3747 4559 4019 4627 patrono
4063 4546 4231 4613 bono

2286 4636 2496 4702 utitur
2515 4634 2599 4699 D.
2628 4630 2863 4699 Montis
2888 4631 3218 4701 Guidonis.
3243 4633 3295 4712 ⁷)
3358 4632 3422 4699 Is
3443 4652 3574 4698 una
3617 4654 3765 4697 cum
3785 4630 3898 4697 1110
3941 4632 4229 4714 proficis-

2287 4729 2470 4788 cetur
2489 4719 2674 4785 brevi
2698 4718 2782 4784 ad
2803 4717 3020 4784 aulam
3053 4719 3365 4802 principis
3390 4717 3742 4797 Navarme,
3785 4738 3954 4801 quae
3988 4718 4233 4782 femina

2287 4826 2446 4892 erga
2487 4804 2895 4872 Christianos
2945 4825 2983 4870 0
3029 4806 3189 4871 time
3239 4804 3476 4872 affecta
3528 4825 3670 4870 esse
3709 4801 3964 4871 dicitur.
4053 4801 4229 4868 Mul-

2289 4905 2429 4958 tum
2473 4892 2608 4977 egit
2649 4909 2905 4955 mecum
2945 4889 2971 4954 i
3017 4910 3123 4957 em
3158 4888 3398 4957 Montis
3436 4889 3748 4956 Gwidonis
3789 4889 4110 4965 dominus,
4155 4896 4231 4950 ut

2288 4977 2387 5042 illi
2430 4997 2645 5043 comes
2689 4976 2946 5042 itineris
2989 4997 3229 5043 essem:
3273 4997 3413 5043 sese
3457 4984 3836 5043 curaturum
3881 4985 3955 5038 ut
3998 4976 4064 5038 in
4112 4971 4226 5039 cli-

2291 5062 2577 5129 entelam
2613 5059 2789 5126 illius
2824 5061 3137 5147 principis
3172 5068 3288 5128 aut
3322 5062 3463 5128 eius
3499 5062 3736 5140 mariti,
3774 5062 3879 5145 qui
3918 5059 3997 5124 ad
4035 5077 4229 5125 evan-

2497 5336 2555 5401 7)
2592 5334 2658 5388 de
2692 5333 3055 5403 Hammon.
