4900 6167
648 419 685 478 7
689 421 728 481 9
2151 411 2677 481 EPISTOLAE
2726 415 3146 478 1466—1468
4567 416 4648 479 80

630 604 1035 689 promotioni
1079 603 1276 670 verbi.
1364 603 1430 669 N
1431 624 1572 682 am,
1630 610 1705 669 ut
1746 602 1969 681 audio,
2023 623 2232 687 pagus
2287 601 2400 667 ille
2462 621 2593 666 non

641 689 870 774 procul
912 690 1098 756 abest
1139 689 1223 755 ab
1266 688 1681 756 amandanda
1723 688 1939 766 missa,
1985 696 2053 754 et
2095 709 2256 754 sane
2302 708 2434 752 non
2476 708 2589 769 pa-

638 796 792 875 rum
827 774 1217 842 conduceret
1249 782 1403 842 ante
1436 774 1681 859 pascha
1722 772 2165 841 sacrificulum
2197 772 2383 839 illum
2409 776 2593 839 'trac-

806 946 1082 1014 Utinam
1133 946 1402 1014 tractari
1462 946 1661 1012 etiam
1721 945 1973 1029 possint
2017 966 2133 1029 pro
2176 944 2411 1010 merito
2456 949 2593 1008 om-

642 1053 762 1098 nes
805 1033 917 1116 qui
957 1033 1241 1098 officium
1285 1032 1446 1099 satis
1480 1053 1610 1097 non
1655 1030 1910 1097 faciunt
1945 1032 2013 1096 in
2055 1030 2421 1096 ministerio
2458 1039 2593 1094 tam

640 1138 859 1195 sacro,
917 1125 994 1183 ut
1079 1117 1217 1184 lebs
1256 1139 1421 1201 quac
1478 1117 1703 1183 rudior
1747 1099 1961 1183 adhtflz
2005 1116 2218 1183 defert
2260 1115 2440 1182 hisce
2485 1135 2596 1197 pa-

639 1201 968 1270 schalibus
1031 1140 1260 1270 diebus
1340 1203 1589 1287 aliquid
1654 1213 1722 1269 et
1784 1202 2190 1286 frequentius
2269 1200 2592 1278 convenit,

636 1288 873 1355 melius
937 1287 1413 1356 aedificaretur.
1538 1288 1673 1356 Sed
1738 1290 1882 1355 fieri
1961 1290 2093 1353 iam
2159 1309 2293 1353 non
2357 1295 2587 1369 potest.

634 1373 839 1440 Faxit
881 1374 1185 1442 Christus
1240 1383 1319 1441 ut
1371 1382 1613 1460 quanto
1670 1375 1880 1442 serius
1924 1383 2110 1439 tanto
2154 1373 2480 1440 efficacius
2523 1370 2591 1435 id

634 1462 753 1527 fiat
795 1472 861 1527 et
904 1461 1135 1527 maiori
1178 1462 1426 1538 fluctu,
1488 1470 1554 1526 et
1598 1469 1672 1526 ιιι
1725 1462 2022 1526 animum
2077 1470 2147 1524 et
2197 1466 2425 1543 pectus
2470 1456 2592 1523 tibi

636 1545 821 1612 dedit
862 1546 1227 1613 studiosum
1273 1547 1518 1631 gloriae
1560 1546 1767 1631 ipsius
1811 1554 1879 1612 et
1921 1565 2151 1611 amans
2193 1542 2587 1622 aedificatio·

636 1633 762 1710 nis,
808 1633 903 1698 ita
943 1634 1163 1699 omnia
1205 1632 1578 1718 suppeditet
1617 1653 1785 1715 quae
1829 1638 1984 1697 sunt
2024 1631 2314 1697 efficacia
2357 1629 2438 1695 ad
2485 1648 2587 1694 re-

637 1717 1015 1804 purgandas
1057 1739 1097 1782 a
1142 1718 1330 1785 malis
1375 1718 1683 1786 ecclesias
1739 1727 1806 1784 et
1862 1715 2220 1783 fulciendos
2278 1715 2480 1781 bonos
2523 1725 2590 1781 et

637 1803 1169 1888 multiplicandos
1211 1805 1473 1889 passim.
1566 1802 1676 1871 Sis
1697 1855 1711 1880 ,
1765 1812 2011 1887 quanto
2056 1801 2362 1868 Christus
2403 1800 2591 1867 Mose

636 1891 847 1956 maior
902 1903 1035 1969 est,
1098 1899 1278 1956 tanto
1336 1891 1506 1956 Esra
1561 1897 1629 1955 ct
1680 1889 1954 1956 Neemia
2013 1889 2083 1952 in
2144 1885 2590 1953 instaurandis

637 1975 926 2043 ecclesiis
971 1986 1037 2041 et
1090 1974 1459 2043 reiiciendis
1515 1996 1681 2058 quae
1737 1994 1849 2040 eas
1885 1972 2200 2040 dedecent
2241 1973 2588 2056 potentior,

638 2070 715 2127 ut
755 2081 876 2145 per
916 2068 980 2127 te
1023 2083 1220 2145 quam
1267 2062 1553 2128 maxime
1595 2061 1962 2127 illustretur
2004 2059 2419 2143 evangelium
2467 2079 2590 2140 pu-

637 2148 794 2214 riori
838 2145 1133 2214 doctrina
1175 2158 1244 2213 et
1288 2149 1424 2213 vita
1466 2156 1806 2231 pastorum
1850 2154 1914 2212 et
1958 2145 2196 2211 ovium.

811 2233 1027 2298 Multa
1071 2255 1176 2299 me
1220 2244 1459 2317 cogunt
1503 2232 1959 2316 ingemiscere,
2020 2229 2136 2298 sed
2179 2232 2433 2296 interea
2477 2229 2589 2294 de-

636 2319 758 2386 beo
800 2318 1088 2384 Domino
1133 2320 1380 2404 gratias
1424 2339 1618 2402 agere
1662 2318 1832 2400 quod
1874 2318 2198 2401 benignus
2242 2337 2426 2400 spem
2472 2337 2588 2380 no·

636 2404 737 2471 bis
790 2404 972 2482 facit,
1043 2404 1174 2472 imo
1235 2403 1366 2469 iam
1438 2404 1640 2470 efficit
1698 2415 1771 2469 ut
1826 2425 1932 2469 res
1987 2402 2224 2468 melius
2283 2402 2586 2479 habeant,

680 2512 842 2557 uum
883 2490 1096 2574 cogito
1140 2510 1337 2572 quam
1381 2490 1695 2572 profuerit
1756 2490 1941 2556 nobis
1996 2486 2318 2554 adventus
2363 2486 2588 2553 fratris

763 2576 913 2654 vini,
958 2575 1066 2642 ubi
1126 2575 1305 2641 aliud
1361 2596 1492 2640 non
1546 2575 1942 2641 haberemus
1995 2594 2191 2656 quam
2236 2572 2411 2655 quod
2455 2574 2585 2638 iam

638 2662 960 2728 sentimus
1009 2671 1078 2725 et
1125 2681 1467 2744 speramus
1509 2660 1705 2744 plura
1768 2659 2033 2741 favente
2098 2658 2386 2725 Christo·
2498 2660 2590 2725 Et

637 2767 845 2831 quum
900 2745 1090 2812 video
1147 2747 1561 2812 clementiam
1607 2746 1736 2812 Dei
1791 2767 1957 2829 quae
2010 2745 2082 2810 in
2140 2752 2206 2810 te
2262 2753 2587 2828 operatur,

638 2829 797 2917 quid
836 2832 970 2896 iam
1012 2832 1316 2897 effectum
1359 2832 1448 2898 sit
1486 2834 1555 2897 in
1600 2841 1786 2897 tanta
1828 2830 2270 2917 dissipatione,
2316 2839 2384 2896 et
2424 2851 2590 2913 quae

636 2938 830 3003 spero
875 2917 1221 2996 facturum,
1258 2918 1507 3003 gratias
1550 2938 1674 3002 ago
1718 2916 2019 2984 Domino.
2109 2915 2244 2983 Sed
2288 2938 2422 2981 non
2468 2916 2589 2981 mi-

637 3026 765 3071 nus
807 3004 1091 3088 ingenue
1147 3001 1268 3068 tibi
1328 3001 1542 3070 dicam
1599 3025 1798 3087 quam
1853 3002 2266 3070 amicissimis
2323 3000 2467 3067 dico
2523 3013 2593 3067 et

637 3110 802 3174 quos
844 3095 922 3155 ut
959 3090 1251 3156 animam
1291 3088 1499 3155 habeo
1541 3109 1746 3166 caros,
1789 3110 1992 3173 quum
2037 3097 2108 3153 tu
2154 3110 2324 3153 unus
2368 3110 2453 3153 ex
2496 3088 2592 3153 eis

635 3175 762 3244 sis:
808 3175 1161 3241 miserrimi
1216 3196 1443 3241 sumus
1488 3183 1555 3240 et
1609 3173 2049 3260 indignissimi
2086 3175 2411 3250 omnium,
2471 3194 2590 3240 nec

636 3261 707 3327 hi
753 3282 979 3328 sumus
1022 3261 1133 3345 qui
1177 3261 1322 3326 iure
1366 3261 1691 3344 possimus
1749 3260 2086 3328 vilissimis
2128 3279 2430 3342 praeesse
2474 3279 2588 3343 pe-

635 3345 934 3424 cudibus,
975 3366 1180 3495 «guum
1225 3345 1393 3412 nihil
1432 3366 1472 3410 a
1511 3346 1784 3432 reliquis
1823 3345 1979 3412 filiis
2021 3344 2207 3411 Adae
2252 3344 2589 3422 distemus,

637 3431 825 3517 digni
868 3431 983 3515 qui
1030 3452 1109 3497 us
1166 3433 1388 3498 omnia
1440 3432 1679 3498 cedant
1732 3431 1806 3497 in
1843 3431 2202 3515 perniciem
2220 3482 2235 3508 ,
2292 3437 2362 3497 et
2396 3438 2592 3513 pater

637 3517 751 3585 ille
786 3515 1083 3585 coelestis
1117 3515 1733 3603 indulgentissimus
1771 3517 1977 3584 nostri
2013 3518 2334 3583 rationem
2371 3516 2586 3595 habet,

636 3626 759 3671 nos
779 3602 1042 3669 vocavit
1074 3603 1143 3667 in
1179 3602 1351 3669 filios
1394 3624 1583 3689 reges
1617 3613 1685 3670 et
1709 3602 2098 3670 sacerdotes.
2166 3601 2592 3669 Concredidit

638 3690 826 3756 nobis
858 3688 929 3755 id
961 3688 1133 3772 quod
1168 3696 1303 3754 tam
1325 3709 1550 3755 carum
1585 3688 1814 3754 habuit
1847 3699 1924 3755 ιιι
1955 3689 2099 3755 eius
2133 3691 2346 3771 gratia
2378 3688 2586 3754 filium

639 3774 1019 3866 exposuerit
1064 3775 1480 3859 unigenitum
1518 3775 1715 3841 morti
1751 3795 1947 3859 quam
1984 3773 2367 3842 dirissimae.
2421 3773 2590 3839 Vult

637 3881 762 3928 nos
804 3859 1113 3927 ecclesiae
1156 3881 1314 3927 suae
1356 3882 1499 3928 esse
1542 3870 1873 3946 pastores,
1932 3869 2000 3926 et
2056 3861 2171 3926 dat
2213 3881 2588 3926 successum

637 3954 778 4013 tam
842 3946 1184 4012 inutilibus
1248 3947 1473 4014 servis.
1585 3946 2094 4013 Prosternamus
2171 3966 2289 4011 nos
2366 3963 2588 4012 coram

635 4033 985 4100 maiestate
1026 4033 1235 4117 patris
1250 4084 1266 4111 ,
1326 4034 1585 4099 veniam
1644 4041 1948 4116 petamus
1990 4030 2163 4115 quod
2206 4044 2337 4096 tam
2384 4031 2591 4097 simus

635 4119 923 4199 inutiles,
965 4139 1310 4202 poscamus
1352 4126 1430 4184 ut
1462 4118 1650 4185 nobis
1694 4117 1884 4197 adsit,
1926 4117 2098 4202 quod
2140 4117 2215 4182 in
2254 4128 2591 4201 posterum

637 4205 930 4272 sanctius
972 4213 1041 4269 et
1078 4203 1310 4287 purius
1366 4225 1745 4289 pergamus,
1800 4213 1869 4270 et
1933 4211 2008 4269 ut
2049 4202 2265 4286 coepit
2308 4203 2590 4286 benigne

637 4291 979 4358 nobiscum
1025 4310 1220 4376 agere
1263 4297 1332 4355 et
1371 4292 1657 4357 finctum
1700 4289 1989 4374 aliquem
2021 4288 2387 4354 immeritis.
2411 4287 2588 4367 dare,

639 4397 717 4443 ac
772 4397 907 4441 non
958 4397 1203 4442 vanum
1261 4375 1475 4441 voluit
1527 4377 1816 4443 laborem
1873 4396 2047 4452 esse,
2109 4375 2206 4439 ita
2261 4382 2331 4440 et
2378 4374 2590 4441 multo

638 4463 853 4548 magis
895 4461 1220 4540 absolvat,
1280 4461 1520 4546 detque
1579 4472 1654 4528 ut
1703 4482 1827 4528 nos
1882 4482 2049 4544 opus
2090 4481 2283 4525 suum
2326 4468 2587 4526 tantum

641 4568 1073 4634 agnoscamus
1116 4556 1183 4612 et
1225 4549 1286 4613 ei
1329 4547 1550 4614 omnia
1591 4556 1857 4630 accepta
1899 4546 2205 4622 feramus,
2267 4553 2333 4609 et
2373 4545 2592 4613 nobis-

640 4655 793 4701 cum
837 4653 1067 4699 omnes
1123 4633 1242 4698 soli
1302 4633 1445 4699 Deo
1503 4632 1779 4717 gloriam
1839 4631 2000 4698 dent
2050 4639 2119 4697 et
2172 4651 2334 4715 opus
2385 4631 2593 4714 ipsius

637 4719 845 4806 probe
886 4730 954 4785 et
994 4719 1186 4802 plene
1225 4726 1613 4804 agnoscant:
1671 4731 1739 4785 et
1791 4740 1909 4784 nos
1961 4716 2151 4784 nobis
2203 4738 2371 4800 quae
2414 4717 2593 4783 dole-

639 4827 794 4872 mus
839 4805 1226 4883 tribuamus,
1273 4825 1467 4889 quam
1512 4804 1702 4870 nihili
1746 4805 1972 4882 simus,
2016 4824 2215 4887 quam
2263 4803 2435 4869 male
2477 4823 2592 4888 ap·

639 4892 837 4977 positi
879 4889 963 4957 ad
1009 4912 1087 4956 ea
1135 4911 1302 4974 quae
1355 4889 1623 4976 angelos
1679 4897 2024 4973 superant,
2081 4909 2251 4974 quae
2303 4907 2456 4956 eum
2511 4889 2596 4954 ti·

638 4999 823 5044 more
866 4986 933 5042 et
976 4977 1349 5042 reverentia
1391 4997 1650 5043 summo
1693 4974 1909 5042 studio
1953 4995 2401 5058 exsequamur.
2483 4973 2594 5060 Ig-

639 5083 839 5130 nosce
908 5083 1052 5128 meo
1119 5063 1382 5129 affectui
1448 5061 1503 5128 si
1570 5071 1787 5129 tecum
1982 5083 2047 5127 m
2102 5070 2177 5126 ut
2228 5058 2404 5144 apud
2469 5082 2592 5126 me.

640 5148 814 5214 Volo
856 5159 924 5213 et
963 5159 1136 5232 opto,
1182 5156 1258 5214 ut
1302 5147 1534 5214 melius
1569 5161 1636 5211 et
1676 5149 2003 5215 efficacius
2037 5146 2200 5214 haec
2242 5146 2468 5225 sentia,
2512 5168 2598 5212 ex

640 5241 712 5300 te
755 5243 824 5300 et
866 5236 959 5299 tui
1003 5232 1322 5300 similibus
1364 5232 1609 5299 audire.

818 5320 1082 5406 Magnis
1104 5320 1427 5404 'precibus
1482 5341 1589 5385 me
1644 5319 2009 5406 adegerunt
2058 5317 2307 5403 aliquot
2359 5318 2595 5385 fratres

2696 601 2811 684 qui
2853 601 3030 668 hunc
3088 608 3332 667 norunt
3388 609 3464 666 ut
3523 621 3669 666 eum
3733 597 3850 666 tibi
3897 600 4440 678 commendarem.
4531 603 4649 669 Li-

2699 685 2888 751 beros
2940 686 3141 753 habet
3236 694 3475 753 uatucr
3527 707 3688 771 quos
3747 686 4058 754 educaret
4111 710 4263 756 cum
4328 708 4537 755 uxore
4589 688 4648 755 si

2698 772 2989 837 modium
3031 772 3230 839 tritici
3276 772 3379 838 vel
3435 771 3771 856 aliquanto
3822 772 4043 841 minus
4086 774 4384 841 haberet:
4439 773 4648 857 pistor

2698 879 2896 941 quum
2953 856 3042 925 sit
3107 865 3178 923 et
3240 857 3462 924 omnia
3525 857 3767 925 habeat
3816 869 4078 943 parata,
4151 881 4354 944 panes
4405 860 4650 927 faceret

2698 943 2874 1009 unde
2928 941 3265 1010 commode
3309 951 3536 1027 posset
3578 945 3821 1009 vivere.
3910 943 4091 1012 Sane
4134 946 4312 1012 ultra
4349 947 4648 1013 testimo-

2698 1030 2885 1095 nium
2934 1030 3243 1107 fratrum,
3302 1039 3381 1095 ut
3430 1051 3515 1096 ex
3569 1030 3651 1096 iis
3708 1051 3875 1113 quae
3915 1029 4049 1098 iam
4090 1032 4278 1115 potui
4319 1031 4645 1117 colligere,

2697 1136 2901 1198 quum
2945 1114 3047 1181 bis
3089 1115 3197 1182 hic
3239 1115 3455 1194 fuerit,
3501 1116 3781 1199 simplex
3824 1124 3890 1182 et
3932 1116 4078 1200 pius
4122 1127 4409 1202 apparet,
4491 1118 4554 1183 N
4557 1137 4647 1183 on

2696 1220 2934 1283 quaeso
2976 1201 3250 1267 moleste
3305 1202 3479 1268 feras
3520 1202 3579 1267 si
3624 1201 3742 1267 tibi
3786 1203 4100 1269 miserum
4144 1202 4529 1270 commendo
4572 1214 4647 1270 ιιι

2696 1288 2949 1352 senatui
3066 1286 3497 1353 mmendetur.
3579 1286 3776 1368 Quod
3818 1289 3874 1355 si
3918 1287 4039 1354 tibi
4085 1310 4217 1354 non
4260 1298 4456 1355 vacat
4497 1288 4646 1356 aliis

2694 1373 3090 1456 occupatiori
3106 1424 3121 1450 ,
3179 1371 3371 1439 alteri
3424 1373 3826 1457 provinciam
3882 1372 4271 1440 demandato
4314 1383 4383 1439 et
4423 1374 4648 1440 omnia

2695 1458 2845 1524 boni
2881 1478 3119 1542 quaeso
3155 1458 3437 1525 consule.
3510 1459 3836 1525 Dominus
3879 1459 4065 1526 Iesus
4106 1470 4172 1526 te
4212 1467 4281 1525 et
4321 1468 4474 1526 tuos
4508 1481 4645 1526 ser-

2695 1557 2806 1609 vet
2857 1552 2924 1610 et
2975 1551 3090 1610 tuo
3145 1555 3369 1610 sancto
3440 1544 3801 1611 ministerio
3857 1544 4231 1623 benedicat,
4290 1566 4367 1613 ac
4423 1555 4652 1614 tecum

2692 1630 2821 1714 piis
2855 1629 3158 1696 omnibus
3185 1631 3405 1697 faveat
3441 1641 3508 1695 et
3542 1652 3910 1697 successum
3947 1631 4074 1697 det.
4134 1630 4372 1698 Saluta
4403 1653 4646 1715 quaeso

2693 1715 2877 1799 pium
2922 1715 3303 1783 musculum.
3394 1716 3706 1782 Nondum
3760 1715 4060 1783 audimus
4115 1717 4308 1784 istius
4357 1717 4651 1801 psalmos

2694 1801 3043 1880 absolutos,
3089 1823 3252 1885 quos
3295 1824 3427 1867 non
3510 1803 3652 1869 auci
3689 1811 3937 1886 optant.
3965 1802 4018 1889 ⁰)
4083 1802 4317 1870 Saluta
4360 1802 4646 1886 reliquos

2692 1887 2991 1973 collegas.
3060 1888 3250 1953 Meus
3291 1894 3359 1953 te
3402 1910 3435 1953 s
3502 1896 3662 1953 utat.
3729 1888 4040 1955 Neocomi
4079 1893 4173 1953 16.
4199 1889 4428 1955 Martii
4461 1894 4643 1954 1551.

2867 1973 3026 2038 Tuis
3070 1982 3135 2039 et
3178 1972 3436 2056 piorum
3481 1972 3782 2057 precibus
3825 1974 4014 2057 cupio
4060 1974 4377 2054 adiuvari,
4430 1983 4498 2041 et
4539 1996 4649 2041 sa-

2692 2058 2887 2124 lutari
2924 2079 3119 2143 quam
3155 2059 3626 2126 officiosissime
3662 2068 3964 2126 sanctum
4007 2068 4334 2143 pastorem
4379 2060 4650 2127 Bullin-

2688 2164 2906 2228 yerum
2948 2154 3016 2210 ct
3058 2145 3361 2230 collegas.
3449 2144 3586 2210 Det
3625 2146 3810 2212 Deus
3859 2145 3989 2211 illis
4034 2153 4102 2211 et
4142 2154 4404 2212 sanctae
4439 2146 4651 2213 eccle·

2693 2232 2826 2297 siae
2883 2231 3041 2315 ipsis
3086 2229 3494 2297 concreditae
3551 2251 3810 2297 omnem
3870 2252 4242 2299 successum
4283 2232 4356 2297 in
4400 2233 4651 2316 pietate

2692 2326 2761 2382 et
2793 2317 2970 2382 omni
3005 2315 3451 2384 benedictione
3486 2315 3772 2396 coelesti,
3816 2325 3884 2383 et
3917 2337 4028 2384 eos
4057 2326 4367 2401 perpetuo
4404 2325 4650 2386 servet.

3727 2453 4032 2519 Farellus
4077 2465 4250 2520 totus
4294 2461 4468 2520 tuus.

3571 2964 3758 3036 1467.

3222 3102 3626 3170 VIRE'I'US
3671 3102 4124 3170 FARELLO.

2867 3257 3119 3323 Narrat
3153 3257 3294 3338 fata
3335 3257 3627 3340 epistolae
3678 3259 3815 3324 eius
3846 3259 3956 3358 ‚ad
4001 3257 4336 3358 Calvinum
4383 3279 4508 3340 per
4553 3262 4659 3326 iu-

2689 3363 2900 3496 m
2932 3344 3742 3513 guagndazcngpaegaoffiamd
3768 3364 4019 3423 massae,
4064 3364 4176 3427 qut
4210 3344 4433 3428 plures
4478 3365 4659 3412 mn-

2691 3601 2803 3667 (Ex
2856 3600 3193 3670 autographo
3239 3600 3916 3725 Bibgigzcaemggstgrgm
3926 3601 4429 3738 3h)lcocom‹=nsium.
4501 3602 4653 3672 Epp.

2861 3824 3127 3890 Eximio
3171 3823 3426 3891 Christi
3490 3844 3685 3891 servo
3744 3824 4102 3892 Guilielmo
4160 3824 4416 3890 Farello
4475 3824 4658 3892 Neo-

2689 3909 3361 4062 ffbssssssffidgoeloeioe
3414 3909 3543 3977 fido
3599 3910 3846 3995 pastori
3887 3910 4076 3977 fratri
4122 3917 4191 3976 et
4229 3917 4655 3995 symmystae

2690 4203 4656 4218 ————“—--—————--

2862 4253 3041 4320 Audi
3084 4254 3212 4318 iam
3256 4253 3613 4321 iucundam
3653 4252 3994 4321 historiam
4030 4254 4112 4320 de
4146 4254 4276 4320 tuis
4309 4251 4523 4319 literis
4565 4253 4656 4320 ad

2696 4338 3029 4407 Calvinum
3074 4350 3142 4405 et
3183 4339 3265 4405 ad
3301 4338 3652 4417 Bucemm,
3708 4346 3783 4405 ut
3824 4340 4095 4423 posthac
4141 4338 4155 4353 '
4254 4339 4381 4404 otis
4424 4338 4656 4406 homi-

2693 4426 2886 4493 nibus
2950 4425 3136 4493 facile
3199 4425 3424 4490 literas
3486 4426 3873 4493 committas.
3972 4425 4146 4491 Veni
4243 4445 4455 4508 nuper
4514 4425 4657 4493 hue

2692 4511 2953 4578 iuvenis
3011 4510 3278 4596 quidam
3347 4510 3453 4576 cui
3517 4508 3792 4578 dederas
3861 4512 3944 4578 ad
4008 4509 4342 4581 calvinum
4391 4509 4654 4593 literas,

2693 4597 2932 4681 quibus
2960 4599 3126 4664 aliae
3147 4603 3340 4662 erant
3369 4595 3661 4663 inclusae
3681 4595 3765 4663 ad
3787 4597 4123 4665 Bucenmz.
4172 4597 4303 4667 His
4321 4595 4488 4663 alias
4509 4597 4656 4665 Era·

2694 4692 2797 4750 ter
2850 4690 3003 4750 tuus
3050 4681 3360 4750 Claudius
3414 4680 3755 4749 addiderat
3795 4683 4141 4751 Genevam
4198 4682 4654 4767 perferendas.

2700 4767 2949 4836 Probus
3002 4768 3265 4835 iuvenis
3333 4767 3583 4836 scilicet
3638 4771 3708 4837 se
3765 4768 3895 4835 huc
3945 4768 4222 4835 missum
4262 4768 4348 4834 ad
4388 4788 4500 4834 mc
4547 4770 4655 4836 di-

2696 4856 2886 4923 cebat
2927 4856 3044 4922 abs
3079 4863 3162 4931 te,
3206 4861 3282 4919 ιιι
3313 4875 3420 4920 me
3453 4854 3771 4922 salutaret
3803 4855 3935 4920 tuis
3979 4854 4212 4935 verbis,
4253 4863 4655 4940 rogaretque

2696 4963 2858 5007 num
2898 4939 3144 5024 aliquid
3186 4939 3494 5007 haberem
3545 4939 3721 5025 quod
3761 4939 4001 5007 vellem
4057 4941 4231 5006 mitti
4274 4938 4655 5009 Genavam.

2697 5027 2964 5094 Sciebat
3021 5047 3124 5093 me
3178 5033 3245 5092 et
3290 5027 3619 5094 Calvinum
3674 5027 3860 5093 brevi
3917 5025 4000 5090 ad
4055 5048 4172 5092 vos
4213 5025 4653 5110 profecturos.

2702 5112 2954 5180 Calvini
3010 5133 3079 5179 se
3138 5113 3413 5179 faciebat
3469 5120 3771 5197 nepotem
3790 5161 3805 5182 .
3863 5113 4046 5179 cuius
4100 5120 4369 5196 sumptu
4427 5121 4654 5183 artem

2699 5256 2912 5263 ιι*-

2903 5335 2961 5402 6)
2998 5336 3118 5391 Iuno
3152 5337 3262 5391 iam
3293 5334 3618 5405 prodierant
3651 5334 3789 5389 Bas.
3820 5332 3978 5422 1560.
