<?xml version="1.0" encoding="UTF-8"?>
<!DOCTYPE html PUBLIC "-//W3C//DTD XHTML 1.0 Transitional//EN"
    "http://www.w3.org/TR/xhtml1/DTD/xhtml1-transitional.dtd">
<html xmlns="http://www.w3.org/1999/xhtml" xml:lang="en" lang="en">
 <head>
  <title>
</title>
<meta http-equiv="Content-Type" content="text/html;charset=utf-8" />
  <meta name='ocr-system' content='tesseract 3.04.00' />
  <meta name='ocr-capabilities' content='ocr_page ocr_carea ocr_par ocr_line ocrx_word'/>
</head>
<body>
  <div class='ocr_page' id='page_1' title='image "./ioanniscalvinio03unkngoog_0130.png"; bbox 0 0 4900 6167; ppageno 0'>
   <div class='ocr_carea' id='block_1_1' title="bbox 74 441 84 1314">
    <p class='ocr_par' dir='ltr' id='par_1_1' title="bbox 74 441 84 1314">
     <span class='ocr_line' id='line_1_1' title="bbox 74 441 84 1314; baseline 0 0"><span class='ocrx_word' id='word_1_1' title='bbox 74 441 84 1314; x_wconf 95' lang='lat' dir='ltr'><strong> </strong></span> 
     </span>
    </p>
   </div>
   <div class='ocr_carea' id='block_1_2' title="bbox 714 400 4680 476">
    <p class='ocr_par' dir='ltr' id='par_1_2' title="bbox 714 400 4680 476">
     <span class='ocr_line' id='line_1_2' title="bbox 714 400 4680 476; baseline -0.004 -1"><span class='ocrx_word' id='word_1_2' title='bbox 714 411 843 476; x_wconf 80' lang='lat'><strong>235</strong></span> <span class='ocrx_word' id='word_1_3' title='bbox 2200 400 2726 469; x_wconf 71' lang='lat' dir='ltr'>EPISTOLAE</span> <span class='ocrx_word' id='word_1_4' title='bbox 2774 404 3012 468; x_wconf 81' lang='lat'>1581-</span> <span class='ocrx_word' id='word_1_5' title='bbox 3035 404 3196 466; x_wconf 79' lang='lat'>1582</span> <span class='ocrx_word' id='word_1_6' title='bbox 4571 407 4680 469; x_wconf 76' lang='lat'><strong>236</strong></span> 
     </span>
    </p>
   </div>
   <div class='ocr_carea' id='block_1_3' title="bbox 703 588 4696 4708">
    <p class='ocr_par' dir='ltr' id='par_1_3' title="bbox 710 588 4688 1447">
     <span class='ocr_line' id='line_1_3' title="bbox 714 588 4683 676; baseline -0.002 -12"><span class='ocrx_word' id='word_1_7' title='bbox 714 594 1127 664; x_wconf 78' lang='lat' dir='ltr'><strong>decrevimus</strong></span> <span class='ocrx_word' id='word_1_8' title='bbox 1170 611 1531 676; x_wconf 72' lang='lat' dir='ltr'>exponere,</span> <span class='ocrx_word' id='word_1_9' title='bbox 1588 590 1712 657; x_wconf 89' lang='lat' dir='ltr'><strong>boc</strong></span> <span class='ocrx_word' id='word_1_10' title='bbox 1756 589 2137 675; x_wconf 74' lang='lat' dir='ltr'><strong>suppliciter</strong></span> <span class='ocrx_word' id='word_1_11' title='bbox 2178 611 2515 675; x_wconf 87' lang='lat' dir='ltr'><strong>rogamus,</strong></span> <span class='ocrx_word' id='word_1_12' title='bbox 2576 611 2662 655; x_wconf 90' lang='lat' dir='ltr'><strong>ne</strong></span> <span class='ocrx_word' id='word_1_13' title='bbox 2764 590 2898 654; x_wconf 89' lang='lat' dir='ltr'><strong>sint</strong></span> <span class='ocrx_word' id='word_1_14' title='bbox 2951 590 3204 672; x_wconf 75' lang='lat' dir='ltr'><strong>aegroti</strong></span> <span class='ocrx_word' id='word_1_15' title='bbox 3257 599 3373 654; x_wconf 81' lang='lat' dir='ltr'><strong>ant</strong></span> <span class='ocrx_word' id='word_1_16' title='bbox 3428 588 3719 656; x_wconf 76' lang='lat' dir='ltr'><strong>defuncti</strong></span> <span class='ocrx_word' id='word_1_17' title='bbox 3775 610 4042 672; x_wconf 85' lang='lat' dir='ltr'><strong>prorsus</strong></span> <span class='ocrx_word' id='word_1_18' title='bbox 4097 589 4420 676; x_wconf 82' lang='lat' dir='ltr'><strong>ignorent.</strong></span> <span class='ocrx_word' id='word_1_19' title='bbox 4503 591 4683 657; x_wconf 79' lang='lat' dir='ltr'><strong>Pras-</strong></span> 
     </span>
     <span class='ocr_line' id='line_1_4' title="bbox 714 621 4684 761; baseline -0.002 -12"><span class='ocrx_word' id='word_1_20' title='bbox 714 703 759 749; x_wconf 84' lang='lat' dir='ltr'><strong>a</strong></span> <span class='ocrx_word' id='word_1_21' title='bbox 794 689 1017 748; x_wconf 84' lang='lat' dir='ltr'><strong>nostro</strong></span> <span class='ocrx_word' id='word_1_22' title='bbox 1072 679 1286 744; x_wconf 87' lang='lat' dir='ltr'><strong>officio</strong></span> <span class='ocrx_word' id='word_1_23' title='bbox 1336 677 1622 744; x_wconf 82' lang='lat' dir='ltr'><strong>alienum</strong></span> <span class='ocrx_word' id='word_1_24' title='bbox 1666 676 1999 755; x_wconf 85' lang='lat' dir='ltr'><strong>iudicetis,</strong></span> <span class='ocrx_word' id='word_1_25' title='bbox 2059 677 2116 741; x_wconf 91' lang='lat' dir='ltr'><strong>si</strong></span> <span class='ocrx_word' id='word_1_26' title='bbox 2160 698 2301 754; x_wconf 86' lang='lat' dir='ltr'><strong>vos,</strong></span> <span class='ocrx_word' id='word_1_27' title='bbox 2356 677 2662 760; x_wconf 87' lang='lat' dir='ltr'><strong>magnifi-</strong></span> <span class='ocrx_word' id='word_1_28' title='bbox 2707 621 2716 736; x_wconf 75' lang='lat' dir='ltr'><strong>l</strong></span> <span class='ocrx_word' id='word_1_29' title='bbox 2763 683 2943 740; x_wconf 84' lang='lat' dir='ltr'><strong>terea</strong></span> <span class='ocrx_word' id='word_1_30' title='bbox 2985 674 3092 741; x_wconf 89' lang='lat' dir='ltr'><strong>hic</strong></span> <span class='ocrx_word' id='word_1_31' title='bbox 3135 674 3594 758; x_wconf 88' lang='lat' dir='ltr'><strong>populusadeo</strong></span> <span class='ocrx_word' id='word_1_32' title='bbox 3627 674 3938 742; x_wconf 87' lang='lat' dir='ltr'><strong>rudisest</strong></span> <span class='ocrx_word' id='word_1_33' title='bbox 3979 674 4276 742; x_wconf 88' lang='lat' dir='ltr'><strong>coelestis</strong></span> <span class='ocrx_word' id='word_1_34' title='bbox 4317 686 4385 742; x_wconf 86' lang='lat' dir='ltr'><strong>et</strong></span> <span class='ocrx_word' id='word_1_35' title='bbox 4425 696 4684 761; x_wconf 78' lang='lat' dir='ltr'><strong>evange-</strong></span> 
     </span>
     <span class='ocr_line' id='line_1_5' title="bbox 713 759 4686 847; baseline -0.001 -13"><span class='ocrx_word' id='word_1_36' title='bbox 713 765 1073 835; x_wconf 68' lang='lat' dir='ltr'><strong>cautissimi</strong></span> <span class='ocrx_word' id='word_1_37' title='bbox 1114 764 1487 847; x_wconf 88' lang='lat' dir='ltr'><strong>Principes,</strong></span> <span class='ocrx_word' id='word_1_38' title='bbox 1546 784 1697 829; x_wconf 88' lang='lat' dir='ltr'><strong>cum</strong></span> <span class='ocrx_word' id='word_1_39' title='bbox 1753 783 2015 828; x_wconf 86' lang='lat' dir='ltr'><strong>summa</strong></span> <span class='ocrx_word' id='word_1_40' title='bbox 2055 764 2259 827; x_wconf 88' lang='lat' dir='ltr'><strong>animi</strong></span> <span class='ocrx_word' id='word_1_41' title='bbox 2302 761 2664 827; x_wconf 88' lang='lat' dir='ltr'><strong>abiectione</strong></span> <span class='ocrx_word' id='word_1_42' title='bbox 2759 760 2926 826; x_wconf 84' lang='lat' dir='ltr'><strong>licae</strong></span> <span class='ocrx_word' id='word_1_43' title='bbox 2968 759 3332 840; x_wconf 83' lang='lat' dir='ltr'><strong>doctrinae,</strong></span> <span class='ocrx_word' id='word_1_44' title='bbox 3387 771 3465 826; x_wconf 94' lang='lat' dir='ltr'><strong>ut</strong></span> <span class='ocrx_word' id='word_1_45' title='bbox 3519 762 3788 827; x_wconf 89' lang='lat' dir='ltr'><strong>omnino</strong></span> <span class='ocrx_word' id='word_1_46' title='bbox 3827 761 4188 830; x_wconf 78' lang='lat' dir='ltr'><strong>verendum</strong></span> <span class='ocrx_word' id='word_1_47' title='bbox 4231 763 4318 826; x_wconf 90' lang='lat' dir='ltr'><strong>sit</strong></span> <span class='ocrx_word' id='word_1_48' title='bbox 4374 783 4458 827; x_wconf 90' lang='lat' dir='ltr'><strong>ne</strong></span> <span class='ocrx_word' id='word_1_49' title='bbox 4510 763 4686 829; x_wconf 83' lang='lat' dir='ltr'><strong>istam</strong></span> 
     </span>
     <span class='ocr_line' id='line_1_6' title="bbox 714 845 4686 938; baseline -0.002 -19"><span class='ocrx_word' id='word_1_50' title='bbox 714 853 800 919; x_wconf 90' lang='lat' dir='ltr'><strong>de</strong></span> <span class='ocrx_word' id='word_1_51' title='bbox 861 848 1252 938; x_wconf 87' lang='lat' dir='ltr'><strong>quibusdam</strong></span> <span class='ocrx_word' id='word_1_52' title='bbox 1328 848 1984 914; x_wconf 79' lang='lat' dir='ltr'><strong>commonefaciamus</strong></span> <span class='ocrx_word' id='word_1_53' title='bbox 2050 868 2219 931; x_wconf 88' lang='lat' dir='ltr'><strong>quae</strong></span> <span class='ocrx_word' id='word_1_54' title='bbox 2286 849 2356 913; x_wconf 91' lang='lat' dir='ltr'><strong>in</strong></span> <span class='ocrx_word' id='word_1_55' title='bbox 2424 846 2664 913; x_wconf 78' lang='lat' dir='ltr'><strong>libellis</strong></span> <span class='ocrx_word' id='word_1_56' title='bbox 2762 845 3216 912; x_wconf 78' lang='lat' dir='ltr'><strong>defunctorum</strong></span> <span class='ocrx_word' id='word_1_57' title='bbox 3296 848 3635 912; x_wconf 87' lang='lat' dir='ltr'><strong>nominum</strong></span> <span class='ocrx_word' id='word_1_58' title='bbox 3715 848 4164 913; x_wconf 72' lang='lat' dir='ltr'><strong>recitationem</strong></span> <span class='ocrx_word' id='word_1_59' title='bbox 4241 849 4686 931; x_wconf 78' lang='lat' dir='ltr'><strong>interpretetur</strong></span> 
     </span>
     <span class='ocr_line' id='line_1_7' title="bbox 710 932 4685 1018; baseline -0.002 -12"><span class='ocrx_word' id='word_1_60' title='bbox 710 938 847 1006; x_wconf 88' lang='lat' dir='ltr'><strong>illis</strong></span> <span class='ocrx_word' id='word_1_61' title='bbox 888 938 1323 1004; x_wconf 86' lang='lat' dir='ltr'><strong>continentur.</strong></span> <span class='ocrx_word' id='word_1_62' title='bbox 1411 934 1587 999; x_wconf 86' lang='lat' dir='ltr'><strong>Nam</strong></span> <span class='ocrx_word' id='word_1_63' title='bbox 1630 935 1871 1017; x_wconf 82' lang='lat' dir='ltr'><strong>partim</strong></span> <span class='ocrx_word' id='word_1_64' title='bbox 1928 933 2373 1000; x_wconf 81' lang='lat' dir='ltr'><strong>dilucidiorem</strong></span> <span class='ocrx_word' id='word_1_65' title='bbox 2438 932 2664 1016; x_wconf 83' lang='lat' dir='ltr'><strong>expla-</strong></span> <span class='ocrx_word' id='word_1_66' title='bbox 2709 949 2716 994; x_wconf 84' lang='grc' dir='ltr'>ι</span> <span class='ocrx_word' id='word_1_67' title='bbox 2761 933 3124 997; x_wconf 86' lang='lat' dir='ltr'><strong>orationem</strong></span> <span class='ocrx_word' id='word_1_68' title='bbox 3165 953 3312 998; x_wconf 86' lang='lat' dir='ltr'><strong>esse</strong></span> <span class='ocrx_word' id='word_1_69' title='bbox 3351 954 3472 1017; x_wconf 90' lang='lat' dir='ltr'><strong>pro</strong></span> <span class='ocrx_word' id='word_1_70' title='bbox 3514 932 3838 999; x_wconf 80' lang='lat' dir='ltr'><strong>defunctis</strong></span> <span class='ocrx_word' id='word_1_71' title='bbox 3879 942 3946 998; x_wconf 91' lang='lat' dir='ltr'><strong>et</strong></span> <span class='ocrx_word' id='word_1_72' title='bbox 3988 933 4352 1018; x_wconf 86' lang='lat' dir='ltr'><strong>purgatorii</strong></span> <span class='ocrx_word' id='word_1_73' title='bbox 4392 932 4685 999; x_wconf 87' lang='lat' dir='ltr'><strong>reductio-</strong></span> 
     </span>
     <span class='ocr_line' id='line_1_8' title="bbox 712 1018 4687 1104; baseline -0.001 -13"><span class='ocrx_word' id='word_1_74' title='bbox 712 1025 1045 1091; x_wconf 85' lang='lat' dir='ltr'><strong>nationem</strong></span> <span class='ocrx_word' id='word_1_75' title='bbox 1092 1019 1295 1086; x_wconf 86' lang='lat' dir='ltr'><strong>nobis·</strong></span> <span class='ocrx_word' id='word_1_76' title='bbox 1322 1019 1657 1104; x_wconf 86' lang='lat' dir='ltr'><strong>requirere</strong></span> <span class='ocrx_word' id='word_1_77' title='bbox 1692 1019 2018 1097; x_wconf 81' lang='lat' dir='ltr'><strong>videntur,</strong></span> <span class='ocrx_word' id='word_1_78' title='bbox 2061 1020 2307 1103; x_wconf 84' lang='lat' dir='ltr'><strong>partim</strong></span> <span class='ocrx_word' id='word_1_79' title='bbox 2348 1018 2504 1084; x_wconf 86' lang='lat' dir='ltr'><strong>huic</strong></span> <span class='ocrx_word' id='word_1_80' title='bbox 2547 1038 2664 1083; x_wconf 86' lang='lat' dir='ltr'><strong>no-</strong></span> <span class='ocrx_word' id='word_1_81' title='bbox 2707 1027 2716 1096; x_wconf 89' lang='grc' dir='ltr'>Ι</span> <span class='ocrx_word' id='word_1_82' title='bbox 2765 1038 2954 1096; x_wconf 90' lang='lat' dir='ltr'><strong>nem,</strong></span> <span class='ocrx_word' id='word_1_83' title='bbox 3009 1027 3078 1082; x_wconf 89' lang='lat' dir='ltr'><strong>et</strong></span> <span class='ocrx_word' id='word_1_84' title='bbox 3133 1018 3290 1084; x_wconf 88' lang='lat' dir='ltr'><strong>hinc</strong></span> <span class='ocrx_word' id='word_1_85' title='bbox 3343 1029 3838 1103; x_wconf 80' lang='lat' dir='ltr'><strong>argumentetur</strong></span> <span class='ocrx_word' id='word_1_86' title='bbox 3894 1040 4014 1085; x_wconf 92' lang='lat' dir='ltr'><strong>nos</strong></span> <span class='ocrx_word' id='word_1_87' title='bbox 4070 1029 4283 1084; x_wconf 87' lang='lat' dir='ltr'><strong>totum</strong></span> <span class='ocrx_word' id='word_1_88' title='bbox 4341 1019 4687 1102; x_wconf 87' lang='lat' dir='ltr'><strong>papismum</strong></span> 
     </span>
     <span class='ocr_line' id='line_1_9' title="bbox 714 1103 4688 1191; baseline -0.001 -15"><span class='ocrx_word' id='word_1_89' title='bbox 714 1131 837 1176; x_wconf 76' lang='lat' dir='ltr'><strong>vae</strong></span> <span class='ocrx_word' id='word_1_90' title='bbox 924 1106 1257 1174; x_wconf 81' lang='lat' dir='ltr'><strong>rovinciae</strong></span> <span class='ocrx_word' id='word_1_91' title='bbox 1298 1105 1538 1191; x_wconf 90' lang='lat' dir='ltr'><strong>populo</strong></span> <span class='ocrx_word' id='word_1_92' title='bbox 1581 1126 1714 1170; x_wconf 90' lang='lat' dir='ltr'><strong>non</strong></span> <span class='ocrx_word' id='word_1_93' title='bbox 1750 1105 2104 1172; x_wconf 86' lang='lat' dir='ltr'><strong>convenire</strong></span> <span class='ocrx_word' id='word_1_94' title='bbox 2177 1125 2550 1190; x_wconf 86' lang='lat' dir='ltr'><strong>quanquam</strong></span> <span class='ocrx_word' id='word_1_95' title='bbox 2591 1105 2664 1168; x_wconf 89' lang='lat' dir='ltr'><strong>in</strong></span> <span class='ocrx_word' id='word_1_96' title='bbox 2709 1123 2716 1156; x_wconf 72' lang='grc' dir='ltr'><em>τ</em></span> <span class='ocrx_word' id='word_1_97' title='bbox 2763 1103 3112 1168; x_wconf 85' lang='lat' dir='ltr'><strong>restituere</strong></span> <span class='ocrx_word' id='word_1_98' title='bbox 3150 1103 3354 1183; x_wconf 76' lang='lat' dir='ltr'><strong>velle,</strong></span> <span class='ocrx_word' id='word_1_99' title='bbox 3398 1106 3522 1170; x_wconf 90' lang='lat' dir='ltr'><strong>etsi</strong></span> <span class='ocrx_word' id='word_1_100' title='bbox 3563 1125 3696 1169; x_wconf 92' lang='lat' dir='ltr'><strong>non</strong></span> <span class='ocrx_word' id='word_1_101' title='bbox 3739 1106 4150 1189; x_wconf 88' lang='lat' dir='ltr'><strong>ignoramus,</strong></span> <span class='ocrx_word' id='word_1_102' title='bbox 4193 1104 4688 1171; x_wconf 89' lang='lat' dir='ltr'><strong>metuendissimi</strong></span> 
     </span>
     <span class='ocr_line' id='line_1_10' title="bbox 712 1163 4688 1290; baseline -0.002 -28"><span class='ocrx_word' id='word_1_103' title='bbox 712 1195 847 1262; x_wconf 86' lang='lat' dir='ltr'><strong>illis</strong></span> <span class='ocrx_word' id='word_1_104' title='bbox 968 1213 1123 1259; x_wconf 83' lang='lat' dir='ltr'><strong>nam</strong></span> <span class='ocrx_word' id='word_1_105' title='bbox 1166 1201 1235 1257; x_wconf 90' lang='lat' dir='ltr'><strong>et</strong></span> <span class='ocrx_word' id='word_1_106' title='bbox 1277 1201 1571 1257; x_wconf 85' lang='lat' dir='ltr'><strong>sanctam</strong></span> <span class='ocrx_word' id='word_1_107' title='bbox 1606 1190 1967 1257; x_wconf 88' lang='lat' dir='ltr'><strong>doctrinam</strong></span> <span class='ocrx_word' id='word_1_108' title='bbox 2004 1192 2325 1257; x_wconf 89' lang='lat' dir='ltr'><strong>contineri</strong></span> <span class='ocrx_word' id='word_1_109' title='bbox 2368 1211 2502 1255; x_wconf 90' lang='lat' dir='ltr'><strong>non</strong></span> <span class='ocrx_word' id='word_1_110' title='bbox 2543 1189 2663 1255; x_wconf 86' lang='lat' dir='ltr'><strong>du·</strong></span> <span class='ocrx_word' id='word_1_111' title='bbox 2709 1163 2718 1290; x_wconf 55' lang='grc' dir='ltr'>ξ</span> <span class='ocrx_word' id='word_1_112' title='bbox 2761 1189 3108 1272; x_wconf 79' lang='lat' dir='ltr'><strong>Principes</strong></span> <span class='ocrx_word' id='word_1_113' title='bbox 3149 1199 3218 1254; x_wconf 89' lang='lat' dir='ltr'><strong>et</strong></span> <span class='ocrx_word' id='word_1_114' title='bbox 3252 1189 3532 1269; x_wconf 87' lang='lat' dir='ltr'><strong>Domini,</strong></span> <span class='ocrx_word' id='word_1_115' title='bbox 3575 1212 3695 1256; x_wconf 81' lang='lat' dir='ltr'><strong>vos</strong></span> <span class='ocrx_word' id='word_1_116' title='bbox 3727 1193 4054 1257; x_wconf 87' lang='lat' dir='ltr'><strong>contraria</strong></span> <span class='ocrx_word' id='word_1_117' title='bbox 4086 1193 4310 1256; x_wconf 86' lang='lat' dir='ltr'><strong>omnia</strong></span> <span class='ocrx_word' id='word_1_118' title='bbox 4341 1199 4688 1258; x_wconf 76' lang='lat' dir='ltr'><strong>constanter</strong></span> 
     </span>
     <span class='ocr_line' id='line_1_11' title="bbox 712 1274 3588 1360; baseline -0.002 -13"><span class='ocrx_word' id='word_1_119' title='bbox 712 1283 1035 1359; x_wconf 83' lang='lat' dir='ltr'><strong>bitamus,</strong></span> <span class='ocrx_word' id='word_1_120' title='bbox 1095 1277 1209 1344; x_wconf 89' lang='lat' dir='ltr'><strong>sed</strong></span> <span class='ocrx_word' id='word_1_121' title='bbox 1260 1277 1420 1343; x_wconf 89' lang='lat' dir='ltr'><strong>locis</strong></span> <span class='ocrx_word' id='word_1_122' title='bbox 1464 1277 1866 1360; x_wconf 80' lang='lat' dir='ltr'><strong>temporibus</strong></span> <span class='ocrx_word' id='word_1_123' title='bbox 1908 1279 2207 1360; x_wconf 88' lang='lat' dir='ltr'><strong>personis</strong></span> <span class='ocrx_word' id='word_1_124' title='bbox 2254 1298 2382 1341; x_wconf 90' lang='lat' dir='ltr'><strong>non</strong></span> <span class='ocrx_word' id='word_1_125' title='bbox 2427 1296 2662 1341; x_wconf 82' lang='lat' dir='ltr'><strong>conve-</strong></span> <span class='ocrx_word' id='word_1_126' title='bbox 2709 1295 2716 1332; x_wconf 75' lang='grc' dir='ltr'>ι</span> <span class='ocrx_word' id='word_1_127' title='bbox 2764 1274 3052 1341; x_wconf 80' lang='lat' dir='ltr'><strong>voluisse</strong></span> <span class='ocrx_word' id='word_1_128' title='bbox 3095 1285 3162 1340; x_wconf 91' lang='lat' dir='ltr'><strong>et</strong></span> <span class='ocrx_word' id='word_1_129' title='bbox 3203 1274 3588 1342; x_wconf 82' lang='lat' dir='ltr'><strong>decrevisse.</strong></span> 
     </span>
     <span class='ocr_line' id='line_1_12' title="bbox 710 1360 4684 1447; baseline -0.002 -13"><span class='ocrx_word' id='word_1_130' title='bbox 710 1368 875 1443; x_wconf 89' lang='lat' dir='ltr'><strong>nire,</strong></span> <span class='ocrx_word' id='word_1_131' title='bbox 919 1377 995 1431; x_wconf 89' lang='lat' dir='ltr'><strong>ut</strong></span> <span class='ocrx_word' id='word_1_132' title='bbox 1035 1383 1235 1447; x_wconf 88' lang='lat' dir='ltr'><strong>supra</strong></span> <span class='ocrx_word' id='word_1_133' title='bbox 1275 1364 1639 1446; x_wconf 84' lang='lat' dir='ltr'><strong>expositum</strong></span> <span class='ocrx_word' id='word_1_134' title='bbox 1675 1377 1795 1440; x_wconf 90' lang='lat' dir='ltr'><strong>est,</strong></span> <span class='ocrx_word' id='word_1_135' title='bbox 1840 1362 2255 1429; x_wconf 86' lang='lat' dir='ltr'><strong>arbitramur.</strong></span> <span class='ocrx_word' id='word_1_136' title='bbox 2933 1360 3276 1426; x_wconf 88' lang='lat' dir='ltr'><strong>Postremo</strong></span> <span class='ocrx_word' id='word_1_137' title='bbox 3318 1382 3522 1444; x_wconf 91' lang='lat' dir='ltr'><strong>quum</strong></span> <span class='ocrx_word' id='word_1_138' title='bbox 3563 1361 3961 1428; x_wconf 74' lang='lat' dir='ltr'><strong>catechismi</strong></span> <span class='ocrx_word' id='word_1_139' title='bbox 4006 1361 4304 1428; x_wconf 86' lang='lat' dir='ltr'><strong>doctrina</strong></span> <span class='ocrx_word' id='word_1_140' title='bbox 4342 1364 4412 1428; x_wconf 91' lang='lat' dir='ltr'><strong>in</strong></span> <span class='ocrx_word' id='word_1_141' title='bbox 4467 1383 4684 1446; x_wconf 83' lang='lat' dir='ltr'><strong>genere</strong></span> 
     </span>
    </p>

    <p class='ocr_par' dir='ltr' id='par_1_4' title="bbox 703 1431 4696 3847">
     <span class='ocr_line' id='line_1_13' title="bbox 886 1431 4689 1532; baseline -0.001 -16"><span class='ocrx_word' id='word_1_142' title='bbox 886 1452 989 1516; x_wconf 82' lang='lat' dir='ltr'><strong>Ac</strong></span> <span class='ocrx_word' id='word_1_143' title='bbox 1030 1450 1099 1515; x_wconf 92' lang='lat' dir='ltr'><strong>in</strong></span> <span class='ocrx_word' id='word_1_144' title='bbox 1142 1449 1451 1532; x_wconf 84' lang='lat' dir='ltr'><strong>baptismi</strong></span> <span class='ocrx_word' id='word_1_145' title='bbox 1491 1448 1773 1514; x_wconf 86' lang='lat' dir='ltr'><strong>formula</strong></span> <span class='ocrx_word' id='word_1_146' title='bbox 1815 1450 1971 1532; x_wconf 86' lang='lat' dir='ltr'><strong>quia</strong></span> <span class='ocrx_word' id='word_1_147' title='bbox 2005 1451 2251 1515; x_wconf 89' lang='lat' dir='ltr'><strong>mentio</strong></span> <span class='ocrx_word' id='word_1_148' title='bbox 2285 1449 2363 1513; x_wconf 90' lang='lat' dir='ltr'><strong>fit</strong></span> <span class='ocrx_word' id='word_1_149' title='bbox 2404 1446 2661 1512; x_wconf 88' lang='lat' dir='ltr'><strong>candidi</strong></span> <span class='ocrx_word' id='word_1_150' title='bbox 2708 1431 2716 1490; x_wconf 76' lang='lat'><strong>¹</strong></span> <span class='ocrx_word' id='word_1_151' title='bbox 2764 1447 2952 1511; x_wconf 90' lang='lat' dir='ltr'><strong>nobis</strong></span> <span class='ocrx_word' id='word_1_152' title='bbox 2994 1445 3298 1511; x_wconf 82' lang='lat' dir='ltr'><strong>videatur</strong></span> <span class='ocrx_word' id='word_1_153' title='bbox 3338 1446 3698 1513; x_wconf 83' lang='lat' dir='ltr'><strong>christiana</strong></span> <span class='ocrx_word' id='word_1_154' title='bbox 3739 1457 3806 1513; x_wconf 91' lang='lat' dir='ltr'><strong>et</strong></span> <span class='ocrx_word' id='word_1_155' title='bbox 3850 1469 4032 1528; x_wconf 81' lang='lat' dir='ltr'><strong>vera,</strong></span> <span class='ocrx_word' id='word_1_156' title='bbox 4087 1461 4156 1513; x_wconf 90' lang='lat' dir='ltr'><strong>et</strong></span> <span class='ocrx_word' id='word_1_157' title='bbox 4253 1447 4402 1513; x_wconf 89' lang='lat' dir='ltr'><strong>lane</strong></span> <span class='ocrx_word' id='word_1_158' title='bbox 4443 1468 4584 1513; x_wconf 87' lang='lat' dir='ltr'><strong>cum</strong></span> <span class='ocrx_word' id='word_1_159' title='bbox 4621 1470 4689 1514; x_wconf 87' lang='lat' dir='ltr'><strong>ea</strong></span> 
     </span>
     <span class='ocr_line' id='line_1_14' title="bbox 712 1530 4688 1618; baseline -0.002 -12"><span class='ocrx_word' id='word_1_160' title='bbox 712 1535 1057 1606; x_wconf 84' lang='lat' dir='ltr'><strong>cuiusdam</strong></span> <span class='ocrx_word' id='word_1_161' title='bbox 1102 1534 1492 1613; x_wconf 83' lang='lat' dir='ltr'><strong>vestimenti,</strong></span> <span class='ocrx_word' id='word_1_162' title='bbox 1537 1556 1845 1600; x_wconf 83' lang='lat' dir='ltr'><strong>veremur</strong></span> <span class='ocrx_word' id='word_1_163' title='bbox 1886 1555 1972 1600; x_wconf 90' lang='lat' dir='ltr'><strong>ne</strong></span> <span class='ocrx_word' id='word_1_164' title='bbox 2016 1535 2209 1600; x_wconf 89' lang='lat' dir='ltr'><strong>multi</strong></span> <span class='ocrx_word' id='word_1_165' title='bbox 2254 1534 2544 1599; x_wconf 88' lang='lat' dir='ltr'><strong>referant</strong></span> <span class='ocrx_word' id='word_1_166' title='bbox 2580 1532 2663 1596; x_wconf 91' lang='lat' dir='ltr'><strong>ad</strong></span> <span class='ocrx_word' id='word_1_167' title='bbox 2709 1549 2716 1618; x_wconf 62' lang='grc' dir='ltr'>ῃ</span> <span class='ocrx_word' id='word_1_168' title='bbox 2764 1553 2961 1613; x_wconf 90' lang='lat' dir='ltr'><strong>quam</strong></span> <span class='ocrx_word' id='word_1_169' title='bbox 3013 1530 3226 1599; x_wconf 88' lang='lat' dir='ltr'><strong>adhuc</strong></span> <span class='ocrx_word' id='word_1_170' title='bbox 3277 1534 3350 1598; x_wconf 88' lang='lat' dir='ltr'><strong>in</strong></span> <span class='ocrx_word' id='word_1_171' title='bbox 3408 1534 3650 1599; x_wconf 90' lang='lat' dir='ltr'><strong>nostris</strong></span> <span class='ocrx_word' id='word_1_172' title='bbox 3705 1531 4042 1599; x_wconf 84' lang='lat' dir='ltr'><strong>docuimus</strong></span> <span class='ocrx_word' id='word_1_173' title='bbox 4231 1536 4386 1598; x_wconf 87' lang='lat' dir='ltr'><strong>esiis</strong></span> <span class='ocrx_word' id='word_1_174' title='bbox 4439 1553 4688 1599; x_wconf 85' lang='lat' dir='ltr'><strong>consen-</strong></span> 
     </span>
     <span class='ocr_line' id='line_1_15' title="bbox 712 1618 4687 1703; baseline -0.001 -13"><span class='ocrx_word' id='word_1_175' title='bbox 712 1623 1029 1690; x_wconf 81' lang='lat' dir='ltr'><strong>amictum</strong></span> <span class='ocrx_word' id='word_1_176' title='bbox 1081 1620 1271 1686; x_wconf 86' lang='lat' dir='ltr'><strong>illum</strong></span> <span class='ocrx_word' id='word_1_177' title='bbox 1328 1641 1453 1702; x_wconf 86' lang='lat' dir='ltr'><strong>quo</strong></span> <span class='ocrx_word' id='word_1_178' title='bbox 1498 1621 1780 1686; x_wconf 85' lang='lat' dir='ltr'><strong>infantes</strong></span> <span class='ocrx_word' id='word_1_179' title='bbox 1836 1642 1876 1686; x_wconf 86' lang='lat' dir='ltr'><strong>a</strong></span> <span class='ocrx_word' id='word_1_180' title='bbox 1930 1621 2241 1686; x_wconf 87' lang='lat' dir='ltr'><strong>sacrificis</strong></span> <span class='ocrx_word' id='word_1_181' title='bbox 2290 1619 2662 1703; x_wconf 87' lang='lat' dir='ltr'><strong>pontificiis,</strong></span> <span class='ocrx_word' id='word_1_182' title='bbox 2709 1659 2716 1702; x_wconf 75' lang='lat'>;</span> <span class='ocrx_word' id='word_1_183' title='bbox 2766 1618 2972 1694; x_wconf 88' lang='lat' dir='ltr'><strong>tiens,</strong></span> <span class='ocrx_word' id='word_1_184' title='bbox 3038 1629 3484 1702; x_wconf 85' lang='lat' dir='ltr'><strong>quantumque</strong></span> <span class='ocrx_word' id='word_1_185' title='bbox 3548 1619 3632 1685; x_wconf 87' lang='lat' dir='ltr'><strong>ad</strong></span> <span class='ocrx_word' id='word_1_186' title='bbox 3705 1619 4102 1685; x_wconf 82' lang='lat' dir='ltr'><strong>sententiam</strong></span> <span class='ocrx_word' id='word_1_187' title='bbox 4157 1621 4394 1684; x_wconf 80' lang='lat' dir='ltr'><strong>attinet</strong></span> <span class='ocrx_word' id='word_1_188' title='bbox 4443 1620 4687 1685; x_wconf 89' lang='lat' dir='ltr'><strong>omnino</strong></span> 
     </span>
     <span class='ocr_line' id='line_1_16' title="bbox 713 1703 4687 1791; baseline -0.002 -16"><span class='ocrx_word' id='word_1_189' title='bbox 713 1709 871 1775; x_wconf 86' lang='lat' dir='ltr'><strong>dum</strong></span> <span class='ocrx_word' id='word_1_190' title='bbox 914 1707 1439 1791; x_wconf 80' lang='lat' dir='ltr'><strong>baptizarentur,</strong></span> <span class='ocrx_word' id='word_1_191' title='bbox 1484 1704 1669 1771; x_wconf 88' lang='lat' dir='ltr'><strong>indui</strong></span> <span class='ocrx_word' id='word_1_192' title='bbox 1709 1705 2031 1784; x_wconf 88' lang='lat' dir='ltr'><strong>solebant,</strong></span> <span class='ocrx_word' id='word_1_193' title='bbox 2077 1705 2494 1788; x_wconf 82' lang='lat' dir='ltr'><strong>iudicentque</strong></span> <span class='ocrx_word' id='word_1_194' title='bbox 2536 1705 2666 1768; x_wconf 88' lang='lat' dir='ltr'><strong>ista</strong></span> <span class='ocrx_word' id='word_1_195' title='bbox 2765 1703 3022 1768; x_wconf 85' lang='lat' dir='ltr'><strong>eadem:</strong></span> <span class='ocrx_word' id='word_1_196' title='bbox 3069 1715 3288 1770; x_wconf 89' lang='lat' dir='ltr'><strong>tamen</strong></span> <span class='ocrx_word' id='word_1_197' title='bbox 3332 1717 3594 1787; x_wconf 88' lang='lat' dir='ltr'><strong>praeter</strong></span> <span class='ocrx_word' id='word_1_198' title='bbox 3635 1704 4044 1770; x_wconf 91' lang='lat' dir='ltr'><strong>incommoda</strong></span> <span class='ocrx_word' id='word_1_199' title='bbox 4081 1726 4282 1789; x_wconf 86' lang='lat' dir='ltr'><strong>supra</strong></span> <span class='ocrx_word' id='word_1_200' title='bbox 4322 1726 4687 1771; x_wconf 90' lang='lat' dir='ltr'><strong>commemo-</strong></span> 
     </span>
     <span class='ocr_line' id='line_1_17' title="bbox 711 1788 4687 1892; baseline -0.002 -32"><span class='ocrx_word' id='word_1_201' title='bbox 711 1794 971 1860; x_wconf 82' lang='lat' dir='ltr'><strong>restitui</strong></span> <span class='ocrx_word' id='word_1_202' title='bbox 1015 1794 1081 1857; x_wconf 89' lang='lat' dir='ltr'><strong>in</strong></span> <span class='ocrx_word' id='word_1_203' title='bbox 1126 1793 1433 1858; x_wconf 87' lang='lat' dir='ltr'><strong>ecclesias</strong></span> <span class='ocrx_word' id='word_1_204' title='bbox 1473 1801 1751 1872; x_wconf 85' lang='lat' dir='ltr'><strong>nostras,</strong></span> <span class='ocrx_word' id='word_1_205' title='bbox 1840 1791 1969 1857; x_wconf 91' lang='lat' dir='ltr'><strong>uod</strong></span> <span class='ocrx_word' id='word_1_206' title='bbox 2029 1813 2068 1855; x_wconf 93' lang='lat' dir='ltr'><strong>a</strong></span> <span class='ocrx_word' id='word_1_207' title='bbox 2124 1793 2306 1856; x_wconf 83' lang='lat' dir='ltr'><strong>vobis</strong></span> <span class='ocrx_word' id='word_1_208' title='bbox 2362 1813 2444 1855; x_wconf 89' lang='lat' dir='ltr'><strong>ne</strong></span> <span class='ocrx_word' id='word_1_209' title='bbox 2489 1790 2665 1874; x_wconf 87' lang='lat' dir='ltr'><strong>cogi-</strong></span> <span class='ocrx_word' id='word_1_210' title='bbox 2709 1823 2716 1892; x_wconf 69' lang='lat'>¹</span> <span class='ocrx_word' id='word_1_211' title='bbox 2766 1801 2936 1867; x_wconf 87' lang='lat' dir='ltr'><strong>rata,</strong></span> <span class='ocrx_word' id='word_1_212' title='bbox 2995 1788 3231 1872; x_wconf 90' lang='lat' dir='ltr'><strong>quibus</strong></span> <span class='ocrx_word' id='word_1_213' title='bbox 3269 1791 3458 1873; x_wconf 90' lang='lat' dir='ltr'><strong>pueri</strong></span> <span class='ocrx_word' id='word_1_214' title='bbox 3498 1791 3754 1856; x_wconf 88' lang='lat' dir='ltr'><strong>scholas</strong></span> <span class='ocrx_word' id='word_1_215' title='bbox 3809 1792 4302 1875; x_wconf 81' lang='lat' dir='ltr'><strong>frequentantes</strong></span> <span class='ocrx_word' id='word_1_216' title='bbox 4344 1790 4535 1857; x_wconf 87' lang='lat' dir='ltr'><strong>alteri</strong></span> <span class='ocrx_word' id='word_1_217' title='bbox 4574 1791 4687 1855; x_wconf 89' lang='lat' dir='ltr'><strong>for·</strong></span> 
     </span>
     <span class='ocr_line' id='line_1_18' title="bbox 710 1875 4688 1961; baseline -0.001 -15"><span class='ocrx_word' id='word_1_218' title='bbox 710 1891 927 1946; x_wconf 86' lang='lat' dir='ltr'><strong>tatum</strong></span> <span class='ocrx_word' id='word_1_219' title='bbox 972 1877 1227 1961; x_wconf 89' lang='lat' dir='ltr'><strong>quidem</strong></span> <span class='ocrx_word' id='word_1_220' title='bbox 1276 1899 1418 1944; x_wconf 87' lang='lat' dir='ltr'><strong>esse</strong></span> <span class='ocrx_word' id='word_1_221' title='bbox 1458 1879 1716 1942; x_wconf 87' lang='lat' dir='ltr'><strong>scimus.</strong></span> <span class='ocrx_word' id='word_1_222' title='bbox 1866 1877 2055 1941; x_wconf 90' lang='lat' dir='ltr'><strong>einde</strong></span> <span class='ocrx_word' id='word_1_223' title='bbox 2099 1899 2181 1942; x_wconf 88' lang='lat' dir='ltr'><strong>ex</strong></span> <span class='ocrx_word' id='word_1_224' title='bbox 2226 1877 2341 1941; x_wconf 87' lang='lat' dir='ltr'><strong>illa</strong></span> <span class='ocrx_word' id='word_1_225' title='bbox 2384 1876 2668 1941; x_wconf 86' lang='lat' dir='ltr'><strong>formula</strong></span> <span class='ocrx_word' id='word_1_226' title='bbox 2711 1901 2716 1910; x_wconf 94' lang='lat'>·</span> <span class='ocrx_word' id='word_1_227' title='bbox 2765 1875 2984 1941; x_wconf 88' lang='lat' dir='ltr'><strong>mulae</strong></span> <span class='ocrx_word' id='word_1_228' title='bbox 3041 1876 3388 1942; x_wconf 86' lang='lat' dir='ltr'><strong>assuefacti</strong></span> <span class='ocrx_word' id='word_1_229' title='bbox 3456 1877 3864 1955; x_wconf 83' lang='lat' dir='ltr'><strong>afficiuntur,</strong></span> <span class='ocrx_word' id='word_1_230' title='bbox 3929 1887 4229 1961; x_wconf 87' lang='lat' dir='ltr'><strong>optamus</strong></span> <span class='ocrx_word' id='word_1_231' title='bbox 4300 1877 4688 1960; x_wconf 81' lang='lat' dir='ltr'><strong>explanatio-</strong></span> 
     </span>
     <span class='ocr_line' id='line_1_19' title="bbox 712 1961 4688 2049; baseline -0.002 -17"><span class='ocrx_word' id='word_1_232' title='bbox 712 1985 1029 2049; x_wconf 87' lang='lat' dir='ltr'><strong>apparere</strong></span> <span class='ocrx_word' id='word_1_233' title='bbox 1071 1964 1330 2030; x_wconf 83' lang='lat' dir='ltr'><strong>videtur</strong></span> <span class='ocrx_word' id='word_1_234' title='bbox 1371 1963 1810 2029; x_wconf 85' lang='lat' dir='ltr'><strong>necessarium</strong></span> <span class='ocrx_word' id='word_1_235' title='bbox 1856 1983 1999 2028; x_wconf 88' lang='lat' dir='ltr'><strong>esse</strong></span> <span class='ocrx_word' id='word_1_236' title='bbox 2046 1972 2120 2028; x_wconf 90' lang='lat' dir='ltr'><strong>ut</strong></span> <span class='ocrx_word' id='word_1_237' title='bbox 2162 1963 2465 2028; x_wconf 88' lang='lat' dir='ltr'><strong>minister</strong></span> <span class='ocrx_word' id='word_1_238' title='bbox 2508 1964 2667 2045; x_wconf 88' lang='lat' dir='ltr'><strong>bap-</strong></span> <span class='ocrx_word' id='word_1_239' title='bbox 2766 1983 2919 2026; x_wconf 92' lang='lat' dir='ltr'><strong>nem</strong></span> <span class='ocrx_word' id='word_1_240' title='bbox 2976 1962 3236 2027; x_wconf 85' lang='lat' dir='ltr'><strong>articuli</strong></span> <span class='ocrx_word' id='word_1_241' title='bbox 3280 1961 3607 2046; x_wconf 72' lang='lat' dir='ltr'><strong>symboli,</strong></span> <span class='ocrx_word' id='word_1_242' title='bbox 3663 1964 3732 2027; x_wconf 92' lang='lat' dir='ltr'><strong>in</strong></span> <span class='ocrx_word' id='word_1_243' title='bbox 3787 1983 3914 2046; x_wconf 86' lang='lat' dir='ltr'><strong>quo</strong></span> <span class='ocrx_word' id='word_1_244' title='bbox 3966 1965 4278 2046; x_wconf 89' lang='lat' dir='ltr'><strong>scriptum</strong></span> <span class='ocrx_word' id='word_1_245' title='bbox 4337 1973 4440 2029; x_wconf 85' lang='lat' dir='ltr'><strong>est</strong></span> <span class='ocrx_word' id='word_1_246' title='bbox 4477 1961 4688 2027; x_wconf 90' lang='lat' dir='ltr'><strong>Domi-</strong></span> 
     </span>
     <span class='ocr_line' id='line_1_20' title="bbox 712 2047 4690 2132; baseline -0.001 -15"><span class='ocrx_word' id='word_1_247' title='bbox 712 2054 921 2117; x_wconf 80' lang='lat' dir='ltr'><strong>tizans</strong></span> <span class='ocrx_word' id='word_1_248' title='bbox 965 2053 1037 2114; x_wconf 89' lang='lat' dir='ltr'><strong>in</strong></span> <span class='ocrx_word' id='word_1_249' title='bbox 1086 2050 1275 2115; x_wconf 90' lang='lat' dir='ltr'><strong>ulnas</strong></span> <span class='ocrx_word' id='word_1_250' title='bbox 1333 2069 1487 2114; x_wconf 88' lang='lat' dir='ltr'><strong>suas</strong></span> <span class='ocrx_word' id='word_1_251' title='bbox 1540 2049 1857 2114; x_wconf 81' lang='lat' dir='ltr'><strong>infantem</strong></span> <span class='ocrx_word' id='word_1_252' title='bbox 1904 2062 2149 2114; x_wconf 87' lang='lat' dir='ltr'><strong>sumat:</strong></span> <span class='ocrx_word' id='word_1_253' title='bbox 2208 2047 2275 2113; x_wconf 90' lang='lat' dir='ltr'><strong>id</strong></span> <span class='ocrx_word' id='word_1_254' title='bbox 2317 2050 2490 2132; x_wconf 90' lang='lat' dir='ltr'><strong>quod</strong></span> <span class='ocrx_word' id='word_1_255' title='bbox 2535 2068 2667 2112; x_wconf 90' lang='lat' dir='ltr'><strong>non</strong></span> <span class='ocrx_word' id='word_1_256' title='bbox 2711 2113 2716 2128; x_wconf 73' lang='grc'>,</span> <span class='ocrx_word' id='word_1_257' title='bbox 2766 2068 2923 2112; x_wconf 90' lang='lat' dir='ltr'><strong>num</strong></span> <span class='ocrx_word' id='word_1_258' title='bbox 2970 2056 3268 2112; x_wconf 88' lang='lat' dir='ltr'><strong>nostrum</strong></span> <span class='ocrx_word' id='word_1_259' title='bbox 3313 2048 3394 2112; x_wconf 89' lang='lat' dir='ltr'><strong>ad</strong></span> <span class='ocrx_word' id='word_1_260' title='bbox 3439 2049 3682 2113; x_wconf 88' lang='lat' dir='ltr'><strong>inferos</strong></span> <span class='ocrx_word' id='word_1_261' title='bbox 3725 2049 4165 2122; x_wconf 86' lang='lat' dir='ltr'><strong>descendisse,</strong></span> <span class='ocrx_word' id='word_1_262' title='bbox 4211 2049 4454 2114; x_wconf 89' lang='lat' dir='ltr'><strong>talibus</strong></span> <span class='ocrx_word' id='word_1_263' title='bbox 4496 2048 4690 2114; x_wconf 81' lang='lat' dir='ltr'><strong>verbis</strong></span> 
     </span>
     <span class='ocr_line' id='line_1_21' title="bbox 709 2134 4690 2219; baseline -0.002 -15"><span class='ocrx_word' id='word_1_264' title='bbox 709 2138 903 2204; x_wconf 81' lang='lat' dir='ltr'><strong>facile</strong></span> <span class='ocrx_word' id='word_1_265' title='bbox 946 2139 1059 2202; x_wconf 88' lang='lat' dir='ltr'><strong>fiet</strong></span> <span class='ocrx_word' id='word_1_266' title='bbox 1102 2135 1406 2200; x_wconf 88' lang='lat' dir='ltr'><strong>omnibus</strong></span> <span class='ocrx_word' id='word_1_267' title='bbox 1449 2135 1625 2210; x_wconf 89' lang='lat' dir='ltr'><strong>locis,</strong></span> <span class='ocrx_word' id='word_1_268' title='bbox 1671 2134 1907 2218; x_wconf 80' lang='lat' dir='ltr'><strong>hyeme</strong></span> <span class='ocrx_word' id='word_1_269' title='bbox 1951 2136 2317 2219; x_wconf 85' lang='lat' dir='ltr'><strong>praecipue,</strong></span> <span class='ocrx_word' id='word_1_270' title='bbox 2361 2144 2429 2200; x_wconf 87' lang='lat' dir='ltr'><strong>et</strong></span> <span class='ocrx_word' id='word_1_271' title='bbox 2473 2134 2541 2198; x_wconf 89' lang='lat' dir='ltr'><strong>in</strong></span> <span class='ocrx_word' id='word_1_272' title='bbox 2585 2134 2668 2198; x_wconf 88' lang='lat' dir='ltr'><strong>iis</strong></span> <span class='ocrx_word' id='word_1_273' title='bbox 2765 2145 3064 2198; x_wconf 90' lang='lat' dir='ltr'><strong>constare</strong></span> <span class='ocrx_word' id='word_1_274' title='bbox 3119 2144 3189 2198; x_wconf 89' lang='lat' dir='ltr'><strong>et</strong></span> <span class='ocrx_word' id='word_1_275' title='bbox 3251 2135 3561 2217; x_wconf 80' lang='lat' dir='ltr'><strong>exprimi,</strong></span> <span class='ocrx_word' id='word_1_276' title='bbox 3641 2144 3718 2199; x_wconf 91' lang='lat' dir='ltr'><strong>ut</strong></span> <span class='ocrx_word' id='word_1_277' title='bbox 3781 2134 4004 2201; x_wconf 90' lang='lat' dir='ltr'><strong>nullus</strong></span> <span class='ocrx_word' id='word_1_278' title='bbox 4065 2135 4248 2199; x_wconf 84' lang='lat' dir='ltr'><strong>illinc</strong></span> <span class='ocrx_word' id='word_1_279' title='bbox 4308 2135 4690 2202; x_wconf 85' lang='lat' dir='ltr'><strong>occasionem</strong></span> 
     </span>
     <span class='ocr_line' id='line_1_22' title="bbox 708 2219 4688 2306; baseline -0.001 -18"><span class='ocrx_word' id='word_1_280' title='bbox 708 2223 867 2290; x_wconf 88' lang='lat' dir='ltr'><strong>locis</strong></span> <span class='ocrx_word' id='word_1_281' title='bbox 913 2223 1022 2287; x_wconf 92' lang='lat' dir='ltr'><strong>ubi</strong></span> <span class='ocrx_word' id='word_1_282' title='bbox 1068 2223 1350 2287; x_wconf 83' lang='lat' dir='ltr'><strong>infantes</strong></span> <span class='ocrx_word' id='word_1_283' title='bbox 1408 2242 1445 2284; x_wconf 91' lang='lat' dir='ltr'><strong>e</strong></span> <span class='ocrx_word' id='word_1_284' title='bbox 1502 2221 1831 2285; x_wconf 85' lang='lat' dir='ltr'><strong>montibus</strong></span> <span class='ocrx_word' id='word_1_285' title='bbox 1873 2227 1943 2285; x_wconf 90' lang='lat' dir='ltr'><strong>et</strong></span> <span class='ocrx_word' id='word_1_286' title='bbox 1982 2221 2048 2285; x_wconf 92' lang='lat' dir='ltr'><strong>lo</strong></span> <span class='ocrx_word' id='word_1_287' title='bbox 2146 2222 2361 2304; x_wconf 86' lang='lat' dir='ltr'><strong>‘nquis</strong></span> <span class='ocrx_word' id='word_1_288' title='bbox 2402 2220 2667 2285; x_wconf 87' lang='lat' dir='ltr'><strong>familiis</strong></span> <span class='ocrx_word' id='word_1_289' title='bbox 2766 2219 3193 2285; x_wconf 85' lang='lat' dir='ltr'><strong>confirmandi</strong></span> <span class='ocrx_word' id='word_1_290' title='bbox 3237 2219 3425 2286; x_wconf 90' lang='lat' dir='ltr'><strong>limbi</strong></span> <span class='ocrx_word' id='word_1_291' title='bbox 3469 2221 3766 2303; x_wconf 87' lang='lat' dir='ltr'><strong>papistici</strong></span> <span class='ocrx_word' id='word_1_292' title='bbox 3810 2223 4100 2304; x_wconf 86' lang='lat' dir='ltr'><strong>arripere</strong></span> <span class='ocrx_word' id='word_1_293' title='bbox 4142 2221 4370 2306; x_wconf 87' lang='lat' dir='ltr'><strong>possit,</strong></span> <span class='ocrx_word' id='word_1_294' title='bbox 4415 2221 4688 2305; x_wconf 83' lang='lat' dir='ltr'><strong>quamvis</strong></span> 
     </span>
     <span class='ocr_line' id='line_1_23' title="bbox 708 2304 4392 2388; baseline -0.001 -13"><span class='ocrx_word' id='word_1_295' title='bbox 708 2308 783 2375; x_wconf 92' lang='lat' dir='ltr'><strong>in</strong></span> <span class='ocrx_word' id='word_1_296' title='bbox 826 2311 1011 2374; x_wconf 90' lang='lat' dir='ltr'><strong>cunis</strong></span> <span class='ocrx_word' id='word_1_297' title='bbox 1056 2310 1124 2371; x_wconf 91' lang='lat' dir='ltr'><strong>in</strong></span> <span class='ocrx_word' id='word_1_298' title='bbox 1170 2305 1413 2388; x_wconf 85' lang='lat' dir='ltr'><strong>templa</strong></span> <span class='ocrx_word' id='word_1_299' title='bbox 1456 2315 1817 2388; x_wconf 89' lang='lat' dir='ltr'><strong>portantur,</strong></span> <span class='ocrx_word' id='word_1_300' title='bbox 1863 2314 1933 2370; x_wconf 89' lang='lat' dir='ltr'><strong>et</strong></span> <span class='ocrx_word' id='word_1_301' title='bbox 1974 2308 2067 2372; x_wconf 91' lang='lat' dir='ltr'><strong>sic</strong></span> <span class='ocrx_word' id='word_1_302' title='bbox 2184 2304 2472 2388; x_wconf 82' lang='lat' dir='ltr'><strong>ptizandi</strong></span> <span class='ocrx_word' id='word_1_303' title='bbox 2507 2306 2665 2370; x_wconf 85' lang='lat' dir='ltr'><strong>offe-</strong></span> <span class='ocrx_word' id='word_1_304' title='bbox 2711 2375 2718 2388; x_wconf 48' lang='grc'>,</span> <span class='ocrx_word' id='word_1_305' title='bbox 2765 2304 2900 2370; x_wconf 89' lang='lat' dir='ltr'><strong>illic</strong></span> <span class='ocrx_word' id='word_1_306' title='bbox 2943 2305 3194 2370; x_wconf 86' lang='lat' dir='ltr'><strong>nullam</strong></span> <span class='ocrx_word' id='word_1_307' title='bbox 3235 2305 3422 2371; x_wconf 91' lang='lat' dir='ltr'><strong>limbi</strong></span> <span class='ocrx_word' id='word_1_308' title='bbox 3466 2308 3863 2372; x_wconf 88' lang='lat' dir='ltr'><strong>mentionem</strong></span> <span class='ocrx_word' id='word_1_309' title='bbox 3904 2308 4047 2371; x_wconf 88' lang='lat' dir='ltr'><strong>fieri</strong></span> <span class='ocrx_word' id='word_1_310' title='bbox 4086 2308 4392 2372; x_wconf 86' lang='lat' dir='ltr'><strong>sciamus.</strong></span> 
     </span>
     <span class='ocr_line' id='line_1_24' title="bbox 710 2390 4691 2475; baseline -0.001 -15"><span class='ocrx_word' id='word_1_311' title='bbox 710 2405 969 2460; x_wconf 88' lang='lat' dir='ltr'><strong>runtur.</strong></span> <span class='ocrx_word' id='word_1_312' title='bbox 1073 2390 1296 2473; x_wconf 80' lang='lat' dir='ltr'><strong>Quare</strong></span> <span class='ocrx_word' id='word_1_313' title='bbox 1366 2390 1683 2456; x_wconf 80' lang='lat' dir='ltr'><strong>vellemus</strong></span> <span class='ocrx_word' id='word_1_314' title='bbox 1749 2392 1909 2457; x_wconf 86' lang='lat' dir='ltr'><strong>satis</strong></span> <span class='ocrx_word' id='word_1_315' title='bbox 1975 2412 2121 2457; x_wconf 84' lang='lat' dir='ltr'><strong>esse</strong></span> <span class='ocrx_word' id='word_1_316' title='bbox 2178 2392 2537 2475; x_wconf 83' lang='lat' dir='ltr'><strong>baptizanti</strong></span> <span class='ocrx_word' id='word_1_317' title='bbox 2594 2413 2667 2457; x_wconf 92' lang='lat' dir='ltr'><strong>os</strong></span> <span class='ocrx_word' id='word_1_318' title='bbox 2939 2390 3123 2457; x_wconf 85' lang='lat' dir='ltr'><strong>Haec</strong></span> <span class='ocrx_word' id='word_1_319' title='bbox 3167 2404 3358 2471; x_wconf 90' lang='lat' dir='ltr'><strong>sunt,</strong></span> <span class='ocrx_word' id='word_1_320' title='bbox 3424 2392 3943 2458; x_wconf 88' lang='lat' dir='ltr'><strong>metuendissimi</strong></span> <span class='ocrx_word' id='word_1_321' title='bbox 3987 2393 4256 2457; x_wconf 90' lang='lat' dir='ltr'><strong>Domini</strong></span> <span class='ocrx_word' id='word_1_322' title='bbox 4299 2403 4368 2457; x_wconf 92' lang='lat' dir='ltr'><strong>et</strong></span> <span class='ocrx_word' id='word_1_323' title='bbox 4411 2391 4691 2458; x_wconf 87' lang='lat' dir='ltr'><strong>illustris·</strong></span> 
     </span>
     <span class='ocr_line' id='line_1_25' title="bbox 710 2476 4693 2562; baseline -0.002 -17"><span class='ocrx_word' id='word_1_324' title='bbox 710 2480 979 2546; x_wconf 80' lang='lat' dir='ltr'><strong>infantis</strong></span> <span class='ocrx_word' id='word_1_325' title='bbox 1037 2477 1318 2542; x_wconf 78' lang='lat' dir='ltr'><strong>intueri:</strong></span> <span class='ocrx_word' id='word_1_326' title='bbox 1387 2497 1587 2558; x_wconf 85' lang='lat' dir='ltr'><strong>quam</strong></span> <span class='ocrx_word' id='word_1_327' title='bbox 1640 2478 1961 2542; x_wconf 89' lang='lat' dir='ltr'><strong>rationem</strong></span> <span class='ocrx_word' id='word_1_328' title='bbox 2018 2477 2392 2562; x_wconf 88' lang='lat' dir='ltr'><strong>baptizandi</strong></span> <span class='ocrx_word' id='word_1_329' title='bbox 2449 2478 2666 2543; x_wconf 91' lang='lat' dir='ltr'><strong>adhuc</strong></span> <span class='ocrx_word' id='word_1_330' title='bbox 2767 2477 2914 2542; x_wconf 90' lang='lat' dir='ltr'><strong>simi</strong></span> <span class='ocrx_word' id='word_1_331' title='bbox 2958 2477 3337 2560; x_wconf 82' lang='lat' dir='ltr'><strong>Principes,</strong></span> <span class='ocrx_word' id='word_1_332' title='bbox 3382 2499 3550 2561; x_wconf 85' lang='lat' dir='ltr'><strong>quae</strong></span> <span class='ocrx_word' id='word_1_333' title='bbox 3593 2479 3988 2545; x_wconf 85' lang='lat' dir='ltr'><strong>conscientia</strong></span> <span class='ocrx_word' id='word_1_334' title='bbox 4028 2487 4256 2544; x_wconf 88' lang='lat' dir='ltr'><strong>nostra</strong></span> <span class='ocrx_word' id='word_1_335' title='bbox 4291 2488 4364 2542; x_wconf 88' lang='lat' dir='ltr'><strong>et</strong></span> <span class='ocrx_word' id='word_1_336' title='bbox 4407 2486 4576 2544; x_wconf 88' lang='lat' dir='ltr'><strong>recte</strong></span> <span class='ocrx_word' id='word_1_337' title='bbox 4611 2476 4693 2539; x_wconf 81' lang='lat' dir='ltr'><strong>fa·</strong></span> 
     </span>
     <span class='ocr_line' id='line_1_26' title="bbox 709 2561 4694 2646; baseline -0 -19"><span class='ocrx_word' id='word_1_338' title='bbox 709 2567 969 2646; x_wconf 82' lang='lat' dir='ltr'><strong>sequuti</strong></span> <span class='ocrx_word' id='word_1_339' title='bbox 1006 2584 1232 2629; x_wconf 87' lang='lat' dir='ltr'><strong>sumus</strong></span> <span class='ocrx_word' id='word_1_340' title='bbox 1269 2563 1411 2626; x_wconf 89' lang='lat' dir='ltr'><strong>sine</strong></span> <span class='ocrx_word' id='word_1_341' title='bbox 1446 2564 1828 2646; x_wconf 89' lang='lat' dir='ltr'><strong>cuiusquam</strong></span> <span class='ocrx_word' id='word_1_342' title='bbox 1864 2563 2240 2630; x_wconf 86' lang='lat' dir='ltr'><strong>offensione.</strong></span> <span class='ocrx_word' id='word_1_343' title='bbox 2312 2564 2666 2629; x_wconf 83' lang='lat' dir='ltr'><strong>Praeterea</strong></span> <span class='ocrx_word' id='word_1_344' title='bbox 2767 2561 2979 2628; x_wconf 91' lang='lat' dir='ltr'><strong>ciendi</strong></span> <span class='ocrx_word' id='word_1_345' title='bbox 3022 2563 3217 2627; x_wconf 84' lang='lat' dir='ltr'><strong>officii</strong></span> <span class='ocrx_word' id='word_1_346' title='bbox 3283 2562 3600 2630; x_wconf 88' lang='lat' dir='ltr'><strong>desiderio</strong></span> <span class='ocrx_word' id='word_1_347' title='bbox 3652 2567 3857 2630; x_wconf 89' lang='lat' dir='ltr'><strong>coacti</strong></span> <span class='ocrx_word' id='word_1_348' title='bbox 3915 2563 3996 2629; x_wconf 89' lang='lat' dir='ltr'><strong>ad</strong></span> <span class='ocrx_word' id='word_1_349' title='bbox 4050 2586 4171 2630; x_wconf 85' lang='lat' dir='ltr'><strong>vos</strong></span> <span class='ocrx_word' id='word_1_350' title='bbox 4210 2564 4554 2630; x_wconf 88' lang='lat' dir='ltr'><strong>scribenda</strong></span> <span class='ocrx_word' id='word_1_351' title='bbox 4591 2583 4694 2646; x_wconf 91' lang='lat' dir='ltr'><strong>pu-</strong></span> 
     </span>
     <span class='ocr_line' id='line_1_27' title="bbox 709 2647 4695 2734; baseline -0.001 -18"><span class='ocrx_word' id='word_1_352' title='bbox 709 2651 863 2734; x_wconf 85' lang='lat' dir='ltr'><strong>quia</strong></span> <span class='ocrx_word' id='word_1_353' title='bbox 905 2659 1310 2731; x_wconf 86' lang='lat' dir='ltr'><strong>susceptores</strong></span> <span class='ocrx_word' id='word_1_354' title='bbox 1355 2668 1581 2713; x_wconf 90' lang='lat' dir='ltr'><strong>eorum</strong></span> <span class='ocrx_word' id='word_1_355' title='bbox 1627 2649 1740 2732; x_wconf 91' lang='lat' dir='ltr'><strong>qui</strong></span> <span class='ocrx_word' id='word_1_356' title='bbox 1783 2648 2218 2732; x_wconf 77' lang='lat' dir='ltr'><strong>baptizantur,</strong></span> <span class='ocrx_word' id='word_1_357' title='bbox 2264 2670 2424 2732; x_wconf 88' lang='lat' dir='ltr'><strong>quos</strong></span> <span class='ocrx_word' id='word_1_358' title='bbox 2459 2649 2663 2732; x_wconf 86' lang='lat' dir='ltr'><strong>patri·</strong></span> <span class='ocrx_word' id='word_1_359' title='bbox 2711 2679 2718 2718; x_wconf 68' lang='grc' dir='ltr'>ι</span> <span class='ocrx_word' id='word_1_360' title='bbox 2768 2649 3086 2724; x_wconf 85' lang='lat' dir='ltr'><strong>tavimus,</strong></span> <span class='ocrx_word' id='word_1_361' title='bbox 3132 2649 3255 2715; x_wconf 89' lang='lat' dir='ltr'><strong>hoc</strong></span> <span class='ocrx_word' id='word_1_362' title='bbox 3298 2672 3338 2714; x_wconf 91' lang='lat' dir='ltr'><strong>a</strong></span> <span class='ocrx_word' id='word_1_363' title='bbox 3381 2650 3566 2715; x_wconf 82' lang='lat' dir='ltr'><strong>vobis</strong></span> <span class='ocrx_word' id='word_1_364' title='bbox 3611 2650 3993 2734; x_wconf 87' lang='lat' dir='ltr'><strong>suppliciter</strong></span> <span class='ocrx_word' id='word_1_365' title='bbox 4037 2659 4334 2733; x_wconf 90' lang='lat' dir='ltr'><strong>petentes</strong></span> <span class='ocrx_word' id='word_1_366' title='bbox 4381 2661 4452 2716; x_wconf 90' lang='lat' dir='ltr'><strong>ut</strong></span> <span class='ocrx_word' id='word_1_367' title='bbox 4495 2647 4695 2715; x_wconf 81' lang='lat' dir='ltr'><strong>omnia</strong></span> 
     </span>
     <span class='ocr_line' id='line_1_28' title="bbox 712 2731 4695 2824; baseline -0.001 -23"><span class='ocrx_word' id='word_1_368' title='bbox 712 2756 837 2802; x_wconf 90' lang='lat' dir='ltr'><strong>nos</strong></span> <span class='ocrx_word' id='word_1_369' title='bbox 875 2735 979 2799; x_wconf 85' lang='lat' dir='ltr'><strong>vel</strong></span> <span class='ocrx_word' id='word_1_370' title='bbox 1021 2741 1383 2817; x_wconf 84' lang='lat' dir='ltr'><strong>compatres</strong></span> <span class='ocrx_word' id='word_1_371' title='bbox 1426 2747 1663 2800; x_wconf 80' lang='lat' dir='ltr'><strong>vocant</strong></span> <span class='ocrx_word' id='word_1_372' title='bbox 1747 2735 1818 2799; x_wconf 90' lang='lat' dir='ltr'><strong>in</strong></span> <span class='ocrx_word' id='word_1_373' title='bbox 1864 2735 1989 2802; x_wconf 85' lang='lat' dir='ltr'><strong>hac</strong></span> <span class='ocrx_word' id='word_1_374' title='bbox 2031 2736 2311 2801; x_wconf 86' lang='lat' dir='ltr'><strong>formula</strong></span> <span class='ocrx_word' id='word_1_375' title='bbox 2356 2733 2668 2800; x_wconf 87' lang='lat' dir='ltr'><strong>dicuntur</strong></span> <span class='ocrx_word' id='word_1_376' title='bbox 2711 2731 2718 2824; x_wconf 55' lang='lat' dir='ltr'><strong>j</strong></span> <span class='ocrx_word' id='word_1_377' title='bbox 2767 2736 2836 2797; x_wconf 89' lang='lat' dir='ltr'><strong>in</strong></span> <span class='ocrx_word' id='word_1_378' title='bbox 2882 2734 3119 2799; x_wconf 86' lang='lat' dir='ltr'><strong>bonam</strong></span> <span class='ocrx_word' id='word_1_379' title='bbox 3163 2747 3417 2818; x_wconf 86' lang='lat' dir='ltr'><strong>partem</strong></span> <span class='ocrx_word' id='word_1_380' title='bbox 3461 2736 3826 2819; x_wconf 86' lang='lat' dir='ltr'><strong>accipiatis,</strong></span> <span class='ocrx_word' id='word_1_381' title='bbox 3875 2737 4154 2820; x_wconf 84' lang='lat' dir='ltr'><strong>huicque</strong></span> <span class='ocrx_word' id='word_1_382' title='bbox 4201 2737 4297 2801; x_wconf 91' lang='lat' dir='ltr'><strong>rei</strong></span> <span class='ocrx_word' id='word_1_383' title='bbox 4339 2757 4458 2821; x_wconf 86' lang='lat' dir='ltr'><strong>pro</strong></span> <span class='ocrx_word' id='word_1_384' title='bbox 4502 2743 4695 2800; x_wconf 79' lang='lat' dir='ltr'><strong>vestra</strong></span> 
     </span>
     <span class='ocr_line' id='line_1_29' title="bbox 709 2818 4694 2907; baseline -0.001 -22"><span class='ocrx_word' id='word_1_385' title='bbox 709 2829 928 2905; x_wconf 81' lang='lat' dir='ltr'><strong>patres</strong></span> <span class='ocrx_word' id='word_1_386' title='bbox 972 2820 1342 2901; x_wconf 84' lang='lat' dir='ltr'><strong>spirituales</strong></span> <span class='ocrx_word' id='word_1_387' title='bbox 1388 2819 1483 2894; x_wconf 91' lang='lat' dir='ltr'><strong>(id</strong></span> <span class='ocrx_word' id='word_1_388' title='bbox 1528 2819 1701 2903; x_wconf 89' lang='lat' dir='ltr'><strong>quod</strong></span> <span class='ocrx_word' id='word_1_389' title='bbox 1745 2841 1973 2886; x_wconf 85' lang='lat' dir='ltr'><strong>verum</strong></span> <span class='ocrx_word' id='word_1_390' title='bbox 2021 2835 2122 2887; x_wconf 87' lang='lat' dir='ltr'><strong>est</strong></span> <span class='ocrx_word' id='word_1_391' title='bbox 2176 2822 2231 2887; x_wconf 89' lang='lat' dir='ltr'><strong>si</strong></span> <span class='ocrx_word' id='word_1_392' title='bbox 2276 2831 2455 2887; x_wconf 89' lang='lat' dir='ltr'><strong>recte</strong></span> <span class='ocrx_word' id='word_1_393' title='bbox 2498 2822 2666 2886; x_wconf 87' lang='lat' dir='ltr'><strong>acci-</strong></span> <span class='ocrx_word' id='word_1_394' title='bbox 2712 2873 2718 2894; x_wconf 87' lang='grc'>,</span> <span class='ocrx_word' id='word_1_395' title='bbox 2765 2818 3119 2903; x_wconf 87' lang='lat' dir='ltr'><strong>prudentia</strong></span> <span class='ocrx_word' id='word_1_396' title='bbox 3153 2828 3222 2885; x_wconf 91' lang='lat' dir='ltr'><strong>et</strong></span> <span class='ocrx_word' id='word_1_397' title='bbox 3255 2823 3582 2904; x_wconf 65' lang='lat' dir='ltr'><strong>mquitate</strong></span> <span class='ocrx_word' id='word_1_398' title='bbox 3628 2822 4043 2907; x_wconf 83' lang='lat' dir='ltr'><strong>provideatis.</strong></span> <span class='ocrx_word' id='word_1_399' title='bbox 4083 2824 4400 2905; x_wconf 87' lang='lat' dir='ltr'><strong>nobisque</strong></span> <span class='ocrx_word' id='word_1_400' title='bbox 4434 2829 4694 2888; x_wconf 82' lang='lat' dir='ltr'><strong>vestram</strong></span> 
     </span>
     <span class='ocr_line' id='line_1_30' title="bbox 710 2905 4694 3004; baseline -0.001 -32"><span class='ocrx_word' id='word_1_401' title='bbox 710 2908 980 2990; x_wconf 83' lang='lat' dir='ltr'><strong>piatur),</strong></span> <span class='ocrx_word' id='word_1_402' title='bbox 1027 2927 1333 2971; x_wconf 88' lang='lat' dir='ltr'><strong>veremur</strong></span> <span class='ocrx_word' id='word_1_403' title='bbox 1376 2927 1460 2970; x_wconf 90' lang='lat' dir='ltr'><strong>ne</strong></span> <span class='ocrx_word' id='word_1_404' title='bbox 1500 2905 1686 2988; x_wconf 89' lang='lat' dir='ltr'><strong>plebs</strong></span> <span class='ocrx_word' id='word_1_405' title='bbox 1730 2906 1795 2971; x_wconf 91' lang='lat' dir='ltr'><strong>in</strong></span> <span class='ocrx_word' id='word_1_406' title='bbox 1843 2929 1960 2972; x_wconf 89' lang='lat' dir='ltr'><strong>suo</strong></span> <span class='ocrx_word' id='word_1_407' title='bbox 2005 2906 2241 2972; x_wconf 89' lang='lat' dir='ltr'><strong>stolido</strong></span> <span class='ocrx_word' id='word_1_408' title='bbox 2286 2919 2351 2971; x_wconf 89' lang='lat' dir='ltr'><strong>et</strong></span> <span class='ocrx_word' id='word_1_409' title='bbox 2394 2907 2665 2971; x_wconf 89' lang='lat' dir='ltr'><strong>misera-</strong></span> <span class='ocrx_word' id='word_1_410' title='bbox 2712 2957 2718 3004; x_wconf 68' lang='grc' dir='ltr'>Ι</span> <span class='ocrx_word' id='word_1_411' title='bbox 2768 2905 2849 2970; x_wconf 91' lang='lat' dir='ltr'><strong>de</strong></span> <span class='ocrx_word' id='word_1_412' title='bbox 2891 2905 3016 2972; x_wconf 86' lang='lat' dir='ltr'><strong>hac</strong></span> <span class='ocrx_word' id='word_1_413' title='bbox 3060 2927 3133 2970; x_wconf 90' lang='lat' dir='ltr'><strong>re</strong></span> <span class='ocrx_word' id='word_1_414' title='bbox 3177 2909 3570 2972; x_wconf 87' lang='lat' dir='ltr'><strong>sententiam</strong></span> <span class='ocrx_word' id='word_1_415' title='bbox 3615 2916 3685 2971; x_wconf 90' lang='lat' dir='ltr'><strong>et</strong></span> <span class='ocrx_word' id='word_1_416' title='bbox 3717 2908 4126 2974; x_wconf 82' lang='lat' dir='ltr'><strong>voluntatem</strong></span> <span class='ocrx_word' id='word_1_417' title='bbox 4163 2910 4538 2994; x_wconf 88' lang='lat' dir='ltr'><strong>significare</strong></span> <span class='ocrx_word' id='word_1_418' title='bbox 4571 2906 4694 2988; x_wconf 84' lang='lat' dir='ltr'><strong>dig·</strong></span> 
     </span>
     <span class='ocr_line' id='line_1_31' title="bbox 708 2990 4693 3078; baseline 0.002 -22"><span class='ocrx_word' id='word_1_419' title='bbox 708 2993 820 3058; x_wconf 89' lang='lat' dir='ltr'><strong>bili</strong></span> <span class='ocrx_word' id='word_1_420' title='bbox 883 3013 1099 3056; x_wconf 89' lang='lat' dir='ltr'><strong>errore</strong></span> <span class='ocrx_word' id='word_1_421' title='bbox 1158 2993 1613 3071; x_wconf 89' lang='lat' dir='ltr'><strong>confirmetur,</strong></span> <span class='ocrx_word' id='word_1_422' title='bbox 1670 3013 1801 3075; x_wconf 85' lang='lat' dir='ltr'><strong>quo</strong></span> <span class='ocrx_word' id='word_1_423' title='bbox 1855 2993 2055 3059; x_wconf 89' lang='lat' dir='ltr'><strong>stulte</strong></span> <span class='ocrx_word' id='word_1_424' title='bbox 2110 2992 2233 3058; x_wconf 89' lang='lat' dir='ltr'><strong>sibi</strong></span> <span class='ocrx_word' id='word_1_425' title='bbox 2298 2990 2667 3076; x_wconf 84' lang='lat' dir='ltr'><strong>persuadet,</strong></span> <span class='ocrx_word' id='word_1_426' title='bbox 2712 3025 2718 3066; x_wconf 67' lang='grc' dir='ltr'>ι</span> <span class='ocrx_word' id='word_1_427' title='bbox 2765 2991 3034 3069; x_wconf 85' lang='lat' dir='ltr'><strong>nemini,</strong></span> <span class='ocrx_word' id='word_1_428' title='bbox 3079 2993 3186 3057; x_wconf 92' lang='lat' dir='ltr'><strong>cui</strong></span> <span class='ocrx_word' id='word_1_429' title='bbox 3223 2993 3318 3058; x_wconf 89' lang='lat' dir='ltr'><strong>sic</strong></span> <span class='ocrx_word' id='word_1_430' title='bbox 3351 2994 3423 3058; x_wconf 90' lang='lat' dir='ltr'><strong>in</strong></span> <span class='ocrx_word' id='word_1_431' title='bbox 3456 2994 3654 3059; x_wconf 89' lang='lat' dir='ltr'><strong>rebus</strong></span> <span class='ocrx_word' id='word_1_432' title='bbox 3686 2996 3992 3061; x_wconf 89' lang='lat' dir='ltr'><strong>omnibus</strong></span> <span class='ocrx_word' id='word_1_433' title='bbox 4025 2994 4436 3061; x_wconf 85' lang='lat' dir='ltr'><strong>studebimus</strong></span> <span class='ocrx_word' id='word_1_434' title='bbox 4471 3011 4693 3078; x_wconf 71' lang='lat' dir='ltr'><strong>parere,</strong></span> 
     </span>
     <span class='ocr_line' id='line_1_32' title="bbox 708 3075 4696 3174; baseline -0 -30"><span class='ocrx_word' id='word_1_435' title='bbox 708 3080 820 3163; x_wconf 88' lang='lat' dir='ltr'><strong>qui</strong></span> <span class='ocrx_word' id='word_1_436' title='bbox 866 3077 1186 3162; x_wconf 86' lang='lat' dir='ltr'><strong>baptismo</strong></span> <span class='ocrx_word' id='word_1_437' title='bbox 1229 3077 1501 3144; x_wconf 88' lang='lat' dir='ltr'><strong>infantis</strong></span> <span class='ocrx_word' id='word_1_438' title='bbox 1559 3077 1982 3144; x_wconf 83' lang='lat' dir='ltr'><strong>interfuerint</strong></span> <span class='ocrx_word' id='word_1_439' title='bbox 1999 3132 2017 3159; x_wconf 92' lang='lat'><strong>,</strong></span> <span class='ocrx_word' id='word_1_440' title='bbox 2070 3101 2299 3144; x_wconf 90' lang='lat' dir='ltr'><strong>omnes</strong></span> <span class='ocrx_word' id='word_1_441' title='bbox 2356 3088 2666 3162; x_wconf 84' lang='lat' dir='ltr'><strong>cognatos</strong></span> <span class='ocrx_word' id='word_1_442' title='bbox 2711 3075 2718 3160; x_wconf 72' lang='grc' dir='ltr'>Ι</span> <span class='ocrx_word' id='word_1_443' title='bbox 2765 3084 2842 3141; x_wconf 89' lang='lat' dir='ltr'><strong>ut</strong></span> <span class='ocrx_word' id='word_1_444' title='bbox 2885 3076 3063 3143; x_wconf 89' lang='lat' dir='ltr'><strong>Deus</strong></span> <span class='ocrx_word' id='word_1_445' title='bbox 3106 3077 3332 3144; x_wconf 90' lang='lat' dir='ltr'><strong>fideles</strong></span> <span class='ocrx_word' id='word_1_446' title='bbox 3382 3081 3850 3165; x_wconf 81' lang='lat' dir='ltr'><strong>mysteriorum</strong></span> <span class='ocrx_word' id='word_1_447' title='bbox 3904 3103 4171 3147; x_wconf 91' lang='lat' dir='ltr'><strong>suorum</strong></span> <span class='ocrx_word' id='word_1_448' title='bbox 4235 3081 4696 3174; x_wconf 70' lang='lat' dir='ltr'><strong>dispensatores</strong></span> 
     </span>
     <span class='ocr_line' id='line_1_33' title="bbox 707 3163 4693 3251; baseline 0.001 -21"><span class='ocrx_word' id='word_1_449' title='bbox 707 3181 775 3230; x_wconf 83' lang='lat' dir='ltr'><strong>et</strong></span> <span class='ocrx_word' id='word_1_450' title='bbox 840 3165 1355 3248; x_wconf 83' lang='lat' dir='ltr'><strong>consanguineos</strong></span> <span class='ocrx_word' id='word_1_451' title='bbox 1420 3184 1781 3248; x_wconf 87' lang='lat' dir='ltr'><strong>puerperae</strong></span> <span class='ocrx_word' id='word_1_452' title='bbox 1841 3167 2003 3230; x_wconf 89' lang='lat' dir='ltr'><strong>ficri.</strong></span> <span class='ocrx_word' id='word_1_453' title='bbox 2107 3164 2255 3247; x_wconf 79' lang='lat' dir='ltr'><strong>Quo</strong></span> <span class='ocrx_word' id='word_1_454' title='bbox 2309 3164 2379 3229; x_wconf 89' lang='lat' dir='ltr'><strong>in</strong></span> <span class='ocrx_word' id='word_1_455' title='bbox 2446 3185 2666 3230; x_wconf 88' lang='lat' dir='ltr'><strong>errore</strong></span> <span class='ocrx_word' id='word_1_456' title='bbox 2766 3183 2887 3228; x_wconf 90' lang='lat' dir='ltr'><strong>nos</strong></span> <span class='ocrx_word' id='word_1_457' title='bbox 2932 3163 3257 3242; x_wconf 81' lang='lat' dir='ltr'><strong>inveniat,</strong></span> <span class='ocrx_word' id='word_1_458' title='bbox 3312 3175 3380 3230; x_wconf 91' lang='lat' dir='ltr'><strong>et</strong></span> <span class='ocrx_word' id='word_1_459' title='bbox 3423 3187 3572 3242; x_wconf 85' lang='lat' dir='ltr'><strong>vos,</strong></span> <span class='ocrx_word' id='word_1_460' title='bbox 3617 3167 4252 3251; x_wconf 85' lang='lat' dir='ltr'><strong>magnificentissimi</strong></span> <span class='ocrx_word' id='word_1_461' title='bbox 4296 3167 4595 3242; x_wconf 87' lang='lat' dir='ltr'><strong>Domini,</strong></span> <span class='ocrx_word' id='word_1_462' title='bbox 4633 3181 4693 3226; x_wconf 83' lang='lat' dir='ltr'><strong>m</strong></span> 
     </span>
     <span class='ocr_line' id='line_1_34' title="bbox 707 3250 4695 3336; baseline -0 -21"><span class='ocrx_word' id='word_1_463' title='bbox 707 3254 801 3316; x_wconf 87' lang='lat' dir='ltr'><strong>sic</strong></span> <span class='ocrx_word' id='word_1_464' title='bbox 843 3251 1156 3333; x_wconf 85' lang='lat' dir='ltr'><strong>implicati</strong></span> <span class='ocrx_word' id='word_1_465' title='bbox 1201 3258 1360 3316; x_wconf 88' lang='lat' dir='ltr'><strong>sunt</strong></span> <span class='ocrx_word' id='word_1_466' title='bbox 1403 3258 1478 3314; x_wconf 91' lang='lat' dir='ltr'><strong>ut</strong></span> <span class='ocrx_word' id='word_1_467' title='bbox 1522 3250 1706 3315; x_wconf 88' lang='lat' dir='ltr'><strong>nulla</strong></span> <span class='ocrx_word' id='word_1_468' title='bbox 1752 3252 2001 3317; x_wconf 88' lang='lat' dir='ltr'><strong>ratione</strong></span> <span class='ocrx_word' id='word_1_469' title='bbox 2046 3251 2402 3334; x_wconf 87' lang='lat' dir='ltr'><strong>impetrare</strong></span> <span class='ocrx_word' id='word_1_470' title='bbox 2459 3251 2664 3334; x_wconf 87' lang='lat' dir='ltr'><strong>possi-</strong></span> <span class='ocrx_word' id='word_1_471' title='bbox 2767 3269 3043 3314; x_wconf 90' lang='lat' dir='ltr'><strong>numero</strong></span> <span class='ocrx_word' id='word_1_472' title='bbox 3107 3261 3474 3316; x_wconf 81' lang='lat' dir='ltr'><strong>vestrorum</strong></span> <span class='ocrx_word' id='word_1_473' title='bbox 3535 3272 3873 3318; x_wconf 85' lang='lat' dir='ltr'><strong>servorum</strong></span> <span class='ocrx_word' id='word_1_474' title='bbox 3951 3252 4328 3319; x_wconf 83' lang='lat' dir='ltr'><strong>obedienter</strong></span> <span class='ocrx_word' id='word_1_475' title='bbox 4400 3255 4695 3336; x_wconf 73' lang='lat' dir='ltr'><strong>imperata</strong></span> 
     </span>
     <span class='ocr_line' id='line_1_35' title="bbox 706 3335 4695 3420; baseline -0 -20"><span class='ocrx_word' id='word_1_476' title='bbox 706 3357 859 3401; x_wconf 85' lang='lat' dir='ltr'><strong>mus</strong></span> <span class='ocrx_word' id='word_1_477' title='bbox 903 3343 977 3399; x_wconf 86' lang='lat' dir='ltr'><strong>ut</strong></span> <span class='ocrx_word' id='word_1_478' title='bbox 1012 3357 1131 3400; x_wconf 90' lang='lat' dir='ltr'><strong>sua</strong></span> <span class='ocrx_word' id='word_1_479' title='bbox 1163 3336 1537 3418; x_wconf 84' lang='lat' dir='ltr'><strong>praesentia</strong></span> <span class='ocrx_word' id='word_1_480' title='bbox 1570 3337 2006 3402; x_wconf 88' lang='lat' dir='ltr'><strong>cohonestent</strong></span> <span class='ocrx_word' id='word_1_481' title='bbox 2038 3337 2440 3420; x_wconf 89' lang='lat' dir='ltr'><strong>baptismum</strong></span> <span class='ocrx_word' id='word_1_482' title='bbox 2475 3357 2664 3420; x_wconf 88' lang='lat' dir='ltr'><strong>prae-</strong></span> <span class='ocrx_word' id='word_1_483' title='bbox 2765 3335 3138 3400; x_wconf 85' lang='lat' dir='ltr'><strong>facientium</strong></span> <span class='ocrx_word' id='word_1_484' title='bbox 3197 3335 3489 3403; x_wconf 86' lang='lat' dir='ltr'><strong>habituri</strong></span> <span class='ocrx_word' id='word_1_485' title='bbox 3544 3339 3704 3403; x_wconf 89' lang='lat' dir='ltr'><strong>sitis.</strong></span> <span class='ocrx_word' id='word_1_486' title='bbox 3804 3337 4024 3404; x_wconf 88' lang='lat' dir='ltr'><strong>Deum</strong></span> <span class='ocrx_word' id='word_1_487' title='bbox 4082 3349 4429 3405; x_wconf 89' lang='lat' dir='ltr'><strong>aeternum</strong></span> <span class='ocrx_word' id='word_1_488' title='bbox 4479 3349 4543 3403; x_wconf 91' lang='lat' dir='ltr'><strong>et</strong></span> <span class='ocrx_word' id='word_1_489' title='bbox 4595 3355 4695 3419; x_wconf 87' lang='lat' dir='ltr'><strong>pa·</strong></span> 
     </span>
     <span class='ocr_line' id='line_1_36' title="bbox 706 3419 4695 3506; baseline 0 -18"><span class='ocrx_word' id='word_1_490' title='bbox 706 3422 935 3488; x_wconf 88' lang='lat' dir='ltr'><strong>sertim</strong></span> <span class='ocrx_word' id='word_1_491' title='bbox 970 3429 1211 3503; x_wconf 86' lang='lat' dir='ltr'><strong>patres,</strong></span> <span class='ocrx_word' id='word_1_492' title='bbox 1259 3427 1517 3504; x_wconf 87' lang='lat' dir='ltr'><strong>praeter</strong></span> <span class='ocrx_word' id='word_1_493' title='bbox 1544 3421 1896 3487; x_wconf 84' lang='lat' dir='ltr'><strong>admodum</strong></span> <span class='ocrx_word' id='word_1_494' title='bbox 1921 3442 2196 3506; x_wconf 86' lang='lat' dir='ltr'><strong>paucos:</strong></span> <span class='ocrx_word' id='word_1_495' title='bbox 2242 3424 2312 3487; x_wconf 91' lang='lat' dir='ltr'><strong>in</strong></span> <span class='ocrx_word' id='word_1_496' title='bbox 2356 3442 2485 3505; x_wconf 87' lang='lat' dir='ltr'><strong>quo</strong></span> <span class='ocrx_word' id='word_1_497' title='bbox 2519 3421 2663 3506; x_wconf 86' lang='lat' dir='ltr'><strong>ipso</strong></span> <span class='ocrx_word' id='word_1_498' title='bbox 2765 3427 2936 3485; x_wconf 90' lang='lat' dir='ltr'><strong>trem</strong></span> <span class='ocrx_word' id='word_1_499' title='bbox 2982 3419 3246 3487; x_wconf 90' lang='lat' dir='ltr'><strong>Domini</strong></span> <span class='ocrx_word' id='word_1_500' title='bbox 3289 3425 3494 3490; x_wconf 89' lang='lat' dir='ltr'><strong>nostri</strong></span> <span class='ocrx_word' id='word_1_501' title='bbox 3537 3424 3690 3490; x_wconf 89' lang='lat' dir='ltr'><strong>Iesu</strong></span> <span class='ocrx_word' id='word_1_502' title='bbox 3727 3424 3980 3491; x_wconf 77' lang='lat' dir='ltr'><strong>Christi</strong></span> <span class='ocrx_word' id='word_1_503' title='bbox 4017 3427 4293 3491; x_wconf 87' lang='lat' dir='ltr'><strong>summis</strong></span> <span class='ocrx_word' id='word_1_504' title='bbox 4333 3425 4501 3492; x_wconf 85' lang='lat' dir='ltr'><strong>votis</strong></span> <span class='ocrx_word' id='word_1_505' title='bbox 4540 3440 4695 3489; x_wconf 91' lang='lat' dir='ltr'><strong>com·</strong></span> 
     </span>
     <span class='ocr_line' id='line_1_37' title="bbox 703 3506 4696 3593; baseline -0.001 -21"><span class='ocrx_word' id='word_1_506' title='bbox 703 3508 1124 3593; x_wconf 88' lang='lat' dir='ltr'><strong>perspicuum</strong></span> <span class='ocrx_word' id='word_1_507' title='bbox 1171 3516 1239 3570; x_wconf 89' lang='lat' dir='ltr'><strong>et</strong></span> <span class='ocrx_word' id='word_1_508' title='bbox 1273 3506 1543 3573; x_wconf 81' lang='lat' dir='ltr'><strong>evidens</strong></span> <span class='ocrx_word' id='word_1_509' title='bbox 1577 3519 1695 3586; x_wconf 89' lang='lat' dir='ltr'><strong>est,</strong></span> <span class='ocrx_word' id='word_1_510' title='bbox 1744 3508 2021 3574; x_wconf 83' lang='lat' dir='ltr'><strong>verbum</strong></span> <span class='ocrx_word' id='word_1_511' title='bbox 2062 3518 2127 3574; x_wconf 89' lang='lat' dir='ltr'><strong>et</strong></span> <span class='ocrx_word' id='word_1_512' title='bbox 2170 3517 2580 3574; x_wconf 86' lang='lat' dir='ltr'><strong>sacramenta</strong></span> <span class='ocrx_word' id='word_1_513' title='bbox 2623 3530 2664 3573; x_wconf 85' lang='lat' dir='ltr'><strong>a</strong></span> <span class='ocrx_word' id='word_1_514' title='bbox 2763 3526 3110 3589; x_wconf 88' lang='lat' dir='ltr'><strong>precamur</strong></span> <span class='ocrx_word' id='word_1_515' title='bbox 3165 3516 3242 3574; x_wconf 91' lang='lat' dir='ltr'><strong>ut</strong></span> <span class='ocrx_word' id='word_1_516' title='bbox 3300 3530 3415 3575; x_wconf 80' lang='lat' dir='ltr'><strong>vos</strong></span> <span class='ocrx_word' id='word_1_517' title='bbox 3458 3509 3815 3576; x_wconf 89' lang='lat' dir='ltr'><strong>incolumes</strong></span> <span class='ocrx_word' id='word_1_518' title='bbox 3873 3533 4262 3578; x_wconf 81' lang='lat' dir='ltr'><strong>conservare</strong></span> <span class='ocrx_word' id='word_1_519' title='bbox 4305 3521 4376 3577; x_wconf 93' lang='lat' dir='ltr'><strong>et</strong></span> <span class='ocrx_word' id='word_1_520' title='bbox 4418 3508 4696 3577; x_wconf 83' lang='lat' dir='ltr'><strong>omnibus</strong></span> 
     </span>
     <span class='ocr_line' id='line_1_38' title="bbox 708 3591 4688 3684; baseline 0.001 -25"><span class='ocrx_word' id='word_1_521' title='bbox 708 3593 978 3660; x_wconf 84' lang='lat' dir='ltr'><strong>Christo</strong></span> <span class='ocrx_word' id='word_1_522' title='bbox 1022 3592 1328 3657; x_wconf 82' lang='lat' dir='ltr'><strong>instituta</strong></span> <span class='ocrx_word' id='word_1_523' title='bbox 1370 3613 1629 3657; x_wconf 89' lang='lat' dir='ltr'><strong>summe</strong></span> <span class='ocrx_word' id='word_1_524' title='bbox 1673 3595 2021 3661; x_wconf 86' lang='lat' dir='ltr'><strong>contemni.</strong></span> <span class='ocrx_word' id='word_1_525' title='bbox 2112 3594 2325 3676; x_wconf 81' lang='lat' dir='ltr'><strong>Quom</strong></span> <span class='ocrx_word' id='word_1_526' title='bbox 2373 3614 2661 3659; x_wconf 86' lang='lat' dir='ltr'><strong>errorem</strong></span> <span class='ocrx_word' id='word_1_527' title='bbox 2763 3591 3120 3659; x_wconf 83' lang='lat' dir='ltr'><strong>commodis</strong></span> <span class='ocrx_word' id='word_1_528' title='bbox 3162 3604 3384 3660; x_wconf 83' lang='lat' dir='ltr'><strong>vestra</strong></span> <span class='ocrx_word' id='word_1_529' title='bbox 3425 3596 3815 3662; x_wconf 75' lang='lat' dir='ltr'><strong>excellentia</strong></span> <span class='ocrx_word' id='word_1_530' title='bbox 3858 3597 4074 3682; x_wconf 83' lang='lat' dir='ltr'><strong>dignis</strong></span> <span class='ocrx_word' id='word_1_531' title='bbox 4108 3619 4353 3682; x_wconf 87' lang='lat' dir='ltr'><strong>augere</strong></span> <span class='ocrx_word' id='word_1_532' title='bbox 4387 3597 4688 3684; x_wconf 85' lang='lat' dir='ltr'><strong>dignetur,</strong></span> 
     </span>
     <span class='ocr_line' id='line_1_39' title="bbox 705 3677 4690 3762; baseline 0.001 -18"><span class='ocrx_word' id='word_1_533' title='bbox 705 3702 853 3744; x_wconf 84' lang='lat' dir='ltr'><strong>cum</strong></span> <span class='ocrx_word' id='word_1_534' title='bbox 890 3677 1115 3743; x_wconf 90' lang='lat' dir='ltr'><strong>multis</strong></span> <span class='ocrx_word' id='word_1_535' title='bbox 1151 3677 1299 3745; x_wconf 85' lang='lat' dir='ltr'><strong>aliis</strong></span> <span class='ocrx_word' id='word_1_536' title='bbox 1333 3678 1633 3762; x_wconf 90' lang='lat' dir='ltr'><strong>cupimus</strong></span> <span class='ocrx_word' id='word_1_537' title='bbox 1668 3700 1810 3746; x_wconf 85' lang='lat' dir='ltr'><strong>esse</strong></span> <span class='ocrx_word' id='word_1_538' title='bbox 1844 3680 2230 3746; x_wconf 85' lang='lat' dir='ltr'><strong>convulsum</strong></span> <span class='ocrx_word' id='word_1_539' title='bbox 2262 3689 2330 3744; x_wconf 88' lang='lat' dir='ltr'><strong>ct</strong></span> <span class='ocrx_word' id='word_1_540' title='bbox 2362 3678 2663 3746; x_wconf 85' lang='lat' dir='ltr'><strong>funditus</strong></span> <span class='ocrx_word' id='word_1_541' title='bbox 2764 3678 2846 3744; x_wconf 88' lang='lat' dir='ltr'><strong>ad</strong></span> <span class='ocrx_word' id='word_1_542' title='bbox 2891 3681 2992 3744; x_wconf 89' lang='lat' dir='ltr'><strong>sui</strong></span> <span class='ocrx_word' id='word_1_543' title='bbox 3041 3681 3323 3746; x_wconf 89' lang='lat' dir='ltr'><strong>nominis</strong></span> <span class='ocrx_word' id='word_1_544' title='bbox 3365 3680 3625 3746; x_wconf 87' lang='lat' dir='ltr'><strong>laudem</strong></span> <span class='ocrx_word' id='word_1_545' title='bbox 3668 3693 3734 3747; x_wconf 89' lang='lat' dir='ltr'><strong>et</strong></span> <span class='ocrx_word' id='word_1_546' title='bbox 3776 3684 4086 3749; x_wconf 84' lang='lat' dir='ltr'><strong>ecclesiae</strong></span> <span class='ocrx_word' id='word_1_547' title='bbox 4127 3706 4282 3750; x_wconf 77' lang='lat' dir='ltr'><strong>vere</strong></span> <span class='ocrx_word' id='word_1_548' title='bbox 4317 3684 4690 3752; x_wconf 86' lang='lat' dir='ltr'><strong>christianae</strong></span> 
     </span>
     <span class='ocr_line' id='line_1_40' title="bbox 706 3764 3458 3847; baseline 0.002 -19"><span class='ocrx_word' id='word_1_549' title='bbox 706 3765 1160 3847; x_wconf 77' lang='lat' dir='ltr'><strong>exstirpatum.</strong></span> <span class='ocrx_word' id='word_1_550' title='bbox 2763 3764 3131 3832; x_wconf 83' lang='lat' dir='ltr'><strong>utilitatem.</strong></span> <span class='ocrx_word' id='word_1_551' title='bbox 3221 3769 3458 3833; x_wconf 84' lang='lat' dir='ltr'><strong>Amen.</strong></span> 
     </span>
    </p>

    <p class='ocr_par' dir='ltr' id='par_1_5' title="bbox 703 3849 3831 4708">
     <span class='ocr_line' id='line_1_41' title="bbox 876 3849 2660 3937; baseline 0.003 -23"><span class='ocrx_word' id='word_1_552' title='bbox 876 3849 1133 3915; x_wconf 90' lang='lat' dir='ltr'><strong>Deinde</strong></span> <span class='ocrx_word' id='word_1_553' title='bbox 1193 3850 1497 3935; x_wconf 86' lang='lat' dir='ltr'><strong>quoniam</strong></span> <span class='ocrx_word' id='word_1_554' title='bbox 1562 3850 1866 3916; x_wconf 88' lang='lat' dir='ltr'><strong>minister</strong></span> <span class='ocrx_word' id='word_1_555' title='bbox 1931 3872 1968 3916; x_wconf 93' lang='lat' dir='ltr'><strong>e</strong></span> <span class='ocrx_word' id='word_1_556' title='bbox 2038 3863 2353 3937; x_wconf 84' lang='lat' dir='ltr'><strong>suggestu</strong></span> <span class='ocrx_word' id='word_1_557' title='bbox 2426 3853 2660 3919; x_wconf 87' lang='lat' dir='ltr'><strong>solitus</strong></span> 
     </span>
     <span class='ocr_line' id='line_1_42' title="bbox 704 3935 2660 4014; baseline 0.003 -18"><span class='ocrx_word' id='word_1_558' title='bbox 704 3941 805 4000; x_wconf 64' lang='lat' dir='ltr'><strong>est</strong></span> <span class='ocrx_word' id='word_1_559' title='bbox 847 3955 1222 4001; x_wconf 85' lang='lat' dir='ltr'><strong>consecrare</strong></span> <span class='ocrx_word' id='word_1_560' title='bbox 1265 3935 1714 4014; x_wconf 88' lang='lat' dir='ltr'><strong>matrimonia,</strong></span> <span class='ocrx_word' id='word_1_561' title='bbox 1774 3946 1842 4001; x_wconf 90' lang='lat' dir='ltr'><strong>et</strong></span> <span class='ocrx_word' id='word_1_562' title='bbox 1884 3937 2109 4004; x_wconf 89' lang='lat' dir='ltr'><strong>multis</strong></span> <span class='ocrx_word' id='word_1_563' title='bbox 2152 3939 2219 4003; x_wconf 89' lang='lat' dir='ltr'><strong>in</strong></span> <span class='ocrx_word' id='word_1_564' title='bbox 2264 3937 2552 4003; x_wconf 87' lang='lat' dir='ltr'><strong>ecclesiis</strong></span> <span class='ocrx_word' id='word_1_565' title='bbox 2594 3936 2660 4002; x_wconf 91' lang='lat' dir='ltr'><strong>id</strong></span> 
     </span>
     <span class='ocr_line' id='line_1_43' title="bbox 704 4022 2661 4107; baseline 0.001 -21"><span class='ocrx_word' id='word_1_566' title='bbox 704 4026 775 4086; x_wconf 80' lang='lat' dir='ltr'><strong>tit</strong></span> <span class='ocrx_word' id='word_1_567' title='bbox 823 4031 973 4086; x_wconf 89' lang='lat' dir='ltr'><strong>ante</strong></span> <span class='ocrx_word' id='word_1_568' title='bbox 1016 4023 1391 4088; x_wconf 90' lang='lat' dir='ltr'><strong>concionem</strong></span> <span class='ocrx_word' id='word_1_569' title='bbox 1426 4043 1702 4102; x_wconf 86' lang='lat' dir='ltr'><strong>sacram,</strong></span> <span class='ocrx_word' id='word_1_570' title='bbox 1748 4022 1871 4088; x_wconf 91' lang='lat' dir='ltr'><strong>hoc</strong></span> <span class='ocrx_word' id='word_1_571' title='bbox 1907 4033 2010 4088; x_wconf 87' lang='lat' dir='ltr'><strong>est</strong></span> <span class='ocrx_word' id='word_1_572' title='bbox 2047 4025 2119 4088; x_wconf 92' lang='lat' dir='ltr'><strong>in</strong></span> <span class='ocrx_word' id='word_1_573' title='bbox 2153 4025 2294 4107; x_wconf 91' lang='lat' dir='ltr'><strong>ipso</strong></span> <span class='ocrx_word' id='word_1_574' title='bbox 2330 4025 2661 4090; x_wconf 87' lang='lat' dir='ltr'><strong>concionis</strong></span> 
     </span>
     <span class='ocr_line' id='line_1_44' title="bbox 703 4105 2662 4193; baseline 0.001 -21"><span class='ocrx_word' id='word_1_575' title='bbox 703 4110 1025 4192; x_wconf 85' lang='lat' dir='ltr'><strong>ingressu,</strong></span> <span class='ocrx_word' id='word_1_576' title='bbox 1072 4105 1242 4190; x_wconf 88' lang='lat' dir='ltr'><strong>quod</strong></span> <span class='ocrx_word' id='word_1_577' title='bbox 1286 4107 1476 4174; x_wconf 91' lang='lat' dir='ltr'><strong>aliter</strong></span> <span class='ocrx_word' id='word_1_578' title='bbox 1533 4109 1923 4193; x_wconf 81' lang='lat' dir='ltr'><strong>tempestive</strong></span> <span class='ocrx_word' id='word_1_579' title='bbox 1977 4108 2260 4193; x_wconf 88' lang='lat' dir='ltr'><strong>populus</strong></span> <span class='ocrx_word' id='word_1_580' title='bbox 2317 4106 2662 4176; x_wconf 81' lang='lat' dir='ltr'><strong>convocari</strong></span> 
     </span>
     <span class='ocr_line' id='line_1_45' title="bbox 704 4191 2661 4279; baseline 0.002 -22"><span class='ocrx_word' id='word_1_581' title='bbox 704 4194 789 4257; x_wconf 86' lang='lat' dir='ltr'><strong>ad</strong></span> <span class='ocrx_word' id='word_1_582' title='bbox 844 4191 1233 4258; x_wconf 86' lang='lat' dir='ltr'><strong>audiendam</strong></span> <span class='ocrx_word' id='word_1_583' title='bbox 1290 4191 1654 4261; x_wconf 87' lang='lat' dir='ltr'><strong>doctrinam</strong></span> <span class='ocrx_word' id='word_1_584' title='bbox 1721 4194 2175 4279; x_wconf 84' lang='lat' dir='ltr'><strong>evangelicam</strong></span> <span class='ocrx_word' id='word_1_585' title='bbox 2241 4215 2373 4260; x_wconf 89' lang='lat' dir='ltr'><strong>non</strong></span> <span class='ocrx_word' id='word_1_586' title='bbox 2425 4205 2661 4278; x_wconf 88' lang='lat' dir='ltr'><strong>potest,</strong></span> 
     </span>
     <span class='ocr_line' id='line_1_46' title="bbox 704 4277 2662 4358; baseline 0.002 -15"><span class='ocrx_word' id='word_1_587' title='bbox 704 4289 781 4343; x_wconf 90' lang='lat' dir='ltr'><strong>ut</strong></span> <span class='ocrx_word' id='word_1_588' title='bbox 836 4279 1050 4343; x_wconf 87' lang='lat' dir='ltr'><strong>omnis</strong></span> <span class='ocrx_word' id='word_1_589' title='bbox 1103 4277 1320 4357; x_wconf 74' lang='grc' dir='ltr'><strong><em>ἀταξία</em></strong></span> <span class='ocrx_word' id='word_1_590' title='bbox 1373 4288 1440 4344; x_wconf 90' lang='lat' dir='ltr'><strong>et</strong></span> <span class='ocrx_word' id='word_1_591' title='bbox 1498 4281 1790 4347; x_wconf 84' lang='lat' dir='ltr'><strong>confusio</strong></span> <span class='ocrx_word' id='word_1_592' title='bbox 1847 4281 2150 4358; x_wconf 89' lang='lat' dir='ltr'><strong>tollatur,</strong></span> <span class='ocrx_word' id='word_1_593' title='bbox 2219 4289 2288 4346; x_wconf 93' lang='lat' dir='ltr'><strong>et</strong></span> <span class='ocrx_word' id='word_1_594' title='bbox 2343 4280 2662 4346; x_wconf 87' lang='lat' dir='ltr'><strong>attentius</strong></span> 
     </span>
     <span class='ocr_line' id='line_1_47' title="bbox 704 4365 3831 4454; baseline 0.002 -24"><span class='ocrx_word' id='word_1_595' title='bbox 704 4383 892 4430; x_wconf 85' lang='lat' dir='ltr'><strong>sacra</strong></span> <span class='ocrx_word' id='word_1_596' title='bbox 933 4365 1157 4430; x_wconf 90' lang='lat' dir='ltr'><strong>concio</strong></span> <span class='ocrx_word' id='word_1_597' title='bbox 1201 4384 1240 4429; x_wconf 88' lang='lat' dir='ltr'><strong>a</strong></span> <span class='ocrx_word' id='word_1_598' title='bbox 1275 4372 1410 4430; x_wconf 87' lang='lat' dir='ltr'><strong>toto</strong></span> <span class='ocrx_word' id='word_1_599' title='bbox 1446 4366 1685 4450; x_wconf 82' lang='lat' dir='ltr'><strong>populo</strong></span> <span class='ocrx_word' id='word_1_600' title='bbox 1720 4366 2046 4445; x_wconf 88' lang='lat' dir='ltr'><strong>audiatur,</strong></span> <span class='ocrx_word' id='word_1_601' title='bbox 2082 4387 2274 4450; x_wconf 88' lang='lat' dir='ltr'><strong>quam</strong></span> <span class='ocrx_word' id='word_1_602' title='bbox 2312 4388 2663 4451; x_wconf 89' lang='lat' dir='ltr'><strong>possumus</strong></span> <span class='ocrx_word' id='word_1_603' title='bbox 2709 4377 2717 4452; x_wconf 74' lang='grc' dir='ltr'>Ι</span> <span class='ocrx_word' id='word_1_604' title='bbox 3643 4382 3831 4454; x_wconf 70' lang='grc'>1582,</span> 
     </span>
     <span class='ocr_line' id='line_1_48' title="bbox 705 4449 2716 4538; baseline 0.002 -24"><span class='ocrx_word' id='word_1_605' title='bbox 705 4449 1137 4516; x_wconf 86' lang='lat' dir='ltr'><strong>demisissime</strong></span> <span class='ocrx_word' id='word_1_606' title='bbox 1187 4449 1654 4534; x_wconf 85' lang='lat' dir='ltr'><strong>supplicamus,</strong></span> <span class='ocrx_word' id='word_1_607' title='bbox 1700 4474 1863 4518; x_wconf 91' lang='lat' dir='ltr'><strong>num</strong></span> <span class='ocrx_word' id='word_1_608' title='bbox 1914 4452 2073 4518; x_wconf 88' lang='lat' dir='ltr'><strong>utile</strong></span> <span class='ocrx_word' id='word_1_609' title='bbox 2117 4453 2207 4519; x_wconf 90' lang='lat' dir='ltr'><strong>sit</strong></span> <span class='ocrx_word' id='word_1_610' title='bbox 2239 4453 2664 4519; x_wconf 88' lang='lat' dir='ltr'><strong>consideretis</strong></span> <span class='ocrx_word' id='word_1_611' title='bbox 2709 4467 2716 4538; x_wconf 70' lang='grc' dir='ltr'>ι</span> 
     </span>
     <span class='ocr_line' id='line_1_49' title="bbox 704 4534 2716 4623; baseline 0.001 -22"><span class='ocrx_word' id='word_1_612' title='bbox 704 4556 827 4602; x_wconf 91' lang='lat' dir='ltr'><strong>nos</strong></span> <span class='ocrx_word' id='word_1_613' title='bbox 890 4534 1060 4601; x_wconf 81' lang='lat' dir='ltr'><strong>hanc</strong></span> <span class='ocrx_word' id='word_1_614' title='bbox 1119 4534 1656 4602; x_wconf 88' lang='lat' dir='ltr'><strong>consuetudinem</strong></span> <span class='ocrx_word' id='word_1_615' title='bbox 1722 4540 2035 4618; x_wconf 86' lang='lat' dir='ltr'><strong>retinere,</strong></span> <span class='ocrx_word' id='word_1_616' title='bbox 2108 4560 2229 4605; x_wconf 87' lang='lat' dir='ltr'><strong>nec</strong></span> <span class='ocrx_word' id='word_1_617' title='bbox 2303 4551 2573 4623; x_wconf 87' lang='lat' dir='ltr'><strong>cogatur</strong></span> <span class='ocrx_word' id='word_1_618' title='bbox 2628 4559 2665 4604; x_wconf 92' lang='lat' dir='ltr'><strong>e</strong></span> <span class='ocrx_word' id='word_1_619' title='bbox 2711 4541 2716 4556; x_wconf 93' lang='lat'>&#39;</span> 
     </span>
     <span class='ocr_line' id='line_1_50' title="bbox 704 4567 2718 4708; baseline 0.003 -22"><span class='ocrx_word' id='word_1_620' title='bbox 704 4629 1019 4706; x_wconf 87' lang='lat' dir='ltr'><strong>suggestu</strong></span> <span class='ocrx_word' id='word_1_621' title='bbox 1059 4623 1363 4689; x_wconf 87' lang='lat' dir='ltr'><strong>minister</strong></span> <span class='ocrx_word' id='word_1_622' title='bbox 1422 4622 1817 4689; x_wconf 88' lang='lat' dir='ltr'><strong>descendere</strong></span> <span class='ocrx_word' id='word_1_623' title='bbox 1870 4632 1947 4689; x_wconf 91' lang='lat' dir='ltr'><strong>ut</strong></span> <span class='ocrx_word' id='word_1_624' title='bbox 2005 4625 2230 4708; x_wconf 87' lang='lat' dir='ltr'><strong>sponsi</strong></span> <span class='ocrx_word' id='word_1_625' title='bbox 2274 4635 2340 4690; x_wconf 89' lang='lat' dir='ltr'><strong>et</strong></span> <span class='ocrx_word' id='word_1_626' title='bbox 2384 4645 2665 4708; x_wconf 89' lang='lat' dir='ltr'><strong>sponsae</strong></span> <span class='ocrx_word' id='word_1_627' title='bbox 2710 4567 2718 4692; x_wconf 59' lang='grc' dir='ltr'>ι</span> 
     </span>
    </p>
   </div>
   <div class='ocr_carea' id='block_1_4' title="bbox 702 4707 4697 4914">
    <p class='ocr_par' dir='ltr' id='par_1_6' title="bbox 702 4707 4697 4914">
     <span class='ocr_line' id='line_1_51' title="bbox 702 4707 4694 4857; baseline 0.01 -76"><span class='ocrx_word' id='word_1_628' title='bbox 702 4727 938 4857; x_wconf 60' lang='grc' dir='ltr'>ωαυιίε</span> <span class='ocrx_word' id='word_1_629' title='bbox 987 4707 1469 4808; x_wconf 29' lang='lat' dir='ltr'><strong>apprehendat„-</strong></span> <span class='ocrx_word' id='word_1_630' title='bbox 2244 4797 2256 4809; x_wconf 85' lang='grc'><em>,</em></span> <span class='ocrx_word' id='word_1_631' title='bbox 2341 4795 2355 4809; x_wconf 79' lang='grc'><em>,</em></span> <span class='ocrx_word' id='word_1_632' title='bbox 2623 4795 2635 4808; x_wconf 87' lang='grc'><em>,</em></span> <span class='ocrx_word' id='word_1_633' title='bbox 2939 4743 3097 4828; x_wconf 65' lang='grc' dir='ltr'><strong>Αρῡι</strong></span> <span class='ocrx_word' id='word_1_634' title='bbox 3162 4744 3239 4809; x_wconf 70' lang='lat' dir='ltr'><strong>ae</strong></span> <span class='ocrx_word' id='word_1_635' title='bbox 3292 4743 3448 4808; x_wconf 65' lang='lat' dir='ltr'><strong>libro</strong></span> <span class='ocrx_word' id='word_1_636' title='bbox 3515 4751 3724 4812; x_wconf 70' lang='lat' dir='ltr'><strong>eontra</strong></span> <span class='ocrx_word' id='word_1_637' title='bbox 3782 4744 4083 4830; x_wconf 58' lang='lat' dir='ltr'><strong><em>1²69th</em></strong></span> <span class='ocrx_word' id='word_1_638' title='bbox 4133 4748 4380 4830; x_wconf 53' lang='lat' dir='ltr'><strong>scripto,</strong></span> <span class='ocrx_word' id='word_1_639' title='bbox 4446 4745 4694 4811; x_wconf 68' lang='lat' dir='ltr'><strong>maxime</strong></span> 
     </span>
     <span class='ocr_line' id='line_1_52' title="bbox 912 4792 4697 4914; baseline 0.007 -57"><span class='ocrx_word' id='word_1_640' title='bbox 912 4814 957 4857; x_wconf 91' lang='lat' dir='ltr'><strong>n</strong></span> <span class='ocrx_word' id='word_1_641' title='bbox 1002 4792 1306 4876; x_wconf 76' lang='lat' dir='ltr'><strong>precibus</strong></span> <span class='ocrx_word' id='word_1_642' title='bbox 1362 4815 1517 4877; x_wconf 78' lang='lat' dir='ltr'><strong>quia</strong></span> <span class='ocrx_word' id='word_1_643' title='bbox 1575 4803 1981 4861; x_wconf 89' lang='lat' dir='ltr'><strong>mortuorum</strong></span> <span class='ocrx_word' id='word_1_644' title='bbox 2040 4817 2396 4879; x_wconf 78' lang='lat' dir='ltr'><strong>superioris</strong></span> <span class='ocrx_word' id='word_1_645' title='bbox 2454 4817 2667 4879; x_wconf 77' lang='lat' dir='ltr'><strong>proxi-</strong></span> <span class='ocrx_word' id='word_1_646' title='bbox 2766 4850 2909 4896; x_wconf 58' lang='lat' dir='ltr'><strong>„oro</strong></span> <span class='ocrx_word' id='word_1_647' title='bbox 2950 4830 3027 4895; x_wconf 60' lang='lat' dir='ltr'><strong>de</strong></span> <span class='ocrx_word' id='word_1_648' title='bbox 3065 4830 3325 4914; x_wconf 49' lang='lat' dir='ltr'><strong>„3905ss</strong></span> <span class='ocrx_word' id='word_1_649' title='bbox 3375 4850 3515 4896; x_wconf 64' lang='lat' dir='ltr'><strong>m</strong></span> <span class='ocrx_word' id='word_1_650' title='bbox 3556 4829 3976 4897; x_wconf 53' lang='lat' dir='ltr'><strong>Bm</strong></span> <span class='ocrx_word' id='word_1_651' title='bbox 4031 4838 4252 4898; x_wconf 59' lang='lat' dir='ltr'><strong>mm</strong></span> <span class='ocrx_word' id='word_1_652' title='bbox 4307 4836 4363 4897; x_wconf 60' lang='lat' dir='ltr'><em>d</em></span> <span class='ocrx_word' id='word_1_653' title='bbox 4404 4828 4697 4897; x_wconf 57' lang='lat' dir='ltr'><strong>mmssffls</strong></span> 
     </span>
    </p>
   </div>
   <div class='ocr_carea' id='block_1_5' title="bbox 704 4876 4694 5082">
    <p class='ocr_par' dir='ltr' id='par_1_7' title="bbox 704 4876 4694 5082">
     <span class='ocr_line' id='line_1_53' title="bbox 708 4876 4694 4984; baseline 0.001 -4"><span class='ocrx_word' id='word_1_654' title='bbox 708 4899 852 4980; x_wconf 53' lang='grc' dir='ltr'><strong>ΨΜ</strong></span> <span class='ocrx_word' id='word_1_655' title='bbox 899 4876 1342 4945; x_wconf 65' lang='lat' dir='ltr'><strong>hssbd⁰m³d³⁰</strong></span> <span class='ocrx_word' id='word_1_656' title='bbox 1385 4879 1655 4946; x_wconf 62' lang='lat' dir='ltr'><strong>”mim</strong></span> <span class='ocrx_word' id='word_1_657' title='bbox 1700 4882 1961 4981; x_wconf 51' lang='lat' dir='ltr'><strong>mitari</strong></span> <span class='ocrx_word' id='word_1_658' title='bbox 2004 4881 2377 4982; x_wconf 56' lang='lat' dir='ltr'><strong>inflnturn</strong></span> <span class='ocrx_word' id='word_1_659' title='bbox 2412 4881 2665 4981; x_wconf 57' lang='grc' dir='ltr'>ἓῡΡΡῙὲ·</span> <span class='ocrx_word' id='word_1_660' title='bbox 2769 4917 2864 4981; x_wconf 62' lang='lat' dir='ltr'><strong>aa</strong></span> <span class='ocrx_word' id='word_1_661' title='bbox 2906 4915 3255 4982; x_wconf 57' lang='lat' dir='ltr'><strong>tractandi-⁹</strong></span> <span class='ocrx_word' id='word_1_662' title='bbox 3295 4920 3363 4979; x_wconf 71' lang='lat' dir='ltr'><strong>ut</strong></span> <span class='ocrx_word' id='word_1_663' title='bbox 3407 4916 3557 4983; x_wconf 65' lang='lat' dir='ltr'><strong>inae</strong></span> <span class='ocrx_word' id='word_1_664' title='bbox 3598 4916 3942 4983; x_wconf 63' lang='lat' dir='ltr'><strong>mendatio</strong></span> <span class='ocrx_word' id='word_1_665' title='bbox 3983 4925 4284 4984; x_wconf 62' lang='lat' dir='ltr'><strong>naseam</strong></span> <span class='ocrx_word' id='word_1_666' title='bbox 4345 4938 4468 4984; x_wconf 72' lang='lat' dir='ltr'><strong>non</strong></span> <span class='ocrx_word' id='word_1_667' title='bbox 4508 4919 4694 4982; x_wconf 68' lang='lat' dir='ltr'><strong>aum</strong></span> 
     </span>
     <span class='ocr_line' id='line_1_54' title="bbox 704 4966 4299 5082; baseline -0.003 -51"><span class='ocrx_word' id='word_1_668' title='bbox 704 4975 867 5031; x_wconf 71' lang='lat' dir='ltr'><strong>citer</strong></span> <span class='ocrx_word' id='word_1_669' title='bbox 919 4985 1211 5038; x_wconf 84' lang='lat' dir='ltr'><strong>oramus.</strong></span> <span class='ocrx_word' id='word_1_670' title='bbox 1274 4986 1665 5050; x_wconf 86' lang='lat' dir='ltr'><strong>cognoscere</strong></span> <span class='ocrx_word' id='word_1_671' title='bbox 1723 4975 1789 5031; x_wconf 91' lang='lat' dir='ltr'><strong>et</strong></span> <span class='ocrx_word' id='word_1_672' title='bbox 1844 4966 2217 5052; x_wconf 77' lang='lat' dir='ltr'><strong>intelligere</strong></span> <span class='ocrx_word' id='word_1_673' title='bbox 2250 4967 2501 5044; x_wconf 76' lang='lat' dir='ltr'><strong>velitis,</strong></span> <span class='ocrx_word' id='word_1_674' title='bbox 2558 4968 2666 5033; x_wconf 75' lang='lat' dir='ltr'><strong>hic</strong></span> <span class='ocrx_word' id='word_1_675' title='bbox 2768 5002 3162 5082; x_wconf 45' lang='lat' dir='ltr'><strong>‘&#39;ff-mm·</strong></span> <span class='ocrx_word' id='word_1_676' title='bbox 4284 4971 4299 4996; x_wconf 89' lang='grc'><strong><em>’</em></strong></span> 
     </span>
    </p>
   </div>
   <div class='ocr_carea' id='block_1_6' title="bbox 704 5053 4694 5259">
    <p class='ocr_par' dir='ltr' id='par_1_8' title="bbox 704 5053 4694 5259">
     <span class='ocr_line' id='line_1_55' title="bbox 706 5053 2665 5137; baseline 0.002 -22"><span class='ocrx_word' id='word_1_677' title='bbox 706 5059 967 5117; x_wconf 77' lang='lat' dir='ltr'><strong>tantum</strong></span> <span class='ocrx_word' id='word_1_678' title='bbox 1025 5073 1167 5117; x_wconf 85' lang='lat' dir='ltr'><strong>esse</strong></span> <span class='ocrx_word' id='word_1_679' title='bbox 1233 5053 1416 5118; x_wconf 83' lang='lat' dir='ltr'><strong>verbi</strong></span> <span class='ocrx_word' id='word_1_680' title='bbox 1471 5053 1683 5120; x_wconf 81' lang='lat' dir='ltr'><strong>divini</strong></span> <span class='ocrx_word' id='word_1_681' title='bbox 1735 5060 2181 5137; x_wconf 88' lang='lat' dir='ltr'><strong>contemptum</strong></span> <span class='ocrx_word' id='word_1_682' title='bbox 2242 5062 2316 5119; x_wconf 92' lang='lat' dir='ltr'><strong>ut</strong></span> <span class='ocrx_word' id='word_1_683' title='bbox 2375 5054 2665 5120; x_wconf 91' lang='lat' dir='ltr'><strong>ministri</strong></span> 
     </span>
     <span class='ocr_line' id='line_1_56' title="bbox 704 5137 4694 5259; baseline 0.001 -20"><span class='ocrx_word' id='word_1_684' title='bbox 704 5140 840 5201; x_wconf 65' lang='lat' dir='ltr'><strong>fere</strong></span> <span class='ocrx_word' id='word_1_685' title='bbox 861 5158 1200 5221; x_wconf 64' lang='lat' dir='ltr'><strong>nunquam</strong></span> <span class='ocrx_word' id='word_1_686' title='bbox 1224 5137 1307 5204; x_wconf 68' lang='lat' dir='ltr'><strong>ad</strong></span> <span class='ocrx_word' id='word_1_687' title='bbox 1330 5151 1636 5223; x_wconf 65' lang='lat' dir='ltr'><strong>aegrotos</strong></span> <span class='ocrx_word' id='word_1_688' title='bbox 1671 5147 2105 5220; x_wconf 37' lang='lat' dir='ltr'><strong>mmmm</strong></span> <span class='ocrx_word' id='word_1_689' title='bbox 2144 5147 2276 5218; x_wconf 66' lang='lat' dir='ltr'><strong>aut’</strong></span> <span class='ocrx_word' id='word_1_690' title='bbox 2314 5139 2371 5206; x_wconf 65' lang='lat' dir='ltr'><strong>Si</strong></span> <span class='ocrx_word' id='word_1_691' title='bbox 2406 5138 2668 5223; x_wconf 58' lang='lat' dir='ltr'><strong>quando</strong></span> <span class='ocrx_word' id='word_1_692' title='bbox 2770 5191 2884 5254; x_wconf 76' lang='lat' dir='ltr'><strong>(Ex</strong></span> <span class='ocrx_word' id='word_1_693' title='bbox 2919 5208 2987 5244; x_wconf 79' lang='lat' dir='ltr'><strong>au</strong></span> <span class='ocrx_word' id='word_1_694' title='bbox 3185 5191 3256 5245; x_wconf 93' lang='lat' dir='ltr'><strong>ho</strong></span> <span class='ocrx_word' id='word_1_695' title='bbox 3290 5192 3423 5246; x_wconf 84' lang='lat' dir='ltr'><strong>Ood.</strong></span> <span class='ocrx_word' id='word_1_696' title='bbox 3457 5191 3663 5246; x_wconf 81' lang='lat' dir='ltr'><strong>Genev.</strong></span> <span class='ocrx_word' id='word_1_697' title='bbox 3700 5189 3854 5257; x_wconf 77' lang='lat'><strong>111⁸,</strong></span> <span class='ocrx_word' id='word_1_698' title='bbox 3891 5192 3981 5246; x_wconf 79' lang='lat' dir='ltr'><strong>fol.</strong></span> <span class='ocrx_word' id='word_1_699' title='bbox 4019 5192 4144 5259; x_wconf 88' lang='grc'>100,</span> <span class='ocrx_word' id='word_1_700' title='bbox 4189 5194 4310 5249; x_wconf 84' lang='lat' dir='ltr'><strong>coll.</strong></span> <span class='ocrx_word' id='word_1_701' title='bbox 4343 5211 4390 5247; x_wconf 82' lang='lat' dir='ltr'><strong>c.</strong></span> <span class='ocrx_word' id='word_1_702' title='bbox 4428 5209 4545 5246; x_wconf 85' lang='lat' dir='ltr'><strong>cxx.</strong></span> <span class='ocrx_word' id='word_1_703' title='bbox 4577 5185 4694 5243; x_wconf 74' lang='lat' dir='ltr'><strong>cnd-</strong></span> 
     </span>
    </p>
   </div>
   <div class='ocr_carea' id='block_1_7' title="bbox 705 5210 4696 5398">
    <p class='ocr_par' dir='ltr' id='par_1_9' title="bbox 705 5210 4696 5398">
     <span class='ocr_line' id='line_1_57' title="bbox 705 5210 4696 5317; baseline -0.014 38"><span class='ocrx_word' id='word_1_704' title='bbox 705 5234 1145 5303; x_wconf 58' lang='lat' dir='ltr'><strong>mmntur&#39;</strong></span> <span class='ocrx_word' id='word_1_705' title='bbox 1190 5222 1258 5290; x_wconf 85' lang='lat' dir='ltr'><strong>id</strong></span> <span class='ocrx_word' id='word_1_706' title='bbox 1290 5225 1433 5291; x_wconf 80' lang='lat' dir='ltr'><strong>fieri</strong></span> <span class='ocrx_word' id='word_1_707' title='bbox 1469 5223 1818 5290; x_wconf 77' lang='lat' dir='ltr'><strong>admodum</strong></span> <span class='ocrx_word' id='word_1_708' title='bbox 1855 5247 2020 5306; x_wconf 62' lang='lat'><strong>‘³⁰¹⁰’</strong></span> <span class='ocrx_word' id='word_1_709' title='bbox 2065 5225 2160 5292; x_wconf 63' lang='lat'><strong>⁸³⁰</strong></span> <span class='ocrx_word' id='word_1_710' title='bbox 2193 5233 2270 5292; x_wconf 68' lang='lat'><strong>¹¹¹²</strong></span> <span class='ocrx_word' id='word_1_711' title='bbox 2304 5246 2439 5292; x_wconf 77' lang='lat'>⁰⁰¹¹</span> <span class='ocrx_word' id='word_1_712' title='bbox 2474 5225 2667 5292; x_wconf 87' lang='lat' dir='ltr'><strong>modo</strong></span> <span class='ocrx_word' id='word_1_713' title='bbox 2771 5259 2978 5315; x_wconf 70' lang='lat' dir='ltr'><strong>scaev.</strong></span> <span class='ocrx_word' id='word_1_714' title='bbox 3031 5261 3052 5312; x_wconf 90' lang='grc' dir='ltr'>ι</span> <span class='ocrx_word' id='word_1_715' title='bbox 3094 5260 3128 5314; x_wconf 83' lang='grc'><strong>6</strong></span> <span class='ocrx_word' id='word_1_716' title='bbox 3147 5210 3184 5262; x_wconf 68' lang='lat'><strong>¹³</strong></span> <span class='ocrx_word' id='word_1_717' title='bbox 3204 5262 3295 5316; x_wconf 69' lang='grc' dir='ltr'>τοι.</span> <span class='ocrx_word' id='word_1_718' title='bbox 3345 5258 3444 5315; x_wconf 79' lang='lat'><strong>127</strong></span> <span class='ocrx_word' id='word_1_719' title='bbox 3507 5260 3771 5315; x_wconf 71' lang='lat' dir='ltr'><strong>sommi</strong></span> <span class='ocrx_word' id='word_1_720' title='bbox 3806 5277 3837 5314; x_wconf 71' lang='grc' dir='ltr'><strong>ο</strong></span> <span class='ocrx_word' id='word_1_721' title='bbox 3919 5302 3931 5314; x_wconf 93' lang='grc'><strong>.</strong></span> <span class='ocrx_word' id='word_1_722' title='bbox 3979 5261 4074 5316; x_wconf 74' lang='grc' dir='ltr'>ιη.</span> <span class='ocrx_word' id='word_1_723' title='bbox 4166 5302 4179 5316; x_wconf 87' lang='grc'><strong>.</strong></span> <span class='ocrx_word' id='word_1_724' title='bbox 4214 5261 4318 5317; x_wconf 77' lang='lat'><strong>213</strong></span> <span class='ocrx_word' id='word_1_725' title='bbox 4392 5266 4449 5316; x_wconf 59' lang='lat' dir='ltr'><strong>„t</strong></span> <span class='ocrx_word' id='word_1_726' title='bbox 4496 5251 4696 5315; x_wconf 47' lang='grc' dir='ltr'><strong>Μή</strong></span> 
     </span>
     <span class='ocr_line' id='line_1_58' title="bbox 707 5277 4343 5398; baseline -0.016 -8"><span class='ocrx_word' id='word_1_727' title='bbox 707 5327 839 5390; x_wconf 69' lang='lat'>‘³1¹²</span> <span class='ocrx_word' id='word_1_728' title='bbox 880 5309 1010 5374; x_wconf 77' lang='lat' dir='ltr'><strong>fide</strong></span> <span class='ocrx_word' id='word_1_729' title='bbox 1051 5308 1331 5394; x_wconf 82' lang='lat' dir='ltr'><strong>praediti</strong></span> <span class='ocrx_word' id='word_1_730' title='bbox 1375 5331 1413 5377; x_wconf 90' lang='lat' dir='ltr'><strong>e</strong></span> <span class='ocrx_word' id='word_1_731' title='bbox 1458 5310 1597 5376; x_wconf 79' lang='lat' dir='ltr'><strong>vita</strong></span> <span class='ocrx_word' id='word_1_732' title='bbox 1639 5310 2088 5393; x_wconf 85' lang='lat' dir='ltr'><strong>discesserint,</strong></span> <span class='ocrx_word' id='word_1_733' title='bbox 2151 5310 2265 5379; x_wconf 91' lang='lat' dir='ltr'><strong>sed</strong></span> <span class='ocrx_word' id='word_1_734' title='bbox 2309 5310 2512 5379; x_wconf 89' lang='lat' dir='ltr'><strong>etiam</strong></span> <span class='ocrx_word' id='word_1_735' title='bbox 2555 5312 2664 5395; x_wconf 86' lang='lat' dir='ltr'><strong>qui</strong></span> <span class='ocrx_word' id='word_1_736' title='bbox 3143 5303 3155 5327; x_wconf 87' lang='lat'>’</span> <span class='ocrx_word' id='word_1_737' title='bbox 3458 5301 3473 5327; x_wconf 81' lang='lat'>²</span> <span class='ocrx_word' id='word_1_738' title='bbox 3612 5327 3738 5383; x_wconf 86' lang='lat' dir='ltr'><strong>Vol.</strong></span> <span class='ocrx_word' id='word_1_739' title='bbox 3774 5277 3914 5398; x_wconf 48' lang='lat'><strong>7731&gt;</strong></span> <span class='ocrx_word' id='word_1_740' title='bbox 4124 5280 4162 5333; x_wconf 80' lang='grc' dir='ltr'><strong>Ρ</strong></span> <span class='ocrx_word' id='word_1_741' title='bbox 4330 5306 4343 5332; x_wconf 80' lang='grc'><strong>,</strong></span> 
     </span>
    </p>
   </div>
   <div class='ocr_carea' id='block_1_8' title="bbox 2711 1925 2718 2636">
    <p class='ocr_par' dir='ltr' id='par_1_10' title="bbox 2711 1925 2718 2636">
     <span class='ocr_line' id='line_1_59' title="bbox 2711 1925 2718 2636; baseline 0 0"><span class='ocrx_word' id='word_1_742' title='bbox 2711 1925 2718 2636; x_wconf 95' lang='lat' dir='ltr'><strong> </strong></span> 
     </span>
    </p>
   </div>
   <div class='ocr_carea' id='block_1_9' title="bbox 2708 3193 2719 4364">
    <p class='ocr_par' dir='ltr' id='par_1_11' title="bbox 2708 3193 2719 4364">
     <span class='ocr_line' id='line_1_60' title="bbox 2708 3193 2719 4364; baseline 0 0"><span class='ocrx_word' id='word_1_743' title='bbox 2708 3193 2719 4364; x_wconf 95' lang='lat' dir='ltr'><strong> </strong></span> 
     </span>
    </p>
   </div>
   <div class='ocr_carea' id='block_1_10' title="bbox 3301 4552 4181 4624">
    <p class='ocr_par' dir='ltr' id='par_1_12' title="bbox 3301 4552 4181 4624">
     <span class='ocr_line' id='line_1_61' title="bbox 3301 4552 4181 4624; baseline 0.007 -7"><span class='ocrx_word' id='word_1_744' title='bbox 3301 4552 3697 4623; x_wconf 72' lang='lat' dir='ltr'>VIRE&#39;PUS</span> <span class='ocrx_word' id='word_1_745' title='bbox 3743 4556 4181 4624; x_wconf 79' lang='lat' dir='ltr'>GALVINO.</span> 
     </span>
    </p>
   </div>
   <div class='ocr_carea' id='block_1_11' title="bbox 2714 4711 2722 5394">
    <p class='ocr_par' dir='ltr' id='par_1_13' title="bbox 2714 4711 2722 5394">
     <span class='ocr_line' id='line_1_62' title="bbox 2714 4711 2722 5394; baseline 0 0"><span class='ocrx_word' id='word_1_746' title='bbox 2714 4711 2722 5394; x_wconf 95' lang='lat' dir='ltr'><strong> </strong></span> 
     </span>
    </p>
   </div>
  </div>
 </body>
</html>
