4900 6167
290 469 403 532 721

284 658 570 725 misisset
649 664 908 741 apertas
994 653 1219 720 literas
1305 673 1593 719 errorem
1682 650 2234 735 deprehendimus

287 764 482 831 quem
540 750 613 808 tu
668 742 859 808 facile
911 740 1268 807 excusabis.
1367 741 1514 824 Ego
1573 759 1728 804 vero
1791 759 1996 822 quum
2052 738 2235 804 Lau-

284 850 496 897 sanna
538 849 793 913 quoque
836 827 1149 904 abessem,
1185 826 1424 891 missus
1467 831 1567 889 est
1598 823 1682 889 ad
1726 846 1833 890 me
1875 824 1984 890 hic
2026 824 2236 890 tabel-

287 917 490 982 larius
532 937 681 982 cum
721 913 933 980 literis
976 913 1276 991 fratrum,
1332 911 1567 996 quibus
1611 910 1910 993 rogabar,
1955 922 2031 974 ut
2073 910 2236 977 haec

285 1023 406 1070 suo
449 1002 741 1068 omnium
796 999 1064 1064 nomine
1119 998 1200 1064 ad
1256 1006 1325 1062 te
1383 998 1750 1063 scriberem.
1838 994 2013 1062 Veni
2057 997 2236 1063 enim

285 1088 419 1154 huc
438 1087 492 1174 ⁸)
538 1098 803 1173 rogatus
846 1105 886 1149 a
929 1084 1113 1164 meis,
1156 1085 1311 1167 quia
1351 1082 1538 1148 brevi
1579 1081 1975 1148 adventuros
2013 1104 2235 1165 spera·

285 1195 433 1240 mus
477 1174 817 1256 utriusque
861 1169 1045 1236 urbis
1099 1169 1350 1254 legatos
1409 1167 1493 1235 ad
1537 1167 2021 1253 repul-gandam
2065 1168 2236 1234 hanc

284 1260 626 1327 eeclesiam
686 1255 985 1324 sordibus
1038 1256 1403 1340 pontificiis.
1514 1252 1708 1335 Quod
1771 1263 1844 1318 ut
1909 1254 2237 1319 Dominus

283 1344 616 1424 concedat,
660 1344 997 1410 nobiscum
1041 1361 1324 1425 precare.
1413 1340 1758 1406 Dederunt
1796 1340 2033 1405 fratres
2078 1340 2234 1406 huic

283 1431 625 1497 tabellario
666 1429 997 1514 pecunias,
1042 1436 1117 1492 ut
1159 1427 1215 1492 si
1258 1448 1420 1511 opus
1472 1427 1558 1492 sit
1600 1425 1933 1510 publicum
1976 1426 2238 1490 mittere

283 1519 620 1594 nuncium,
666 1524 952 1600 praestet
1010 1511 1181 1598 quod
1239 1533 1503 1579 necesse
1556 1512 1703 1577 erit.
1792 1510 1872 1577 Si
1914 1510 2066 1593 quid
2111 1512 2237 1575 im-

369 1603 610 1683 nderis,
649 1605 883 1667 fratres
921 1599 1298 1683 rependent,
1335 1598 1447 1682 qui
1482 1617 1710 1663 omnes
1747 1616 1879 1663 uno
1915 1618 2238 1663 consensu

282 1624 457 1756 ἕξω)
504 1689 618 1754 tibi
656 1708 918 1755 causam
954 1683 1429 1753 commendant.
1498 1681 1666 1747 Vale
1702 1684 1947 1767 optime
1982 1705 2056 1749 ac
2093 1682 2236 1748 diu-

284 1775 558 1842 tissime.
647 1772 866 1840 Orbae
912 1776 1009 1835 29.
1049 1770 1358 1836 Decemb.
1420 1774 1595 1833 1553.

1345 1908 1528 1973 Tuus
1572 1905 1804 1971 Petrus
1840 1907 2110 1991 eretus

1210 1996 1657 2058 ministrorum
1699 2003 1766 2056 et
1799 2012 2241 2075 pruiessorum

1266 2078 1840 2146 Lausannensium
1884 2077 2168 2142 nomine.

1168 2729 1369 2800 1883.

765 2882 1433 2957 BULLINGERUS
1480 2881 1788 2950 ERBIO.

466 3062 742 3129 Nunciat
790 3060 1025 3127 Servati
1067 3064 1317 3125 monem
1360 3077 1614 3139 eamque
1658 3057 1797 3119 iure
1840 3054 2118 3120 edictam.

281 3255 649 3322 (Excerptum
687 3268 753 3304 ex
800 3250 932 3304 Ood.
980 3249 1144 3301 Basil.
1192 3248 1247 3301 in
1292 3246 1454 3299 Arcb.
1513 3246 1641 3298 eccl.
1685 3248 1989 3297 asservato:
2038 3242 2235 3296 Variae

956 3317 1180 3386 Antiqq.
1219 3314 1312 3369 111.
1344 3315 1434 3368 fol.
1470 3310 1579 3379 47.)

460 3507 1024 3575 Praestantissimo
1071 3505 1209 3571 viro
1253 3504 1332 3569 D.
1359 3502 1684 3568 Matthiae
1724 3498 1947 3579 Erbio,
1992 3500 2238 3584 pastori

278 3594 788 3682 RyehevillauO,
851 3592 1113 3658 domino
1157 3599 1222 3655 et
1263 3588 1456 3654 fratri
1498 3608 1616 3654 suo
1665 3585 1932 3653 colendo
1976 3597 2044 3652 et
2087 3606 2236 3651 caro

1622 3690 2061 3775 Rychenwyr.

278 3864 2227 3887 *ffi——-————-——-—————

458 3922 722 3988 Interea
758 3919 915 3985 dum
959 3918 1175 3984 nullas
1232 3915 1440 3983 scribo
1482 3914 1769 3980 Ser-vetus
1823 3913 2049 3978 infelix
2097 3912 2236 3980 Ge-

278 4029 495 4075 nevae
544 4008 873 4076 coniectus
925 4014 1025 4072 est
1071 4005 1144 4068 in
1197 4000 1481 4068 vincula.
1587 3998 2026 4066 Contulerunt
2083 4020 2235 4065 cum

275 4097 429 4180 ipso
471 4096 711 4161 fratres
754 4092 976 4158 nostri.
1067 4088 1362 4174 Superbe
1407 4098 1474 4152 et
1515 4085 1938 4170 pertinaciter
1993 4085 2237 4149 restitit

276 4181 512 4249 bestia.
582 4178 876 4245 Tandem
922 4177 1257 4260 disputata
1295 4174 1378 4240 ad
1416 4195 1532 4238 nos
1570 4172 1749 4237 misit
1792 4170 2233 4254 amplissimus

278 4269 429 4334 eius
494 4265 882 4350 reipublicae
944 4271 1229 4328 senatus.
1340 4259 1775 4324 Probavimus
1840 4259 2233 4322 sententiam

276 4354 587 4419 fratrum.
680 4347 1160 4416 Damnavimus
1208 4346 1440 4412 Servati
1496 4343 1948 4427 blasphemiae.
2046 4341 2232 4407 Idem

276 4441 582 4505 fecerunt
637 4437 801 4502 aliae
856 4435 1164 4502 eeclesiae
1183 4484 1197 4507 ,
1253 4431 1638 4506 Bernensis,
1703 4427 2231 4507 Schaffhusiana,

278 4524 674 4592 Basiliensis
717 4534 835 4587 etc.
925 4520 1279 4602 Quumque
1334 4519 1400 4581 in
1448 4515 1867 4596 blasphemiis
1911 4522 2231 4598 pergeret,

279 4613 405 4681 sub
466 4612 660 4675 finem
707 4607 1010 4673 Octobris
1065 4606 1441 4671 combustus
1498 4612 1598 4666 est
1642 4601 1971 4666 Genevae.
2058 4600 2232 4664 Hor-

281 4696 509 4765 rendis
544 4692 967 4778 blasphemiis
1011 4691 1320 4757 refertum
1363 4687 1596 4752 librum
1635 4685 1839 4751 edidit
1881 4685 2232 4751 sceleratus

282 4888 619 4897 ——-.--.-.-——--

1990 467 2151 529 1553
2197 462 2605 533 DECEMB.

4173 478 4307 541 722

2337 653 2464 806 ills.
2512 655 2690 805 ἸΗοο
2736 655 2983 722 referes
3018 655 3477 724 Illustrissimo
3499 657 3806 744 Principi,
3848 682 4046 745 quem
4090 663 4310 729 miror

2335 762 2361 804 1
2475 763 2531 807 si
2559 761 2686 806 ere.
2735 779 4306 797 ————————————

2511 878 2744 962 Tiguri
2787 881 2969 945 xxix.
3017 878 3350 947 Decembr.
3399 881 3681 946 aNatali
3724 880 3998 949 Domini
4041 890 4224 951 1654.
4241 889 4306 961 ¹)

3482 1017 3907 1102 Bullingerus
3952 1030 4126 1089 tuus,

3157 1311 3538 1319 ——.-——-.-.---—.-

3225 1527 3418 1598 1884.

2752 1682 3223 1752 GALVINUS
3268 1684 3898 1752 BULLINGERO.

2521 1853 2789 1920 Gratias
2856 1856 2988 1938 ayit
3050 1855 3125 1919 de
3188 1876 3425 1936 nupero
3498 1855 3935 1921 Turiam-sium
4000 1880 4302 1943 responso

2335 1941 2717 2023 praesertim
2770 1960 2961 2022 quum
3016 1940 3135 2006 alii
3191 1943 3403 2007 minus
3444 1943 3602 2005 votis
3646 1942 4072 2025 satisfecerim.
4174 1946 4294 2011 Li-

2343 2026 2523 2091 brum
2592 2031 2802 2091 contra
2862 2025 3180 2092 Seu-vetum
3235 2027 3410 2109 prelo
3465 2032 3665 2109 parat
3725 2030 3899 2111 eiqzie
3964 2032 4299 2097 eorundem

2346 2111 2667 2193 epistolam
2709 2114 2955 2179 inseret.

2349 2283 2461 2345 (Ex
2497 2288 2723 2352 autogra
2762 2284 2833 2336 ho
2868 2283 2995 2336 Cod.
3031 2282 3232 2338 Genev.
3270 2282 3415 2347 1072,
3449 2284 3537 2336 sol.
3572 2283 3655 2336 65.
3689 2284 4095 2341 —Turretinus
4131 2289 4306 2344 habet

2347 2351 2479 2405 Ood.
2518 2350 2633 2415 108,
2670 2352 2724 2405 fo
2750 2392 2761 2404 .
2795 2350 2845 2404 3.
2916 2353 3180 2407 simlerus
3216 2351 3343 2407 Vol.
3385 2351 3455 2406 80
3503 2362 3560 2404 et
3611 2354 3828 2419 quidem
3880 2355 3969 2408 hie
4015 2372 4082 2409 ex
4127 2359 4305 2413 Arch-

2380 2422 2541 2474 Bern.
2577 2421 2719 2490 Epp.
2757 2419 2852 2474 V1.
2892 2438 2942 2490 p.
2977 2419 3096 2477 257.
3132 2449 3200 2460 —
3235 2421 3461 2491 Anglice
3498 2430 3694 2475 exstat.
3730 2422 3881 2479 Tom.
3919 2424 3989 2476 11.
4026 2442 4081 2494 p.
4116 2425 4260 2493 429.)

2478 2589 2913 2657 ornatissimo
2954 2592 3100 2657 viro
3145 2602 3211 2657 et
3253 2594 3493 2657 eximio
3539 2592 3792 2659 Christi
3838 2595 4154 2673 ministre,

2856 2675 2941 2741 D.
2995 2676 3329 2743 Henricho
3373 2678 3777 2763 Bullingero‚

2391 2763 2700 2829 ecclesiae
2735 2764 3091 2847 Tigurinae
3108 2763 3675 2915 ossaeaefffidgmtri
3733 2776 3800 2830 et
3842 2778 4252 2851 symmystae

2520 2985 2814 3051 Tandem
2876 2983 3072 3051 rediit
3124 2986 3402 3051 nuncius
3431 2990 3477 3063 ¹)
3531 2996 3718 3053 sexto
3757 2997 3905 3070 post
3947 2986 4052 3055 die
4097 3010 4302 3073 quam

2348 3072 2510 3138 mihi
2553 3072 2783 3137 literae
2819 3080 2973 3138 tuae
3013 3071 3307 3137 redditae
3350 3072 3624 3137 fuerant.
3707 3071 4153 3139 Schaffusiani
4187 3076 4303 3158 pie

2345 3166 2410 3225 et
2455 3157 2718 3224 cordate
2774 3157 3187 3241 respondent,
3208 3159 3266 3242 ²)
3310 3158 3711 3225 Basilienses
3775 3159 4015 3227 ieiune.
4110 3159 4302 3226 Nihil

2344 3245 2521 3309 enim
2545 3245 2680 3311 fere
2703 3243 2866 3310 dant
2909 3243 3182 3310 consilii.
3249 3244 3538 3309 Tantum
3582 3244 3794 3311 edicta
3836 3267 3956 3312 sua
3997 3246 4300 3325 mittunt,

2341 3332 2483 3396 sine
2505 3330 2641 3395 ullo
2665 3340 2884 3395 tamen
2907 3328 3320 3413 praeiudicio.
3358 3330 3654 3397 Excusat
3676 3331 3901 3397 sedulo
3921 3332 4127 3397 frater
4147 3354 4306 3399 nos-

2340 3424 2446 3481 ter
2473 3415 2773 3482 Sulzems
2798 3414 2969 3499 quod
2989 3415 3135 3499 plus
3157 3436 3292 3480 non
3325 3417 3616 3500 potuerit
3648 3418 4004 3500 impetrari.
4072 3416 4296 3499 Quam

2340 3511 2605 3568 strenue
2650 3522 2806 3566 vero
2843 3501 2926 3567 ad
2981 3522 3098 3567 nos
3155 3501 3478 3569 iuvandos
3533 3501 3909 3569 incubueris
3931 3554 3946 3579 ,
4002 3504 4296 3587 integer-

2339 3589 2505 3653 rime
2541 3599 2609 3652 et
2642 3586 3094 3654 colendissime
3133 3588 3354 3663 frater,
3393 3586 3616 3653 multis
3639 3587 3848 3653 modis
3869 3589 4209 3672 perspicio.
4229 3591 4294 3663 ⁴)

2339 3673 2478 3739 Nec
2524 3673 2748 3738 dubito
2790 3673 2945 3754 quin
2991 3693 3143 3737 suas
3185 3694 3439 3757 quoque
3485 3684 3702 3756 partes
3744 3675 3954 3758 egerit
3975 3673 4060 3739 D.
4093 3674 4296 3740 Guel-

2337 3758 2551 3825 tkerus
2586 3765 2824 3825 noster.
2891 3755 3224 3840 Quidquid
3247 3758 3553 3824 acciderit
3573 3780 3692 3841 pro
3713 3759 4034 3843 singulari
4069 3770 4300 3826 vestra

2338 3844 2468 3910 fide
2491 3847 2880 3930 egregioque
2902 3841 3139 3919 studi0,
3178 3844 3329 3927 plus
3364 3866 3469 3909 me
3508 3844 3687 3910 vobis
3716 3845 3949 3910 debere
3988 3865 4296 3929 agnosce,

2337 3952 2537 4014 quam
2594 3931 2837 3996 referre
2908 3950 3162 4013 queam.
3254 3928 3387 3995 Sed
3447 3931 3802 4006 Dominus,
3862 3932 3967 3996 cui
4023 3953 4296 4013 operam

2339 4017 2510 4082 hanc
2544 4013 2979 4100 impendistis,
3025 4015 3356 4080 cumulate
3399 4017 3655 4081 referet.
3724 4017 3895 4081 Mihi
3932 4030 4107 4082 certe
4152 4039 4296 4083 non

2338 4102 2550 4168 deerit
2581 4110 2811 4167 mutua
2844 4121 3001 4185 erga
3037 4121 3153 4166 vos
3187 4100 3510 4167 voluntas.
3578 4102 3920 4167 Nihildum
3956 4104 4024 4167 in
4062 4111 4298 4169 senatu

2339 4198 2558 4254 actum
2606 4198 2724 4266 est,
2769 4188 2921 4269 quia
2960 4187 3174 4252 adhuc
3229 4187 3456 4251 literae
3515 4198 3670 4252 sunt
3727 4210 3928 4271 penes
3971 4191 4301 4274 interpre-

2338 4282 2493 4339 tem.
2518 4275 2573 4357 ⁵)
2640 4272 2817 4355 Quia
2850 4271 3038 4337 nobis
3071 4274 3408 4356 negotium
3453 4284 3557 4338 est
3600 4295 3748 4339 oum
3795 4275 4300 4356 improbissimis

2337 4357 2928 4437 calumniatoribus,
2976 4359 3192 4422 varias
3237 4357 3423 4423 nobis
3466 4360 3647 4424 rixas
3690 4361 4068 4425 movebunt.
4144 4362 4296 4445 Ego

2337 4454 2563 4511 tamen
2608 4455 2726 4510 aut
2767 4445 3106 4509 victoriam
3163 4454 3277 4508 aut
3335 4443 3737 4510 tolerabilem
3784 4448 4036 4511 exitum
4081 4468 4292 4530 spero.

2338 4532 2557 4598 Simul
2612 4550 2688 4596 ac
2742 4530 3109 4595 confectum
3169 4529 3414 4613 aliquid
3473 4531 3630 4609 erit,
3689 4531 3857 4598 dabo
3902 4553 4170 4616 operam
4215 4544 4296 4598 ut

2338 4618 2668 4683 resciscas.
2758 4615 2966 4681 Nobis
3009 4616 3185 4679 enim
3231 4618 3593 4681 communis
3636 4618 3764 4682 erit
3806 4618 4184 4702 gratulatio,
4234 4621 4300 4686 si

2335 4725 2418 4768 ex
2466 4715 2616 4769 voto
2659 4701 3056 4767 successerit.

2279 4892 2285 4987 ξ
2334 4908 2514 4964 1888.
2551 4908 2610 4967 1)
2647 4906 2784 4960 Nam
2840 4925 2873 4959 a
2917 4907 3097 4959 Natali
3149 4906 3361 4960 Domini
3422 4907 3626 4972 incepit
3685 4906 4031 4975 Bullingerus
4088 4924 4296 4962 novum

492 4988 555 5051 3)
591 4985 685 5041 Aa
718 5001 785 5039 ea
817 4998 959 5053 quae
992 4996 1169 5051 supra
1204 4979 1282 5034 ad
1316 4978 1396 5034 N.
1437 4976 1566 5031 1771
1623 4976 2012 5032 adnotavimus
2046 4976 2113 5031 de
2145 4990 2231 5031 ec·
2279 4990 2285 5029 ι
2334 4996 2534 5032 annum
2571 4993 2856 5029 numerare
2894 4974 3157 5043 (Simler).

278 5057 452 5114 denia
480 5055 709 5111 orbam
740 5053 857 5108 iam
888 5054 1022 5109 haee
1054 5049 1396 5105 adiiciamus.
1462 5046 1645 5116 Quum
1662 5047 1973 5102 Beruenses
1998 5046 2234 5114 patroni

278 5131 683 5208 temporum
717 5122 817 5193 qm·
847 5123 928 5177 ibi
958 5118 1340 5204 reformationi
1359 5116 1641 5199 favebant,
1667 5116 2072 5239 Frt'bngergenlegs
2099 5130 2233 5238 ἳονο
2280 5136 2284 5187 1
2334 5132 2465 5185 quu-

280 5188 1646 5320 mmagaBms’
1678 5191 1787 5309 sigi
1830 5201 2232 5309 moderat·
2280 5202 2285 5337 ξ

390 5334 402 5346 ’
1454 5324 1658 5379 educta
1691 5329 1773 5379 est
1804 5339 1978 5394 usque
2012 5323 2088 5378 ad
2120 5338 2228 5377 me·

278 5333 630 5389 &mmmdcc
656 5330 1032 5401 pomum.
1105 5328 1203 5382 Ita
1248 5342 1336 5382 res

278 5402 442 5458 dium
475 5418 702 5458 amun.
773 5399 1148 5468 (Pimeflem’.
1185 5396 1312 5467 284,

428 5488 648 5544 Calvisi
678 5503 861 5558 opera.
945 5485 1054 5541 Vol.
1093 5483 1186 5538 XI
1204 5484 1260 5539 V.

1400 5393 1584 5458 uehat,
1620 5394 1709 5449 VI.
1747 5393 1856 5449 70.)

2422 5116 2434 5127 ·
2739 5044 2750 5056 ”
2783 5044 3018 5098 consilia
3050 5043 3398 5098 ecelesiarum
3448 5042 3517 5098 de
3561 5043 4121 5098 excommunicatione
4154 5061 4299 5100 eon-

2465 5130 2598 5252 Μ2)
2637 5181 2716 5237 Ν.
2757 5118 2908 5236 ιὲξθ.

2542 5253 2601 5317 3)
2638 5250 2715 5307 N.
2755 5250 2909 5307 1877.

2541 5322 2601 5385 4)
2643 5321 2717 5376 N.
2757 5320 2890 5376 1857
3020 5361 3033 5374 .
3733 5386 3743 5397 ·
3890 5387 3900 5398 ·
4127 5387 4139 5398 .

2544 5391 2601 5459 5)
2638 5334 3109 5446 mmoomffssum
3144 5387 3358 5442 demum
3391 5403 3462 5440 m.
3498 5387 3775 5441 lamam
3795 5385 4016 5525 :gnam
4046 5385 4182 5453 fact.

2333 5047 2515 5101 1884.
2554 5044 2614 5105 1)
