4900 6167
249 424 363 488 437

249 612 380 677 sine
423 610 828 693 sumptibus,
874 609 1218 694 omniaque
1263 610 1391 678 illis
1557 611 1723 677 tuito
1767 608 2191 709 suppeditant

249 695 575 778 religionis
611 716 785 779 ergo.
854 695 934 760 D.
978 693 1296 771 Calvinus,
1346 697 1402 764 G
1564 697 1657 761 ‘us
1694 704 1759 762 et
1795 695 1906 762 ahi
1949 691 2190 763 fratres

249 783 610 848 resalutant
655 793 719 846 te
763 780 1061 863 pluribus
1104 782 1338 848 verbis.
1391 819 2188 832 ———————

253 869 558 935 Genevae
606 866 814 951 pridie
860 867 1006 932 idus
1050 865 1395 934 Decembr.
1451 872 1631 934 1552.

1366 1007 1548 1072 'I'uus
1591 1027 1671 1070 ex
1718 1007 1936 1071 animo

1597 1109 1680 1175 G.
1727 1107 2100 1175 Prevot-ius.

1131 1659 1317 1728 1686.

698 1831 857 1896 VIR
871 1831 1105 1897 ETUS
1155 1831 1755 1898 GUALTHERO.

422 2003 758 2068 Gammae
797 2002 1000 2068 oblata
1046 2003 1341 2070 nonnulla
1401 2024 1558 2070 nova
1603 2005 2086 2070 Lauemmensia
2137 2005 2195 2067 ei

247 2092 452 2166 mit,
500 2099 843 2173 temporum
888 2091 1210 2154 miseriam
1255 2090 1426 2169 deflet
1444 2139 1458 2156 .
1518 2112 1712 2172 quum
1757 2089 2042 2156 omnibus
2077 2094 2195 2154 ter-

243 2178 332 2242 rie
373 2176 531 2241 bello
577 2176 838 2240 vastatis
889 2176 1094 2256 ipsius
1127 2177 1351 2256 patria
1391 2178 1522 2258 fere
1563 2176 1701 2242 sola
1743 2177 1966 2258 aliqua
2006 2175 2193 2255 frua-

239 2267 337 2327 aar
369 2262 849 2342 tranquillitate,
896 2264 1218 2344 speciatim
1250 2264 1638 2343 captivorum
1676 2261 2194 2346 Luyduneasium

241 2355 462 2414 sertem
507 2349 728 2412 antiis
783 2348 940 2412 voti-3
988 2348 1421 2429 prosequitur,
1481 2356 1537 2412 et
1582 2349 2070 2416 commndatum
2106 2351 2195 2412 ta-

240 2433 572 2503 hellarium
615 2453 756 2497 eum
798 2432 984 2499 laude
1027 2435 1298 2498 remittit.

241 2607 344 2671 (Ex
380 2605 732 2674 autographo
753 2605 894 2658 Bibl.
933 2604 1286 2660 civio.'1'uric.
1325 2605 1474 2658 MSS.
1511 2605 1662 2658 Tem.
1703 2604 1799 2658 VI.
1836 2620 1978 2658 nuuc
2012 2603 2071 2657 F.
2107 2601 2190 2668 41,

773 2672 865 2728 fol.
902 2673 984 2728 57.
1035 2702 1089 2710 -
1133 2673 1342 2728 Simler.
1381 2673 1497 2727 Vol.
1537 2671 1638 2740 78.)

399 2846 983 2914 Praestantissimo
1052 2845 1189 2910 viro
1263 2847 1344 2910 D.
1401 2843 1753 2928 Rodulpho
1826 2841 2190 2910 Gualthero

237 2931 594 3018 Tigurinae
669 2931 980 2997 ecclesiae
1037 2931 1338 2998 ministro
1395 2930 1583 2996 fratri
1645 2942 1713 2995 et
1783 2936 2193 3015 symmystae

235 3038 423 3101 quam
475 3019 814 3083 carissimo

1763 3100 2012 3185 Tiguri.

401 3241 555 3305 Etsi
601 3238 765 3304 nihil
815 3237 1021 3303 habeo
1068 3260 1389 3304 novarum
1437 3255 1651 3305 rerum
1692 3238 1862 3321 quod
1903 3247 1970 3302 te
2014 3257 2190 3320 mag-

235 3347 478 3412 nopere
528 3325 850 3392 delectare
896 3326 1132 3408 possit,
1195 3325 1371 3390 nolui
1429 3338 1650 3390 tamen
1697 3324 1877 3391 hunc
1924 3322 2188 3387 tabella·

231 3414 438 3491 rium,
495 3434 686 3496 quem
733 3412 898 3476 mihi
943 3411 1293 3494 aliquando
1339 3409 1838 3486 commendasti,
1900 3418 2187 3493 praeter-

231 3502 516 3578 mittere,
562 3500 724 3582 quin
769 3499 827 3562 ei
873 3497 1118 3579 aliquid
1164 3497 1243 3562 ad
1285 3509 1347 3562 te
1392 3497 1613 3562 darem
1650 3496 2006 3562 literarum.
2085 3495 2188 3559 De

230 3595 403 3651 statu
455 3585 653 3650 huius
697 3583 957 3649 scholae
1000 3593 1067 3648 et
1109 3583 1416 3649 ecclesiae
1462 3582 1541 3648 de
1585 3603 1661 3647 co
1705 3581 1947 3647 audies.
2037 3580 2188 3644 Non

232 3671 496 3756 ignoras
560 3691 753 3754 quam
814 3670 1130 3735 iacturam
1179 3671 1526 3736 fecerimus
1586 3670 1652 3733 in
1711 3671 1909 3732 fratre
1965 3675 2187 3732 nostro

237 3759 535 3838 Quintino
578 3769 998 3839 praematura
1043 3755 1226 3821 nobis
1284 3765 1494 3822 morte
1536 3767 1854 3837 surrepto.
1886 3757 1930 3832 ¹)
2020 3752 2188 3817 Eius

231 3844 367 3909 viee
430 3843 754 3926 elegimus
818 3840 900 3906 D.
949 3840 1371 3906 Eustathium
1425 3841 1902 3923 Queroetanum,
1963 3838 2182 3902 virum

229 3929 478 4011 pietate
524 3927 768 3994 eximia
826 3941 890 3991 et
935 3930 1110 3991 omni
1168 3926 1508 3992 literarum
1555 3945 1793 4010 genere
1850 3922 2184 3989 ornatissi-

229 4017 514 4090 mum.²)
618 4012 827 4096 Spero
883 4013 1020 4077 fore
1081 4025 1152 4076 ut
1218 4012 1447 4079 electio
1502 4021 1729 4076 nostra
1789 4010 2186 4094 principibus

228 4101 473 4167 nostris
517 4122 647 4165 non
714 4098 1083 4182 displiceat,
1155 4100 1233 4163 ad
1296 4121 1455 4181 quos
1509 4098 1832 4180 profectus
1876 4105 1976 4162 est
2032 4115 2183 4159 cum

225 4189 472 4252 nostris
531 4186 759 4252 literis.
850 4186 1067 4252 Pestis
1129 4186 1342 4268 coepit
1398 4206 1540 4250 sese
1599 4185 1952 4252 remittere.
2040 4181 2184 4245 Iam

224 4274 437 4338 tribus
483 4272 723 4338 abhinc
770 4269 1283 4337 hebdomadibus
1344 4292 1552 4354 neque
1598 4289 1676 4334 ea
1729 4268 2025 4334 sublatus
2082 4275 2183 4330 est

223 4361 571 4442 quisquam
616 4379 826 4441 neque
884 4364 1239 4440 correptus.
1329 4357 1434 4423 De
1489 4356 1737 4422 bellicis
1792 4353 2182 4419 tumultibus

224 4464 354 4510 non
413 4445 546 4510 nisi
603 4444 820 4509 tristia
877 4441 1196 4509 audimus.
1288 4443 1544 4510 Galliae
1604 4443 1682 4507 be
1756 4440 1920 4520 icae,
1984 4459 2178 4523 quam

224 4539 464 4596 vocant
485 4530 882 4606 Picardiam‚
928 4550 1083 4611 pars
1119 4527 1327 4594 multo
1372 4528 1659 4593 maxima
1784 4526 1976 4591 mmis
2013 4524 2178 4590 an-

223 4617 508 4684 surianis
577 4624 969 4699 consumpta
1041 4625 1158 4680 est.
1180 4620 1230 4690 ⁸)
1338 4615 1530 4679 Vivit
1603 4615 1819 4698 itaque
1882 4610 2183 4680 Calvinus

219 4723 353 4767 non
399 4703 618 4770 solum
676 4701 822 4767 urbi
884 4722 1039 4768 suae
1099 4699 1213 4766 sed
1270 4699 1468 4766 etiam
1525 4700 1775 4783 patriae
1834 4705 2180 4780 superstes.

223 4784 413 4869 Quae
472 4791 560 4854 sit
613 4787 849 4870 ubique
911 4786 1292 4870 trepidati0‚
1365 4807 1537 4868 quae
1580 4784 1832 4864 clades,
1894 4793 1962 4848 et
2018 4803 2181 4866 quae

216 4961 390 4974 *nf-
403 4967 474 4973 --.—
489 4966 634 4973 -μ

219 5075 394 5134 loess.
425 5083 479 5143 1)
523 5081 659 5135 Fuit
712 5081 761 5134 is
814 5079 965 5149 prof.
1023 5075 1399 5160 ηὴᾷοεορζιίαε
1447 5076 1871 5131 Lmannemn's
1918 5074 2184 5131 Zebedaei

218 5161 514 5212 successor,
553 5157 718 5205 antea
751 5155 942 5219 pastor
995 5152 1371 5228 Viennensi-3..
1410 5146 1514 5212 (N.
1551 5143 1702 5198 1242.
1740 5143 1923 5212 1259.)
2105 5213 2115 5226 υ

214 5286 326 5342 aa..
371 5219 907 5344 „0²A.;³¹‡”05.'5r.1'12⁶⁸
922 5213 1519 5358 f3”.,⁶.5.¹³⁸.5⁸‘..'⁸3‘÷‚ff·
1556 5213 1632 5268 ᾤ’
1676 5211 1927 5292 ⁰⁹⁰⁸”02‘
1961 5227 2182 5282 memus

425 5359 486 5417 3)
532 5359 605 5412 N.
649 5355 801 5424 1674,
835 5364 946 5413 not.
983 5356 1031 5409 4.

1947 424 2105 488 1652
2152 420 2553 492 DEOEMB.

4112 435 4247 500 438

2289 610 2684 680 immineant
2725 612 3028 678 omnibus
3071 614 3375 697 pericula,
3424 616 3696 700 quisque
3742 615 4062 682 coniiccre
4150 631 4249 682 ot-

2292 705 2424 772 est,
2484 695 2849 766 commissis
2903 698 3082 765 inter
3132 721 3203 766 so
3249 713 3380 766 tam
3436 695 3810 784 potentibus
3856 723 4118 768 monarc
4172 705 4245 777 is,

2293 782 2508 862 Gallo,
2553 781 2865 861 Caesare,
2910 784 3143 851 Tureo.
3230 785 3309 851 In
3356 799 3491 850 toto
3538 787 3894 853 christiano
3941 788 4095 854 orbe
4140 789 4247 854 hic

2293 867 2471 935 solus
2506 876 2717 934 terrae
2754 869 3036 953 angulus
3073 892 3266 953 quem
3303 872 3647 937 incolimus
3731 875 3942 938 uictus
3973 885 4038 937 et
4074 885 4251 939 tran·

2295 953 2538 1039 quillus
2581 953 2772 1020 nobis
2828 955 3092 1021 relictus
3135 965 3252 1022 est.
3348 963 3559 1041 Atque
3616 975 3867 1025 utinam
3933 980 4245 1043 agnosca-

2294 1061 2441 1107 mus
2485 1049 2738 1106 tantam
2786 1041 2955 1108 hanc
2992 1042 3120 1110 Dei
3164 1063 3319 1126 erga
3378 1066 3493 1108 uos
3555 1043 3748 1129 longe
3795 1046 3923 1110 alia
3982 1046 4249 1111 meritos

2243 1135 2246 1146 '
2295 1123 2738 1205 elementiam,
2800 1147 2929 1211 qua
2971 1148 3097 1210 quo
3140 1129 3475 1194 abutimur
3518 1130 3926 1213 perfidiosius
3985 1143 4050 1195 et-
4110 1143 4247 1194 tm·-

2297 1212 2473 1294 pius,
2534 1233 2609 1278 eo
2655 1213 2864 1297 magis
2911 1213 3033 1278 Dei
3081 1213 3494 1282 imminentia
3554 1217 3811 1294 flagella
3869 1219 4245 1283 extimesco.

2295 1297 2480 1364 Inter
2534 1298 2657 1364 hos
2717 1298 2982 1365 bellicos
3033 1307 3249 1365 motus
3309 1314 3374 1365 et
3427 1302 3839 1385 quotidianas
3896 1303 4113 1368 clades
4181 1321 4248 1367 ot

2297 1393 2430 1449 tam
2491 1384 2857 1467 frequentia
2914 1383 3218 1451 incendia
3273 1400 3335 1451 et
3397 1388 3656 1452 urbium
3735 1388 4057 1454 cadavera
4115 1411 4247 1453 non

2296 1481 2509 1534 cessat
2553 1479 2776 1535 tamen
2821 1471 3097 1536 saevitia
3140 1469 3211 1535 iu
3255 1471 3507 1538 Christi
3566 1474 3980 1555 professores.
4074 1473 4247 1558 Gap-

2297 1555 2416 1620 tivi
2461 1555 2942 1641 Lugdunenses
3002 1579 3174 1624 nunc
3232 1556 3301 1621 in
3358 1573 3650 1622 extremo
3710 1575 4062 1626 vorsantur
4118 1560 4248 1624 dis-

2297 1640 2603 1707 crimine:
2692 1663 2964 1725 quorum
3035 1643 3295 1708 vincula
3382 1645 3654 1710 mirifice
3725 1645 4247 1730 Lugdunensem

2297 1740 2626 1794 auxerunt
2703 1727 3061 1794 ecclesiam.
3188 1727 3475 1794 Senatus
3553 1731 3912 1798 Boi-nensis
3993 1731 4299 1797 nullum'

2297 1821 2472 1878 certe
2525 1812 2594 1877 in
2657 1811 3078 1880 sublevandis
3135 1825 3201 1880 et
3258 1815 3557 1882 iuvandis
3624 1817 3753 1881 illis
3806 1820 4247 1898 praetermisit

2297 1898 2619 1966 officium:
2676 1899 2860 1966 cuius
2906 1901 3001 1965 rei
3043 1901 3258 1984 gratia
3304 1904 3535 1965 merito
3583 1903 3769 1968 nobis
3814 1903 4249 1987 gratulamur,

2341 1981 2469 2050 uod
2532 1986 2718 2050 uobis
2784 1994 2920 2050 tam
2994 1987 3133 2069 pios
3212 1986 3532 2070 principos·
3592 1986 3783 2054 Deus
3844 1989 4248 2072 praefecerit.

2368 2090 2483 2135 aee
2527 2069 2610 2134 ad
2654 2082 2719 2135 te
2778 2072 2986 2138 scribo
3048 2083 3123 2136 ut
3166 2073 3441 2137 subinde
3501 2096 3720 2138 eorum
3789 2075 4254 2157 rempublicam

2295 2155 2366 2220 in
2415 2155 2544 2221 tuis
2581 2156 2878 2239 precibus
2916 2157 3031 2223 tibi
3071 2155 3336 2222 reddam
3374 2161 4013 2240 commendatiorem,
4061 2167 4255 2243 atquo

2298 2241 2497 2307 etiam
2541 2250 2616 2307 ut
2660 2240 3067 2310 decertantes
3111 2242 3348 2308 fratros
3374 2243 3659 2309 Domino
3696 2247 4033 2311 ardentius
4077 2267 4252 2313 com-

2300 2325 2585 2393 mendes.
4262 2325 4279 2332 “

2472 2412 2604 2478 Hic
2649 2414 3061 2492 tabellarius,
3120 2439 3310 2496 quom
3373 2416 3532 2480 mihi
3579 2417 4079 2493 commendasti,
4142 2417 4258 2482 ho-

2302 2508 2483 2564 neste
2518 2519 2588 2564 se
2627 2497 2961 2565 nobiscum
2999 2503 3221 2585 gessit,
3259 2524 3465 2584 neque
3501 2500 3727 2567 dubito
3763 2504 3920 2586 quin
3956 2523 3994 2566 a
4028 2513 4254 2569 nostro

2298 2597 2548 2650 rectore
2616 2586 2857 2650 referat
2920 2610 2988 2650 se
3057 2585 3331 2672 dignum
3415 2588 3855 2653 testimonium
3926 2600 3992 2652 et
4073 2588 4255 2654 vobis

2296 2682 2578 2755 gratum.
2668 2671 2817 2754 Ego
2861 2674 3042 2738 nullo
3088 2693 3375 2754 unquam
3435 2694 3580 2744 meo
3634 2675 3846 2740 officio
3890 2673 4064 2738 iuvi:
4122 2696 4252 2739 non

2296 2756 2469 2839 quod
2513 2756 2795 2821 defuerit
2838 2760 3127 2837 animus,
3171 2759 3287 2823 sed
3333 2759 3501 2841 quod
3550 2780 3625 2824 eo
3670 2771 3785 2825 aut
3828 2781 3957 2823 non
4004 2760 4255 2844 eguerit

2296 2851 2409 2909 aut
2470 2862 2599 2907 non
2654 2843 3056 2928 significarit.
3160 2845 3468 2929 Collegae
3527 2855 3591 2911 et
3650 2853 4058 2930 symmystae
4125 2849 4250 2910 mei

2292 2935 2359 2994 te
2430 2949 2662 2994 omnes
2721 2929 3009 2995 salutant
3077 2933 3538 2996 amantissime.
3646 2928 3883 2995 Saluta
3944 2951 4088 2996 meo
4135 2952 4249 2995 no-

2294 3013 2474 3079 mine
2541 3012 2625 3080 D.
2704 3014 3180 3101 Buzzinyerum,
3282 3017 3672 3083 Pellicanum
3689 3069 3704 3095 ,
3791 3016 4251 3082 Bibliandrum

2293 3108 2361 3165 et
2415 3109 2705 3166 veterem
2764 3112 3060 3167 nostrum
3109 3103 3390 3168 amicum
3450 3102 3533 3167 D.
3587 3103 3994 3168 Gnesnerum.
4085 3102 4255 3166 Vale

2291 3186 2551 3269 optime.
2641 3186 3039 3253 Lausannae
3095 3193 3189 3252 12.
3240 3187 3581 3255 Decembr.
3638 3193 3815 3252 1552.

3270 3325 3454 3392 Tuus
3499 3323 3740 3392 Petrus
3789 3323 4078 3393 Viretus.

3176 3854 3362 3924 1687.

2824 4007 3221 4075 VIRE'I'US
3270 4009 3383 4075 CA
3402 4009 3704 4076 LVINO.

2462 4181 2619 4266 Ayit
2656 4181 2731 4248 de
2765 4181 3031 4262 captivis
3072 4180 3614 4263 Luydmiensibu&
3651 4182 3725 4245 cie
3747 4203 4012 4264 quorum
4046 4203 4239 4249 causa

2284 4268 2503 4334 literae
2542 4268 2630 4333 ad
2675 4267 2905 4352 Reqem
2947 4267 3292 4346 mittuntur,
3339 4268 3485 4332 item
3528 4268 3695 4332 aliae
3739 4268 3824 4332 ad
3864 4269 4066 4350 ipsae,
4109 4290 4241 4333 mo-

2283 4359 2492 4421 nentes
2534 4358 2603 4420 ut
2646 4358 2883 4437 tempus
2926 4358 3227 4436 quantum
3254 4353 3503 4433 possint
3536 4353 3927 4434 protrahant.

2283 4521 2394 4649 ἐκ
2430 4526 2770 4595 autographo
2808 4523 2938 4579 Cod.
2977 4525 3178 4578 Genev.
3220 4522 3342 4575 111ΙΙ
3396 4523 3485 4576 fol.
3524 4521 3641 4575 102.
3700 4523 3895 4578 Exstat
3930 4540 4144 4594 quoque
4182 4525 4237 4578 in

2361 4596 2413 4648 d.
2454 4593 2570 4663 116,
2603 4595 2696 4649 foi.
2738 4591 2835 4647 128
2872 4610 2949 4658 v„
2988 4594 3198 4716 3¹32,-
3237 4568 3609 4726 &offflibw'
3650 4609 3699 4661 p.
3743 4589 3845 4645 247
3885 4603 3939 4646 et
3977 4611 4058 4662 ap.
4096 4592 4235 4647 sim-

2458 4835 2725 4901 Eximio
2769 4834 2923 4900 Iesu
2969 4832 3217 4899 Christi
3264 4852 3453 4897 servo
3497 4832 3730 4897 Ioanni
3776 4831 4049 4897 Calvino

3727 4934 4058 5001 Genevae.

2459 5039 2528 5142 S.
2608 5074 2951 5159 Intelliges
3027 5095 3109 5139 ex
3181 5071 3388 5139 literis
3444 5069 3837 5137 Bernatium
3861 5071 3912 5152 ¹)
3970 5068 4050 5135 ad
4124 5092 4233 5135 me

2283 5163 2436 5246 quid
2495 5184 2535 5228 a
2589 5182 2697 5226 me
2741 5162 3092 5245 requirant.
3184 5160 3353 5223 Eam
3399 5157 3477 5223 ob
3525 5177 3784 5223 causam
3848 5157 3999 5222 misi
4059 5156 4239 5224 hune

2280 5349 2456 5406 1687.
2486 5351 2546 5415 1)
2583 5351 2922 5422 captivorum
2954 5351 3142 5420 qratia
3178 5347 3412 5419 scriptis,
3450 5352 3510 5402 ut
3543 5344 3809 5484 videtu&⁸
