4900 6167
252 426 354 490 633

250 612 398 678 (Exue
463 616 582 665 tum
625 628 693 665 ex
740 612 1078 683 autographo
1121 612 1282 667 Areh.
1318 613 1497 666 Turio.
1533 613 1677 667 Plut.
1727 613 1821 667 v1.
1874 614 1998 668 Vol.
2052 613 2168 683 170,

274 681 385 736 olim
455 681 587 733 erin.
624 680 684 733 B.
723 680 866 751 Epp.
901 682 1053 736 Tom.
1091 679 1177 749 44,
1214 683 1307 737 fol.
1343 680 1463 736 561.
1504 709 1563 719 -
1604 682 1817 736 Simler.
1856 683 1981 737 Vol.
2019 681 2131 751 80.)

389 850 771 919 Clarissimo
834 851 919 917 D.
988 853 1280 920 Henrieo
1357 853 1748 938 Bullingero
1810 853 2166 938 'I‘igurinae

245 936 526 1006 eeclesiae
567 938 872 1004 ministro
915 939 1107 1004 fratri
1146 947 1216 1004 et
1258 938 1522 1005 domino
1566 939 1902 1006 carissimo

1741 1025 1994 1109 Tiguri.

389 1196 493 1260 Ex
538 1194 753 1261 literis
796 1206 866 1261 et
924 1217 1225 1262 sermone
1283 1196 1639 1261 multorum
1685 1197 1941 1274 audivi,
2001 1219 2168 1280 quae

241 1292 529 1366 gerantur
565 1281 897 1360 Genevae,
942 1303 1095 1347 eum
1139 1282 1421 1347 fanatico
1464 1282 1575 1347 illo
1616 1281 1877 1360 Servate,
1922 1305 2051 1366 qua
2094 1284 2165 1348 in

238 1388 297 1432 re
334 1366 552 1432 audies
596 1389 637 1431 a
694 1387 803 1433 me
856 1388 991 1433 non
1046 1366 1233 1432 nihil.
1330 1368 1682 1434 Gribaldus
1737 1368 1935 1446 enim,
1980 1378 2164 1435 ante-

235 1473 406 1535 quam
449 1473 629 1518 nune
672 1452 757 1518 ad
798 1462 865 1519 te
910 1454 1182 1525 veniret.
1227 1454 1354 1518 fuit
1396 1453 1510 1518 ubi
1552 1453 1752 1537 probe
1795 1454 2053 1538 nosti,¹)
2099 1463 2165 1519 et

236 1538 434 1603 audivi
492 1538 829 1605 hominem
883 1539 1313 1606 disserentem
1367 1550 1433 1604 et
1490 1562 1643 1606 suos
1697 1549 1959 1605 autores
2010 1562 2162 1626 pro-

232 1624 530 1690 ferentem
582 1625 653 1690 in
695 1625 1007 1690 medium.
1093 1625 1334 1690 Coram
1385 1627 1687 1692 narrabo,
1776 1626 1971 1691 Nune
2014 1635 2161 1692 tan-

235 1718 355 1775 tum
397 1710 712 1787 dixerim,
769 1732 877 1776 me
918 1710 1271 1777 abhorrere
1316 1712 1578 1794 quidem
1621 1732 1661 1776 a
1703 1710 2036 1791 servetis,
2095 1720 2165 1777 et

232 1794 287 1860 id
340 1817 550 1880 genus
612 1798 944 1862 monstris.
1048 1797 1313 1862 Interea
1372 1809 1595 1863 tamen
1660 1818 1795 1862 non
1856 1807 2160 1881 putarem

229 1881 364 1965 igne
426 1890 543 1947 aut
608 1881 784 1948 ferro
848 1892 1076 1948 eontra
1139 1903 1217 1947 ea
1271 1883 1608 1949 utendum.
1709 1883 1895 1950 Haeo
1954 1883 2034 1948 ad
2096 1893 2162 1950 te

226 1975 557 2050 propterea
600 1967 844 2047 scribo,
900 1970 1054 2052 quia
1097 1969 1519 2034 Genevenses
1576 1970 1813 2034 fratres
1866 1968 2165 2035 scribunt

228 2051 300 2117 ad
336 2075 472 2130 me,
527 2054 710 2119 illam
756 2054 1095 2120 ecelesiam
1141 2063 1364 2120 vestra
1407 2056 1679 2120 eonsilia
1724 2076 1863 2121 esse
1908 2057 2161 2138 quaesi-

229 2146 447 2216 turam,
493 2154 561 2206 et
602 2142 753 2219 seio,
798 2141 1034 2224 quanti
1077 2138 1248 2223 apud
1293 2162 1438 2205 eam
1484 2152 1599 2206 tua
1642 2142 1959 2205 autoritas
2004 2141 2163 2206 vali-

226 2237 358 2290 tura
398 2226 502 2290 sit.
591 2227 779 2291 Bene
823 2225 972 2291 vale
1016 2234 1086 2292 et
1128 2225 1312 2291 salve
1355 2248 1504 2291 oum
1549 2227 1811 2311 generis
1854 2229 2017 2304 tuis,
2064 2236 2161 2292 to-

225 2318 400 2393 taque
461 2312 724 2377 familia.
817 2310 1023 2377 Orate
1080 2333 1196 2395 pro
1255 2333 1377 2377 me.
1468 2312 1708 2378 Curiae
1750 2312 2160 2379 Rhaetorum

225 2399 273 2460 3.
315 2395 624 2464 Octobris
673 2402 854 2462 1553.

1611 2484 1988 2568 Vergerius.

1099 2874 1286 2947 1815.

696 3028 1191 3097 TORNAOUS
1238 3030 1677 3097 OALVINO.

219 3284 321 3355 m
359 3204 694 3355 offundam
736 3203 913 3269 addit
954 3202 1359 3268 vexatissimo
1401 3202 1662 3287 colleyae
1706 3209 1765 3268 et
1808 3203 2157 3287 afflictioni-

539 3461 653 3527 (E'x
689 3462 1027 3532 autographo
1063 3458 1195 3514 Cod.
1234 3460 1395 3516 Goth.
1429 3459 1550 3527 405,
1587 3462 1678 3515 fol.
1714 3459 1831 3528 57.)

375 3633 683 3698 Eximiae
737 3634 1003 3717 pietatis
1046 3636 1220 3710 vir0,
1288 3632 1697 3699 observando
1741 3633 1825 3696 D.
1872 3632 2156 3699 Oalvino

216 3718 514 3785 eeclesiae
560 3719 874 3785 Genevae
917 3723 1163 3802 pastori
1207 3718 1727 3803 vigilantissimo.

1561 3806 1625 3870 A
1667 3804 1982 3870 Genefve.

372 3889 444 3957 S.
493 3913 570 3958 ae
613 3892 795 3957 vitae
839 3893 1301 3959 innocentiam.

372 4010 476 4075 Ne
557 4019 750 4095 putes
829 4032 934 4075 me
1013 4012 1110 4075 tui
1188 4011 1667 4085 immemorem,
1749 4010 2154 4077 observande

218 4091 489 4161 Calvine:
540 4096 727 4163 novit
754 4096 1082 4163 Dominus
1112 4116 1219 4162 me
1256 4106 1517 4162 tuarum
1554 4095 1977 4160 afflietionum
2013 4119 2155 4164 esse

214 4182 612 4265 participem.
715 4183 862 4248 Tibi
921 4194 988 4248 et
1042 4182 1230 4249 nobis
1289 4180 1499 4248 aderit
1540 4180 1864 4248 Dominus
1919 4192 1985 4247 et
2041 4203 2154 4248 ve-

214 4264 340 4332 rius
384 4289 548 4333 suae
592 4268 918 4335 eeclesiae.
1006 4269 1376 4354 Pergamus
1434 4267 1644 4352 igitur
1696 4268 1768 4331 in
1824 4270 2156 4353 proposito

213 4355 563 4420 eei-tamine
629 4365 698 4419 et
757 4365 1023 4421 strenue
1083 4376 1433 4438 sequamur
1489 4353 1830 4419 Christum
1891 4353 2154 4421 dueem:

211 4434 278 4500 in
318 4460 523 4506 manu
579 4454 681 4505 est
737 4440 1028 4506 vietoria.
1120 4440 1448 4506 Audimus
1497 4439 1708 4505 multa
1767 4450 1835 4504 at
1887 4442 2154 4506 ineerta.

212 4521 386 4589 Tuae
430 4526 638 4610 igitur
690 4527 923 4591 literae
976 4547 1084 4592 me
1134 4528 1479 4593 eertiorem
1536 4524 1812 4603 faoiant,
1869 4525 2160 4593 obtestor

212 4626 322 4689 per
360 4611 749 4678 Dominum.
823 4612 1082 4696 Ubique
1124 4611 1507 4678 revelantur
1547 4633 1631 4677 ex
1674 4612 1904 4678 multis
1948 4612 2158 4677 eordi-

212 4691 327 4761 bus
370 4698 802 4782 cogitationes
839 4720 1066 4764 eorum
1110 4700 1222 4782 qui
1261 4705 1512 4764 eanunt
1554 4698 1960 4783 triumphum
2005 4707 2158 4764 ante

212 4779 572 4849 vietor-iam.
663 4785 901 4850 Gratia
953 4785 1257 4849 Domino,
1359 4784 1546 4850 Bene
1605 4785 1766 4851 vale.
1871 4783 2157 4850 Oremus

210 4866 343 4932 sine
387 4871 872 4936 intermissione
926 4880 1000 4935 ut
1044 4871 1373 4935 Dominus
1431 4872 1681 4952 aperiat
1735 4872 1972 4936 ostium
2018 4892 2155 4935 ser-

209 4956 379 5019 moni
427 4976 562 5021 suo.
652 4960 891 5034 Amen,
937 4978 1146 5022 amen.

368 5058 690 5140 Aquileae
736 5062 793 5124 2.
843 5056 990 5125 Oet.
1044 5062 1225 5123 1553.
1386 5132 1393 5139 ,

1038 5179 1220 5245 Tuus
1260 5177 1544 5245 Ioannes
1589 5200 1628 5244 a
1670 5181 1981 5246 Tomaoo.

205 5344 375 5401 1814„
414 5350 475 5416 1)
511 5349 782 5407 Aoeurate
816 5348 883 5404 de
915 5350 1003 5405 his
1044 5350 1300 5406 Trechael.
1320 5348 1408 5404 11.
1446 5348 1516 5405 55
1550 5366 1629 5423 sq.
1686 5351 1771 5418 Of.
1808 5350 1979 5407 adN.
2000 5349 2153 5404 1834.

1954 432 2114 493 1553
2160 426 2485 497 OO'POB.

3950 457 3958 464 ‘
4096 447 4222 510 634

3161 623 3340 694 1816.

2270 770 2466 837 DER
2510 774 2770 841 RATH
2814 776 3008 843 VON
3064 777 3810 948 (SJOHGAFFHAUSEN
3861 784 3983 850 AN
4030 784 4224 853 DEN

2995 882 3060 945 V
3129 882 3188 946 N
3303 883 3508 949 ENF.

2270 1047 2982 1214 barffeffffzkdmw
3003 1054 3131 1136 auf
3141 1056 3259 1119 clas
3287 1054 3531 1122 Gesuoh
3551 1057 3672 1123 den
3696 1056 3956 1127 Process
3978 1060 4225 1131 Servat-³

2271 1302 2436 1373 (Opp.
2473 1305 2622 1359 Tom.
2663 1307 2827 1362 VIII.
2873 1326 2928 1378 p.
2974 1308 3094 1364 809.
3169 1310 3311 1364 Vom
3361 1311 3468 1365 δίου
3507 1315 3762 1369 October.
3846 1304 4001 1373 Uwer
4048 1320 4219 1376 schri-

2668 1453 2678 1468 ἢ
2709 1378 2848 1431 bom
2886 1378 2976 1431 die
3010 1379 3403 1446 wollyelertenn
3436 1382 3631 1438 herren
3665 1388 3795 1452 ete.)

3059 1657 3170 1665 -——--
3197 1657 3464 1665 ————-———-—-

3157 1894 3346 1966 1817.

2424 2041 2856 2110 MINISTRI
2902 2043 3625 2119 SCHAFFHUSANI
3671 2053 4077 2124 SENATUI

2965 2149 3524 2221 GENEVENSI.

2441 2316 2646 2383 Breve
2687 2339 3051 2401 responsum
3090 2324 3167 2389 de
3209 2322 3445 2391 Serveti
3485 2330 3739 2411 neqotio.

2268 2484 2432 2555 (Opp.
2473 2487 2628 2542 VIII.
2666 2506 2716 2558 p.
2754 2488 2884 2572 810,
2925 2492 3112 2546 eodem
3150 2495 3239 2547 die
3275 2497 3478 2565 scripta
3510 2515 3573 2551 ae
3608 2500 3951 2568 praecedens.
4021 2502 4222 2573 Incipit

2579 2575 2613 2609 a
2648 2560 2858 2613 verbis:
2916 2558 3178 2628 Quamvis
3215 2563 3282 2616 de
3311 2567 3414 2632 pia
3449 2566 3735 2622 sedulitate
3769 2572 3897 2637 ete.)

3150 3057 3334 3128 1818.

2287 3205 2456 3270 DIE
2499 3207 2947 3274 PFARRER
2989 3210 3184 3277 VON
3226 3215 3481 3280 BERN
3526 3216 3650 3281 AN
3696 3219 3889 3284 DEN
3934 3222 4195 3291 RA'PH

2989 3313 3499 3384 DASELBS'P.

2434 3478 2888 3564 Ausftihrliehe
2932 3484 3154 3551 Kritik
3195 3489 3308 3553 der
3352 3434 3551 3556 Lehr⁸e
3598 3492 3857 3562 Smets.

2264 3649 2431 3722 (opp.
2471 3651 2622 3706 VIII.
2657 3672 2708 3724 p.
2745 3653 2863 3708 811.
2941 3655 3026 3709 Es
3071 3660 3148 3712 ist
3189 3673 3297 3712 una
3342 3662 3432 3714 ein
3474 3664 3722 3719 sehr-eben
3763 3666 4077 3726 mkommen
4113 3676 4215 3729 eto.

2262 3720 2373 3774 Das
2407 3722 2765 3777 Sehriststfiek
2802 3726 2876 3777 ist
2911 3725 3064 3779 nieht
3097 3727 3294 3792 datirt,
3331 3730 3528 3798 gehon-t
3561 3735 3692 3788 aber
3727 3736 3970 3791 offenbar
4007 3758 4072 3793 zu
4107 3741 4215 3797 den

2952 3795 3148 3848 beiden
3184 3796 3515 3867 folgenden.)

3144 4311 3330 4383 1819.

2475 4447 2601 4511 Le
2647 4432 2951 4513 SENA'P
2995 4446 3119 4513 DE
3164 4450 3480 4517 BERNE
3527 4455 3655 4522 Au
3699 4441 4005 4524 SENAT

2944 4550 3070 4615 DE
3117 4538 3520 4621 GENEVE.

2438 4722 2645 4787 Lettre
2685 4723 3318 4805 d’acoompaqnemenc
3368 4730 3623 4812 envoy-§e
3680 4752 3823 4798 avec
3865 4733 3931 4797 la
3973 4736 4213 4803 consul-

2259 4808 2455 4872 tation
2498 4809 2611 4889 qui
2652 4808 2796 4872 suit.

2262 4977 2427 5047 (Opp.
2465 4977 2607 5032 VIII.

2258 5062 2447 5102 recent
2483 5062 2616 5102 vous

2685 5014 2700 5030 .
2734 4977 2855 5032 818.
2924 4978 3003 5032 La
3038 4980 3164 5033 date
3202 4986 3287 5034 est
3319 4983 3390 5035 du
3426 4983 3473 5037 6.
3513 4987 3767 5041 Octobre.
3841 4988 4006 5043 Noua
4040 5007 4216 5049 avom

2697 5054 2836 5101 etres
2886 5048 3070 5102 datm
3103 5049 3219 5116 xxj.
3260 5049 3404 5120 Sept.
3441 5059 3544 5106 eto.
3618 5055 3701 5108 On
3748 5057 3802 5109 la
3836 5065 4033 5113 trouve
4067 5061 4214 5116 aussi

2627 5117 2763 5169 dans
2797 5116 2877 5169 les
2913 5117 3135 5171 Lettres
3173 5120 3238 5172 fr.
3278 5120 3344 5173 de
3380 5120 3593 5175 Bonnet
3627 5124 3698 5177 11.
3734 5123 3850 5191 47.)

3031 5295 3206 5302 --—---—-—
