4900 6167
305 390 409 454 225

1155 582 1347 654 1575.

496 714 970 785 CALVINUS
1014 719 1498 789 MINISTRIS
1542 724 1994 794 INCERTIS.

451 889 651 971 Quum
693 891 973 955 ministri
1016 894 1296 958 veterani
1348 901 1687 980 oomevnptu
1728 899 1942 966 turbae
1983 902 2217 968 incom-

295 975 446 1042 mode
482 976 553 1040 in
596 976 851 1042 eeclesia
892 976 1180 1044 subortae
1222 986 1432 1045 essent.

297 1148 559 1216 (Reperies
606 1167 641 1201 a
684 1149 842 1201 nobis
893 1149 1095 1204 editam
1140 1151 1197 1204 in
1248 1150 1418 1206 Tomo
1465 1153 1855 1224 Consiliorum,
1900 1175 1942 1212 s.
1978 1159 2128 1213 Part.
2175 1161 2220 1218 1.

294 1215 391 1269 Vol.
436 1217 505 1270 X.
555 1234 607 1287 p.
654 1215 773 1269 218.
849 1217 1064 1285 Scripta
1109 1220 1212 1272 fuit
1258 1221 1309 1274 d.
1358 1220 1442 1274 22.
1490 1223 1616 1278 Dee.
1667 1224 1802 1280 1551
1850 1233 1907 1282 et
1952 1229 2144 1298 incipit
2189 1249 2226 1284 a

655 1287 863 1340 verbis:
922 1287 1234 1344 Plurimum
1267 1289 1411 1346 dolet
1441 1309 1555 1348 non
1589 1296 1817 1364 offerri.)

1146 1787 1331 1857 1576.

814 1942 1221 2011 VIRETUS
1268 1945 1707 2014 CALVINO.

436 2115 751 2180 Animum
803 2116 942 2181 eius
1001 2119 1188 2201 eriyit
1245 2123 1301 2181 et
1353 2117 1678 2198 confirmat
1736 2120 2040 2184 adversus
2098 2119 2218 2185 Sa-

287 2207 449 2266 tonae
482 2223 603 2284 per
641 2201 972 2268 Bozsecum
1014 2207 1069 2266 et
1110 2205 1349 2269 similes
1390 2207 1634 2286 aqentis
1676 2206 1967 2271 insidias.

286 2374 452 2440 (Manu
488 2375 692 2444 scripta
727 2392 833 2428 non
871 2381 1067 2427 exstat.
1140 2375 1329 2428 Edidit
1370 2375 1508 2429 Besa
1543 2376 1675 2431 Gen.
1712 2394 1765 2446 p.
1803 2376 1931 2441 103,
1966 2376 2125 2431 Laus.
2164 2395 2217 2447 p.

464 2442 582 2508 2³33,
622 2444 834 2498 Hanov.
872 2461 924 2513 p.
960 2443 1079 2508 260,
1116 2443 1322 2498 Chouet
1358 2463 1407 2514 p.
1450 2445 1569 2514 139,
1604 2448 1778 2501 Amst.
1816 2463 1870 2515 p.
1906 2444 2012 2514 63.)

434 2615 808 2699 Cognosces
853 2638 937 2680 ex
976 2616 1217 2681 Forelli
1260 2617 1467 2682 literis
1497 2618 1544 2700 ¹)
1590 2615 1744 2701 quid
1789 2619 2014 2697 egerit,
2060 2640 2217 2701 quo-

283 2701 452 2765 modo
498 2703 587 2767 sit
644 2713 954 2784 exceptus
1008 2712 1074 2766 et
1133 2702 1287 2785 quid
1344 2723 1384 2766 a
1438 2704 1625 2769 nobis
1676 2705 1997 2787 requirat,
2059 2706 2218 2789 quid

284 2786 418 2851 item
476 2787 647 2853 velit
712 2786 793 2853 ad
852 2801 916 2852 te
974 2789 1169 2854 scribi
1228 2810 1347 2853 suo
1409 2790 1690 2855 nomine.
1780 2791 1930 2854 Non
1989 2790 2216 2857 dubito

283 2875 419 2954 quin
478 2872 591 2937 tibi
654 2896 848 2958 saepe
907 2874 1071 2939 illud
1125 2876 1351 2939 veniat
1393 2896 1779 2958 responsum
1828 2875 2098 2942 Domini
2145 2878 2219 2943 in

282 2973 569 3036 mentem,
631 2960 800 3042 quod
860 2961 1014 3027 fecit
1058 2960 1267 3025 Paulo
1327 2960 1702 3045 deprecanti
1753 2962 1944 3027 illum
1999 2966 2216 3029 earnis

282 3047 603 3111 stimulum
673 3068 799 3129 (100
856 3048 1116 3112 assidue
1175 3056 1239 3111 et
1294 3056 1430 3112 tam
1487 3047 1718 3114 acerbe
1775 3050 2214 3133 pungebatur.

280 3130 444 3197 Nosti
491 3153 656 3215 quas
712 3134 792 3198 ob
837 3153 1062 3198 causas
1106 3131 1439 3199 Dominus
1483 3136 1690 3201 servis
1745 3137 1883 3200 suis
1941 3135 2217 3201 adversa

280 3217 579 3285 immittat
622 3233 687 3282 et
732 3240 927 3302 quam
985 3220 1056 3283 in
1112 3229 1368 3303 partem
1416 3221 1664 3286 Paulus
1723 3222 2212 3304 interpretetur.

278 3303 407 3370 Non
452 3327 569 3371 vos
614 3315 716 3370 tot
759 3305 1009 3370 artibus
1053 3314 1121 3370 et
1162 3319 1297 3370 tam
1344 3306 1535 3372 malis
1581 3329 1656 3373 ac
1700 3307 1893 3372 toties
1929 3307 2217 3375 Satanas

279 3391 605 3474 impeteret
624 3443 638 3468 ,
709 3391 832 3457 nisi
891 3390 1013 3457 1100
1068 3404 1360 3456 vestrum
1426 3392 1989 3476 propugnaculum
2045 3394 2214 3477 quod

280 3476 455 3543 habet
498 3477 675 3561 apud
720 3498 839 3543 vos
874 3477 1126 3543 Christi
1171 3478 1460 3555 eeclesia,
1506 3478 1634 3545 sibi
1677 3479 2027 3544 admodum
2067 3501 2214 3545 sen-

280 3563 416 3627 tiret
467 3563 928 3628 adversarium
971 3575 1038 3629 et-
1081 3584 1199 3629 suo
1242 3585 1444 3648 regno
1487 3565 1848 3631 inimicum.
1940 3564 2049 3630 Sit
2092 3568 2216 3651 igi-

278 3659 372 3713 tur
414 3651 595 3716 vobis
641 3650 748 3716 hie
806 3650 950 3715 eius
994 3650 1282 3715 insultus
1340 3661 1651 3732 tanquam
1710 3661 2213 3730 sacramentum,

279 3755 387 3815 quo
428 3738 643 3819 magis
688 3747 883 3819 atque
925 3737 1136 3819 magis
1186 3738 1659 3802 confirmemini
1718 3739 1786 3801 in
1830 3749 2054 3803 sancto
2093 3738 2216 3805 1100

279 3821 619 3885 certamine
664 3820 746 3885 ad
792 3821 962 3904 quod
998 3822 1155 3888 estis
1201 3824 1433 3888 vocati.
1500 3821 1577 3888 si
1621 3844 1705 3887 ex
1750 3821 1994 3888 mundo
2040 3845 2213 3889 esse·

279 3907 348 3968 tis
388 3928 505 3972 vos
554 3907 839 3972 mundus
875 3906 1197 3992 diligeret,
1242 3909 1425 3973 vobis
1460 3909 1723 3973 faveret.
1796 3908 2216 3975 Certissimae

278 3990 462 4074 igitur
508 4005 700 4058 notae
757 3994 938 4059 vobis
993 4017 1136 4059 esse
1191 3994 1432 4060 debent
1490 4004 1753 4060 sanctae
1799 4006 2058 4060 vestrae
2099 4017 2213 4060 vo·

277 4080 535 4144 cationis
586 4078 939 4163 impiorum
995 4102 1201 4163 prava
1259 4079 1506 4159 studia,
1562 4081 1797 4163 quibus
1856 4081 1967 4145 alii
2024 4082 2211 4160 olam,

278 4162 371 4226 alii
415 4165 634 4247 palam
677 4167 920 4230 sanctis
964 4169 1200 4232 vest-ris
1236 4167 1577 4232 conatibus
1622 4168 1949 4243 resistunt,
1995 4185 2062 4232 et
2103 4167 2214 4251 pia

277 4249 474 4314 studia
534 4250 850 4315 remorari
900 4263 1240 4318 conantur.
1344 4253 1682 4318 Memento
1737 4253 1880 4318 eius
1936 4254 2212 4319 fiduciae

276 4354 388 4416 qua
415 4358 558 4402 sese
574 4335 798 4402 David
822 4337 913 4402 eri
1006 4336 1117 4402 bat
1139 4337 1454 4404 adversus
1481 4337 1753 4404 Goliath
1775 4346 2207 4422 pugnaturuS,

276 4440 511 4488 memor
554 4423 865 4488 victoriae
912 4423 1090 4487 ilius
1134 4444 1329 4505 quam
1375 4447 1460 4488 ex
1505 4424 1819 4489 dilaniato
1864 4446 1903 4489 a
1938 4446 2008 4489 se
2053 4445 2208 4491 urso

278 4517 332 4569 st
374 4508 555 4575 leone
598 4518 984 4592 reportarat.
1052 4506 1184 4587 Qui
1232 4520 1295 4573 te
1339 4509 1658 4575 hactenus
1702 4529 1853 4574 oum
1900 4510 2032 4576 tuis
2075 4511 2206 4576 fra-

276 4593 465 4660 tribus
511 4596 832 4661 invictum
877 4595 1188 4672 servavit,
1244 4597 1538 4677 perficiet
1580 4617 1741 4678 opus
1782 4596 1953 4678 quod
1995 4597 2208 4680 eoepit

277 4677 336 4741 in
368 4681 561 4748 vobis.
651 4681 850 4764 Impii
907 4680 1250 4763 proficient
1303 4682 1370 4746 in
1418 4682 1621 4764 peius,
1667 4681 1979 4765 quamdiu
2030 4682 2208 4749 volet

276 4761 598 4833 Dominus.
691 4765 826 4833 Sed
869 4767 1121 4831 interea
1174 4787 1399 4831 eorum
1444 4767 1755 4833 interitus
1800 4788 1919 4834 nec
1963 4768 2205 4834 dormi-

282 4859 361 4913 tat
400 4875 515 4919 nee
559 4863 925 4919 cunctatur.
994 4854 1143 4917 Non
1188 4851 1413 4917 vident
1456 4856 1631 4919 caeci
1673 4854 1913 4920 iudicia
1933 4854 2206 4919 Domini

277 4941 395 5000 tam
458 4939 737 5007 illustria
805 4960 1076 5022 quorum
1144 4940 1362 5024 fulgor
1436 4937 1739 5005 omnibus
1817 4941 2205 5025 perstringit

276 5023 492 5089 oculos.
561 5028 780 5109 Atque
823 5047 898 5091 00
939 5034 1270 5091 testantur
1313 5047 1382 5090 se
1426 5045 1569 5090 esse
1605 5025 2090 5109 deploratiores,
2137 5034 2205 5092 et

276 5258 430 5317 1576.
462 5267 512 5332 1)
550 5266 861 5335 deperditis.
936 5267 1214 5321 Caeterum
1262 5265 1502 5335 loquitur
1544 5265 1610 5319 de
1655 5281 1716 5319 eo
1753 5265 1970 5322 Farellt'
2009 5267 2203 5322 itinere

276 5328 335 5385 de
364 5350 465 5402 quo
498 5339 556 5390 in
586 5336 1041 5404 praecedentibus.

468 5421 686 5478 Calvisii
711 5439 895 5491 opera.
976 5423 1093 5478 Vol.
1131 5422 1296 5477 XIV.

1972 405 2125 467 1551
2175 402 2584 471 DEGEMB.

4162 421 4287 485 226

2332 611 2373 657 a
2413 592 2561 656 Deo
2603 592 2817 677 magis
2861 593 3124 660 alienos.
3215 593 3276 662 O
3365 603 3496 662 rtet
3553 620 3694 665 esse
3751 607 3993 683 sectas,
4046 611 4120 668 ut
4173 607 4290 689 qui

2329 676 2588 762 probati
2631 685 2815 756 sunt,
2873 680 3037 745 fiant
3085 701 3195 745 ma
3245 683 3429 748 'esti
3520 682 3802 768 Oportet
3852 687 3986 753 iam
4028 710 4101 755 re
4144 690 4290 774 ipsa

2330 763 2646 846 experiri,
2718 764 2938 830 sintne
2997 774 3217 833 coetus
3283 767 3634 835 electorum
3704 782 3772 836 et
3837 776 4283 857 reproborum,

2331 848 2592 931 quando
2636 850 2765 915 Dei
2805 852 3072 916 veritati
3116 852 3238 918 1100
3292 854 3555 920 credere
3600 857 3839 923 nolunt
3881 868 4017 924 tam
4062 871 4287 946 aperte

2328 933 2606 1000 docenti.
2698 934 2981 1002 Solliciti
3026 947 3478 1021 exspectamus
3523 942 3777 1008 exitum
3814 944 4015 1011 huius
4060 949 4285 1013 turba-

2326 1020 2547 1086 tionis.
2638 1019 2984 1105 Scripsisti
3029 1046 3240 1108 nuper
3296 1033 3362 1090 te
3405 1027 3579 1093 nolle
3622 1028 3907 1096 seribere
3951 1032 4108 1115 quid
4149 1032 4284 1100 fao-

2328 1115 2519 1172 turus
2590 1128 2797 1187 esses,
2866 1109 2923 1174 si
2987 1117 3214 1176 nostro
3284 1132 3460 1177 esses
3523 1113 3680 1180 1000.
3772 1114 4021 1183 Scribe.
4110 1117 4175 1183 N
4176 1140 4286 1184 am

2323 1191 2517 1259 crede
2571 1193 2764 1271 mihi,
2824 1195 2880 1260 si
2925 1193 3097 1278 quod
3141 1196 3433 1263 facturus
3476 1220 3684 1278 esses,
3740 1222 3940 1284 quum
3998 1224 4038 1269 a
4093 1203 4282 1270 nobis

2325 1279 2462 1358 fiet,
2504 1279 2780 1363 gloriam
2819 1280 2947 1345 Dei
2982 1301 3368 1363 promovere
3410 1292 3638 1367 potest,
3683 1287 3866 1352 nullo
3910 1297 4135 1355 nostro
4171 1289 4285 1355 de-

2326 1363 2576 1432 erimus
2620 1365 2892 1431 muneri.
2981 1367 3127 1432 Hoc
3172 1375 3392 1434 tamen
3448 1391 3568 1436 nos
3611 1371 3780 1436 male
3825 1373 4048 1454 habet,
4109 1375 4283 1459 quod

2325 1449 2624 1516 nondum
2684 1452 2843 1517 satis
2901 1453 3267 1536 prospicere
3321 1456 3680 1537 potuimus,
3738 1458 3895 1541 quid
3946 1461 4158 1545 magis
4215 1463 4282 1527 in

2325 1556 2467 1600 rem
2513 1537 2822 1604 ecclesiae
2865 1537 3157 1603 futurum
3204 1552 3391 1605 esset.
3483 1541 3668 1608 Vale.
3757 1543 4027 1631 Collega
4071 1555 4135 1611 te
4180 1569 4284 1612 sa·

2325 1619 2514 1686 lutat.
2603 1624 3016 1704 Lausannae‚
3063 1628 3164 1688 24.
3213 1625 3597 1693 Decembris
3643 1632 3825 1695 1551.

3117 1919 3524 1928 -——-——————.

3202 2137 3389 2209 1577.

2382 2288 2940 2356 MAINARDUS
2987 2292 3104 2357 ET
3147 2292 3684 2362 FLORILLUS
3713 2298 3763 2369 ¹)
3808 2295 4224 2366 CALVINO

2846 2395 2964 2459 ΕΤ
3011 2393 3474 2464 COLLEGIS
3519 2397 3755 2464 EIUS.

2503 2565 2861 2645 Queruntur
2902 2565 2976 2631 de
3019 2568 3215 2632 turbis
3259 2569 3329 2631 in
3363 2589 3484 2633 sua
3518 2569 3768 2636 ecclesia
3813 2574 3967 2637 ortis
4001 2578 4277 2643 maxime

2321 2651 2490 2715 circa
2528 2652 2836 2716 trinitatis
2876 2653 3117 2736 doyma.

2624 2823 2732 2888 (Ex
2772 2824 3110 2894 autographo
3148 2824 3277 2878 Cod.
3316 2824 3516 2878 Genev.
3557 2823 3672 2893 109,
3709 2827 3800 2880 sol.
3842 2827 3985 2895 136.)

2494 2993 2976 3061 Eruditissimis
3043 3016 3116 3062 ac
3174 2996 3415 3078 pietate
3472 2996 3969 3079 praeditissimis
4028 3000 4109 3065 D.
4168 3002 4276 3067 Io-

2322 3081 2480 3145 anni
2534 3080 2814 3147 Calvino
2871 3102 2945 3147 ac
2998 3083 3272 3147 caeteris
3326 3081 3636 3147 ecelesiae
3683 3083 4093 3151 Genevensis
4152 3089 4277 3152 mi-

2320 3166 2547 3233 nistris
2589 3166 2778 3232 nobis
2821 3167 3177 3250 plurimum
3220 3167 3669 3235 observandis.
3768 3254 3832 3321 G

3836 3276 4099 3322 enevae.

2491 3390 2717 3471 Quum
2754 3414 2836 3457 ex
2873 3391 3284 3456 Rhaetorum
3329 3394 3533 3456 veteri
3569 3392 3903 3457 sanctione
3938 3392 4045 3459 hio
4077 3394 4274 3460 liceat

2320 3498 2455 3542 non
2501 3478 2717 3542 minus
2761 3478 2843 3541 iis
2888 3479 2996 3560 qui
3042 3477 3122 3543 ab
3168 3476 3505 3560 evangelio
3549 3487 3737 3557 sunt,
3799 3499 3998 3561 quam
4041 3479 4122 3545 iis
4164 3482 4274 3562 qui

2320 3584 2528 3646 papae
2572 3573 2844 3628 tuentur
2887 3562 3097 3629 adhue
3133 3573 3373 3646 partes,
3420 3562 3660 3628 habere
3704 3584 3893 3628 suam
3936 3563 4056 3628 sibi
4094 3585 4272 3630 seor-

2322 3670 2471 3714 sum
2518 3649 2885 3728 ecclesiam,
2947 3671 3064 3715 nos
3109 3648 3190 3714 ad
3238 3648 3685 3733 evangelicam
3731 3658 3799 3713 et
3841 3648 4274 3720 ordinandam

2319 3745 2385 3799 et
2426 3733 2818 3819 regendam,
2882 3735 3364 3818 qualescunque
3420 3734 3686 3798 tandem
3746 3733 3984 3811 simne,
4053 3737 4271 3803 vocati

2317 3819 2612 3886 sedulam
2658 3821 3051 3886 navavimus
3094 3841 3354 3902 operam
3411 3829 3488 3883 ut
3543 3818 3623 3883 ad
3678 3818 3864 3883 verbi
3908 3818 4038 3885 Dei
4084 3842 4269 3905 prae-

2317 3909 2634 3990 scriptum
2680 3907 3186 3973 instituerentur
3229 3906 3478 3981 omnia,
3547 3913 3928 3987 vestraeque
3975 3906 4121 3973 istic
4165 3930 4268 3975 eo-

2315 3993 2551 4059 elesiae
2585 3993 2883 4065 formam,
2921 3992 3135 4075 quoad
3172 3994 3308 4056 eius
3345 3991 3484 4055 fieri
3521 3999 3755 4072 posset,
3802 3992 4268 4074 exprimerent.

2317 4077 2453 4144 Sed
2497 4078 2693 4156 enim,
2740 4076 2899 4143 dum
2945 4078 3104 4143 haec
3150 4079 3405 4160 agimus
3450 4075 3830 4158 Christique
3874 4078 4106 4145 ovibus
4149 4100 4268 4162 pro

2317 4165 2495 4229 virili
2538 4173 2761 4229 nostra
2802 4163 3109 4230 curandis
3152 4162 3534 4239 insistimus,
3578 4183 3726 4228 0000
3770 4162 3891 4227 tibi
3936 4173 4268 4232 veterator

2316 4249 2526 4316 Satan
2601 4251 2710 4332 qui
2782 4252 2915 4316 suis
2980 4271 3096 4314 nos
3163 4247 3448 4330 undique
3515 4247 3839 4314 machinis
3913 4261 4262 4334 oppugnet.

2310 4505 2573 4574 10711)
2609 4508 2957 4576 Augustinus
2993 4503 3292 4558 Moinordi
3327 4502 3699 4570 Salassonus,
3747 4519 3814 4557 ees
3848 4504 4042 4559 ordine
4075 4520 4264 4560 nona-

2309 4578 2532 4632 chorum
2744 4592 2797 4628 m
2827 4576 2945 4641 ipse
2976 4588 3172 4628 nonen
3201 4573 3433 4642 gerebat,
3469 4576 3536 4628 ob
3571 4573 3852 4628 conciones
3886 4574 4167 4629 liberiores
4203 4579 4265 4629 in

2318 4646 2489 4700 ltalia
2522 4646 2754 4708 habitos,
2790 4644 2887 4698 ubi
2918 4645 3062 4698 inter
3096 4643 3237 4697 alios
3258 4641 3558 4708 Curionem
3581 4641 3670 4695 dis
3713 4644 3723 4654 ‘
3759 4642 3909 4695 ulum
3944 4649 3995 4696 et
4027 4645 4263 4699 amioum

2309 4715 2513 4779 habuit,
2552 4729 2602 4768 α.
2643 4712 2777 4767 1539
2807 4712 2947 4780 fuya
2980 4712 3088 4766 sibi
3129 4712 3405 4767 consulere
3436 4716 3656 4766 coaetus
3751 4709 4014 4765 &ventum
4050 4727 4261 4766 eonces-

2310 4784 2567 4907 ssffl
2547 4799 2597 4904 ι’
2627 4781 2987 4918 ῧ3ἳ9’1ῖ·.ΐ.
3006 4778 4106 4903 rffi⁶tsx¹3ssssz'tad;⁰ss.szts
4139 4779 4262 4904 ..³⁰21

2304 4927 2355 4976 et
2406 4921 2691 4975 Camillum
2739 4919 2980 4974 Siculum
3098 4919 3124 4972 i
3166 4933 3288 4973 oum
3326 4916 3563 4971 Curione
3605 4918 3750 4971 lares
3782 4931 3913 4970 suos
3946 4917 4258 4984 reliquerat.

2313 4990 2464 5045 Haec
2483 4989 2855 5045 controversia
2889 4987 3099 5043 diutius
3130 4988 3454 5042 continuata
3472 4987 3689 5041 Camilli
3711 4986 4261 5042 excommunicatione

2304 5059 2538 5113 diremta
2581 5064 2685 5121 est,
2730 5072 2886 5127 quem
2917 5055 3131 5126 quidem
3181 5056 3282 5110 Ver
3318 5057 3465 5109 erius
3498 5071 3618 5109 cum
3650 5054 3871 5133 ecelesia
3904 5053 4259 5111 reconciliare

2303 5128 2531 5192 studuit,
2567 5126 2664 5182 sed
2697 5128 2857 5181 aima
2899 5142 2968 5179 m.
3010 5124 3171 5180 Maio
3206 5123 3235 5177 1
3314 5126 3336 5176 1
3374 5125 3506 5180 haec
3538 5140 3658 5178 eum
3689 5135 3925 5188 resapere
3965 5126 4259 5183 recusavit.

2307 5195 2592 5251 Fortassis
2625 5195 2757 5250 hoec
2788 5194 3017 5264 epistola
3049 5193 3126 5248 od
3147 5193 3251 5248 has
3267 5194 3459 5248 turbas
3492 5192 3703 5248 alludit.
3727 5217 3787 5227 -
3810 5188 3997 5269 Sirion
4015 5190 4257 5249 F'iorillo

2302 5264 2710 5334 Neapolitanus
2740 5269 2927 5334 posteo
2966 5261 3275 5318 0100011000
3311 5261 3618 5317 Mainordo
3652 5264 3937 5340 meeum..
3988 5260 4257 5324 (M'Orie.

2302 5334 2430 5390 Ital.
2466 5351 2519 5403 p.
2554 5332 2705 5401 326.)
2779 5333 2873 5388 Ea:
2908 5333 3175 5388 mentione
3212 5331 3519 5387 Gorooeioli
3551 5345 3602 5384 α.
3641 5326 3774 5381 1551
3810 5328 4130 5398 coll-qinons.
