4900 6167
256 424 371 487 089

252 629 323 677 co
362 607 566 674 hante
587 605 640 693 ⁶)
697 607 766 671 in
826 608 1073 674 crimen
1127 604 1460 673 vocandus
1520 606 1607 672 sit
1663 605 1777 689 qui
1820 605 2062 671 eiectus
2106 624 2188 668 ex

254 630 397 762 aula
436 692 621 758 vobis
660 694 863 759 etiam
905 701 1136 776 postea
1170 693 1503 777 negotium
1538 692 1855 757 facessere
1888 697 2193 775 proterve

253 801 441 846 ausus
482 778 640 845 fuit:
684 798 726 843 a
766 778 953 845 cuius
987 788 1208 844 tamen
1243 776 1809 845 criminationibus
1850 796 2048 860 quam
2092 773 2192 839 fa-

253 866 366 932 cile
406 886 477 932 se
517 873 867 949 purgasset
908 884 1057 930 mea
1074 915 1090 942 ,
1148 865 1204 931 si
1245 865 1429 948 prius
1473 864 1777 930 rescisset
1818 883 2014 946 quam
2058 859 2194 927 abi-

250 953 474 1018 vimus.
593 949 991 1034 Quanquam
1054 951 1496 1015 innocentiam
1562 949 1705 1015 eius
1768 969 1899 1014 non
1965 946 2191 1013 dubito

249 1039 374 1104 iam
437 1036 688 1122 pridem
742 1037 813 1121 τῇ
855 1036 1008 1101 πάνυ
1027 1037 1085 1118 ⁷)
1138 1045 1545 1120 perspectam
1593 1056 1784 1114 esse,
1850 1032 2191 1116 indiesque

252 1122 458 1208 magis
502 1134 617 1189 tuo
657 1123 1064 1206 aliorumque
1093 1121 1416 1188 bonorum
1460 1121 1864 1206 suffragante
1900 1119 2189 1185 testimo-

250 1208 356 1275 nio
397 1222 810 1292 perspectum
862 1208 961 1274 iri.
1052 1209 1237 1274 Deus
1293 1207 1663 1274 misericors
1718 1204 2007 1271 animam
2049 1203 2189 1269 eius

248 1294 313 1360 in
354 1295 573 1361 sinum
606 1315 800 1360 suum
843 1294 1123 1379 benigne
1167 1294 1441 1377 recipiat
1494 1314 1570 1359 ac
1625 1302 1896 1376 paterne
1949 1291 2185 1356 foveat.

248 1382 479 1447 Amen.
582 1381 730 1465 Ego
788 1377 1064 1446 eandem
1120 1388 1189 1446 et
1233 1402 1341 1446 me
1400 1399 1476 1444 ac
1544 1378 1750 1445 filiam
1805 1377 1935 1442 tuis
1980 1375 2189 1459 preci-

249 1463 366 1533 bus
399 1467 600 1532 etiam
636 1474 831 1550 atque
855 1467 1059 1531 etiam
1082 1464 1483 1532 commendo.
1521 1462 1706 1530 Deus
1727 1462 2190 1529 intercessione

247 1559 357 1618 tua
397 1552 803 1637 aliorumque
838 1552 1094 1636 piorum
1130 1550 1470 1616 hominum
1517 1570 1600 1616 ex
1644 1550 1749 1616 his
1791 1545 2191 1616 calamitosis

247 1634 563 1705 bellorum
603 1637 889 1704 motibus
931 1646 1000 1702 et
1042 1638 1375 1703 aerumnis
1416 1636 1771 1702 clementer
1803 1656 1925 1700 nos
1957 1632 2195 1698 liberet

247 1743 319 1789 ac
368 1722 726 1790 incolumes
780 1731 1062 1790 tueatur.
1165 1721 1352 1789 Idem
1405 1722 1525 1788 tibi
1583 1720 2018 1805 omnibusque
2060 1717 2189 1802 piis

245 1808 575 1877 ineuntem
629 1807 805 1876 hunc
857 1830 1105 1875 novum
1162 1829 1408 1874 annum
1467 1807 1753 1874 faustum
1814 1828 1890 1872 ac
1944 1804 2190 1870 laetum

247 1894 578 1981 largiatur.
667 1894 918 1960 Datum
952 1894 1374 1979 Wirzeburgi
1390 1894 1449 1971 8)
1493 1894 1683 1959 nonis
1726 1891 1954 1967 Xbris‚
2000 1887 2191 1957 undi-

249 2001 368 2064 que
412 1983 615 2048 armis
657 1981 1367 2065 circumstrepentibus.

1471 2114 1785 2198 Sinapius

1062 2203 1322 2288 pietatis
1365 2210 1517 2267 tuae
1560 2199 2190 2268 observantissimus.

1014 2498 1410 2506 —————-—-—--

1128 2713 1322 2784 18⁶0.

764 2856 1004 2924 BEZA
1040 2849 1673 2921 BULLINGERO.

415 3027 821 3097 Commat
872 3028 930 3093 ei
983 3026 1292 3110 neyotium
1332 3025 1513 3092 euius
1556 3040 1752 3091 caasa
1798 3022 2109 3088 Budaeus
2151 3042 2194 3087 a

253 3116 711 3184 Gammae
760 3114 1061 3180 Turicum
1103 3111 1388 3177 mittitur.

250 3287 358 3353 (Ex
391 3287 734 3358 autographo
772 3283 935 3340 Aroh.
981 3281 1165 3337 Turio.
1201 3280 1345 3335 Plut.
1382 3279 1483 3335 VI.
1529 3280 1657 3333 Vol.
1706 3277 1829 3346 166,
1874 3279 2005 3333 olim
2054 3278 2194 3348 Epp.

249 3356 395 3412 Tom.
430 3355 519 3421 21,
555 3355 647 3409 fol.
682 3352 770 3409 92.
809 3382 874 3393 -
909 3351 1012 3406 See
1052 3351 1135 3404 ius
1178 3350 1355 3404 deseri
1395 3356 1452 3403 ta
1498 3349 1699 3415 legitur
1731 3347 1787 3400 in
1826 3347 1955 3403 Cod.
1991 3346 2196 3402 Gencv.

256 3425 361 3493 119,
398 3426 437 3479 f.
480 3423 596 3490 m,
644 3423 773 3479 eod.
815 3420 956 3476 1112».
1021 3421 1092 3474 ol.
1136 3416 1223 3486 40,
1266 3419 1323 3472 in
1404 3434 1503 3543 Bp.
1540 3417 1702 3472 Bern.
1742 3416 1843 3472 VI.
1889 3434 1941 3487 p.
1975 3414 2096 3486 983,
2141 3421 2199 3469 et

865 3508 951 3561 ap.
988 3488 1277 3544 Simiou-um
1314 3487 1403 3542 Vo
1471 3484 1584 3554 80.)

411 3649 682 3716 Eximio
724 3666 913 3714 servo
947 3644 1078 3709 Dei
1114 3640 1200 3708 D.
1238 3641 1526 3708 Henrico
1561 3638 1952 3724 Bullingero
1994 3639 2200 3723 'Pigu-

248 3735 430 3803 rinae
477 3733 787 3802 ecclesiae
828 3730 1206 3798 fidelissimo
1246 3728 1506 3812 pastori.
1845 3810 1860 3824 ο
1997 3813 2010 3826 0

416 3957 491 4025 S.
561 3952 1040 4024 Oommendavi
1074 3952 1192 4018 tibi
1225 3972 1458 4035 nuper,
1494 3954 1584 4018 mi
1621 3960 1826 4036 pater,
1862 3950 2196 4015 hominem

247 4046 568 4129 optimum
604 4051 672 4109 et
713 4040 879 4106 mihi
914 4037 1401 4117 amicissimum,
1450 4038 1874 4107 Lusarohium
1915 4035 2196 4114 nomine,

251 4150 442 4214 quem
485 4130 718 4214 opinor
762 4125 975 4192 adhuc
1017 4123 1167 4191 istic
1209 4145 1369 4192 esse.
1434 4125 1626 4209 Rogo
1669 4124 1689 4188 i
1742 4125 1888 4203 'tur‚
1932 4130 2007 4186 ut
2048 4120 2195 4186 lite-

250 4236 355 4283 ras
396 4237 565 4300 quas
607 4212 690 4279 ad
737 4211 923 4277 illum
968 4209 1197 4289 scribo,
1244 4231 1431 4276 cures
1473 4210 1534 4276 ei
1578 4146 1960 4286 redffimdas,
2005 4214 2198 4290 atque

251 4300 409 4369 adeo
465 4303 524 4368 si
570 4302 642 4365 in
683 4298 947 4364 Italiam
990 4297 1247 4361 traiecit
1298 4295 1748 4380 perferendas,
1806 4315 2009 4377 quum
2068 4293 2198 4358 eris

250 4386 657 4456 commodam
699 4384 1106 4453 occasionem
1147 4392 1397 4449 nactus.
1489 4380 1713 4459 Vides,
1757 4379 1853 4446 mi
1885 4387 2090 4463 pater,
2132 4387 2199 4443 et

249 4472 382 4540 iam
418 4473 673 4559 pridem
708 4468 1013 4545 didicisti,
1058 4489 1256 4551 quam
1291 4468 1697 4534 familiariter
1732 4475 1949 4532 tecum
1984 4487 2196 4550 agam.

250 4554 454 4626 Utere
496 4577 739 4643 quaeso
782 4555 1068 4621 vicissim
1112 4573 1313 4637 opera
1354 4562 1605 4631 nostra,
1662 4560 1733 4617 et
1774 4573 1878 4617 me
1922 4571 2054 4616 non
2096 4551 2197 4616 in-

252 4655 512 4730 gratum
559 4665 632 4709 re
676 4643 817 4727 ipsa
851 4658 1219 4724 cognosces.

458 4935 796 5061 Midam·
832 4931 1116 4987 Bolneeum
1151 4935 1368 5011 notare,
1427 4927 1675 4983 Bes-atae
1706 4928 2199 5008 eleemosynariam.

340 5006 351 5019 '
383 5012 435 5062 et
526 5007 537 5021 ‘
606 5006 694 5075 pii
725 5017 947 5058 uoeorem
982 5005 1032 5054 et
1071 4999 1375 5070 Olympiam
1421 4997 1575 5065 apud
1616 4996 1805 5051 ducem
1839 5000 1891 5050 et
1924 4994 2202 5050 ducissam

317 5074 522 5130 vidiose
555 5080 606 5128 et
638 5072 843 5142 perfide
876 5068 1118 5132 elevavit,
1151 5074 1201 5122 et
1235 5065 1452 5122 tandem
1487 5066 1657 5134 effecit
1689 5071 1752 5119 at
1786 5063 2201 5119 dimitterentur.

259 5142 431 5214 (Μ
459 5140 982 5276 ἦρ’ἐειῗέῖαἲρω

394 5274 397 5277 “
460 5280 520 5347 s)
558 5246 826 5348 sinapiua}
859 5276 1099 5330 medicus
1129 5275 1238 5339 rust
1271 5269 1509 5341 episcope·
1528 5269 1718 5324 Melon.
1744 5269 1952 5325 Zobelt'i
1984 5270 2206 5340 &usqu

258 5351 582 5411 successoris
617 5346 889 5415 (Adami).

397 5434 614 5492 Οαῑυίπι·
643 5447 828 5505 opera.
908 5430 1024 5487 Vol.
1062 5428 1156 5483 xl
1170 5429 1229 5484 V.

1928 418 2088 481 1553
2132 413 2542 483 DEOEMB.

4127 429 4262 492 690

2464 605 2569 672 De
2614 606 2807 673 rebus
2849 608 3094 673 nostris
3134 606 3290 674 novi
3348 607 3518 672 nihil
3573 607 3779 674 habeo
3832 609 4007 693 quod
4053 610 4138 676 ad
4182 618 4266 678 to

2293 689 2591 756 scribam.
2681 690 3065 791 cognovisti
3109 693 3244 758 iam
3287 713 3371 757 ex
3417 692 3680 760 Budaeo
3735 703 3977 773 nostro,
4010 696 4059 779 ¹)
4102 697 4256 780 quis

2293 775 2382 841 sit
2424 775 2835 843 Genevensis
2891 778 3201 844 ecclesiae
3244 785 3453 844 status
3471 831 3487 857 ,
3546 801 3755 864 neque
3813 779 4039 847 dubito
4092 783 4258 865 quin

2292 881 2411 944 pro
2457 862 2634 927 virili
2668 864 2922 929 coneris
2958 864 3062 930 his
3088 863 3281 929 malis
3321 883 3681 931 occurrere.
3748 864 3927 932 Satis
3961 867 4256 933 hostium

2295 954 2399 1012 est
2441 948 2600 1015 foris
2621 1000 2636 1025 ,
2693 948 2809 1014 sed
2869 948 3033 1015 haec
3075 963 3177 1016 est
3218 949 3504 1016 conditio
3550 952 3859 1017 ecclesiae
3905 960 3978 1016 ut
4030 953 4254 1020 hostes

2294 1034 2496 1099 etiam
2530 1034 2880 1100 intestinos
2923 1034 3078 1104 alat.
3141 1035 3414 1103 Utinam
3460 1035 3730 1122 dissipet
3762 1036 4093 1103 Dominus
4128 1040 4258 1104 im·

2291 1120 2646 1202 proborum
2700 1120 2989 1187 consilia.
3077 1121 3248 1186 Nam
3299 1129 3553 1188 certum
3596 1132 3721 1199 est,
3778 1123 3885 1190 his
3929 1124 4252 1190 cuniculis

2293 1206 2518 1270 conari
2574 1203 2892 1271 Satanam
2951 1208 3075 1273 hoc
3135 1207 3501 1274 aedificium
3558 1228 3716 1273 sane
3766 1210 4254 1275 nobilissimum

2290 1291 2612 1374 paulatim
2669 1290 2998 1370 demoliri,
3067 1293 3238 1376 quod
3298 1295 3355 1358 si
3421 1294 3622 1358 semel
3687 1294 3943 1359 laxatae
4001 1295 4251 1360 fuerint

2293 1376 2567 1459 perditis
2628 1376 3016 1460 quibusdam
3077 1378 3371 1444 habenae
3386 1430 3402 1458 ,
3462 1392 3579 1444 aut
3638 1400 3758 1464 ego
3815 1380 3981 1445 nihil
4038 1380 4252 1460 viden,

2293 1470 2408 1526 aut
2450 1470 2671 1527 actum
2714 1471 2813 1529 est
2857 1463 2937 1529 de
2981 1464 3110 1529 ista
3145 1464 3432 1532 ecclesia.
3499 1464 3634 1530 Sed
3679 1465 3759 1531 de
3801 1466 3906 1532 his
3951 1466 4254 1532 fortassis

2293 1549 2770 1631 intempestive.
2860 1550 3033 1615 Nam
3075 1549 3193 1614 tibi
3251 1560 3318 1613 et
3371 1550 3647 1617 caeteris
3706 1552 3970 1635 optimis
4027 1552 4254 1617 fratri-

2292 1634 2415 1699 bus
2460 1654 2671 1717 neque
2714 1637 3150 1700 maximarum
3192 1657 3413 1700 rerum
3458 1637 3776 1720 cognitio,
3834 1658 4047 1722 neque
4089 1658 4251 1720 pru-

2295 1718 2520 1785 dentia
2541 1740 2753 1804 neque
2776 1721 2955 1787 zelus
2972 1721 3169 1787 deest.
3195 1721 3379 1788 Bene
3397 1723 3561 1801 vale,
3587 1725 3675 1787 mi
3690 1724 3933 1807 optime
3947 1732 4016 1788 et
4036 1724 4256 1790 colen-

2294 1802 2562 1870 dissimo
2604 1815 2811 1891 pater.
2880 1807 3171 1873 Uxorem
3206 1816 3408 1888 tuam,
3449 1808 3871 1874 lectissimam
3915 1809 4253 1885 feminam,

2294 1898 2510 1956 totum
2568 1891 2849 1976 denique
2907 1899 3198 1959 vestrum
3270 1893 3617 1978 collegium
3635 1946 3649 1972 ,
3718 1896 3981 1962 obsecro
4035 1902 4113 1959 ut
4165 1915 4252 1960 ex

2295 1997 2403 2042 me
2468 1999 2666 2061 quam
2730 1979 3197 2046 officiosissime
3262 1980 3527 2045 salutes.
3634 1980 3715 2046 D.
3776 1981 3955 2047 Iesus
4021 1986 4258 2064 pergat

2295 2061 2481 2128 vobis
2524 2062 2934 2144 benedicere,
2996 2076 3061 2130 et
3105 2073 3331 2132 sancto
3389 2085 3508 2131 suo
3562 2067 3797 2148 spiritu
3856 2087 3974 2132 vos
4017 2067 4258 2132 confir-

2297 2169 2493 2214 mare.
2582 2150 2980 2216 Lausannae
3024 2152 3141 2234 vij0
3182 2150 3342 2217 Idus
3389 2150 3786 2217 Decembris.

3233 2287 3480 2353 Theod.
3527 2288 3703 2353 Beza
3743 2288 3921 2354 filius
3963 2288 4083 2354 tibi

3167 2374 3238 2439 in
3287 2372 3578 2439 Domino
3622 2372 4125 2441 addictissimus.

3158 2882 3350 2955 18⁶7.

2818 3019 3225 3090 VIRE'I'US
3269 3019 3734 3088 PARELLO.

2476 3176 2813 3244 Calvinum
2869 3176 2939 3241 in
2999 3195 3071 3242 eo
3127 3195 3259 3242 esse
3314 3181 3385 3241 ut
3451 3174 3782 3241 historiam
3830 3174 4062 3243 Servati
4113 3195 4262 3243 cum

2299 3264 2675 3347 refutatione
2718 3282 3002 3329 monam
3045 3262 3180 3327 eius
3213 3261 3396 3344 prelo
3431 3266 3633 3344 paret.

2305 3436 2662 3504 (Excerptum
2729 3451 2799 3488 ex
2863 3433 3201 3555 autogepbo
3254 3432 3388 3486 bibl.
3453 3437 3734 3500 pastorum
3787 3431 3840 3485 N
3842 3432 4261 3489 eocomensium.

2811 3503 2951 3572 Epp.
3048 3510 3175 3556 iren
3207 3500 3336 3555 fasc.
3375 3500 3503 3555 VII.
3540 3500 3609 3555 N.
3646 3499 3754 3563 10.)

2304 3688 4260 3706 ———-—-—-———-—n————·

2477 3742 2583 3809 De
2632 3742 2875 3809 Serveto
2918 3762 3111 3826 spero
3155 3762 3275 3806 nos
3320 3740 3507 3806 brevi
3543 3739 3880 3807 habituros
3913 3739 4262 3806 historiam

2304 3850 2455 3895 cum
2512 3828 2958 3896 confutatione
3015 3827 3386 3894 haeresium
3440 3825 3617 3891 illius
3675 3848 3842 3909 quae
3900 3826 4265 3892 satisfaciet

2303 3915 2494 3983 bonis
2536 3916 2837 3982 omnibus
2887 3948 4255 3961 ————————————

2478 4087 2872 4152 Lausannae
2916 4088 2975 4151 8.
3024 4083 3335 4150 Decemb.
3391 4087 3572 4147 1553.

3077 4381 3486 4390 --——--—-——.

3184 4594 3383 4666 18⁶8.

2551 4734 2673 4801 LE
2719 4718 3023 4801 SENAT
3069 4734 3198 4798 DE
3243 4732 3562 4799 BERNE
3609 4735 3673 4800 A
3717 4732 3999 4800 omnm

2985 4836 3111 4901 DE
3157 4819 3557 4902 GENEVE.

2481 5010 2766 5090 Repome
2808 5009 2850 5071 ὰ
2894 5007 2954 5071 la
3002 5009 3285 5091 question
3328 5008 3591 5074 relative
3633 5028 3721 5073 aa
3752 5007 3924 5074 droit
3964 5009 4270 5074 d’exeom-

2303 5096 2705 5164 munieation.
3903 5122 3912 5131 -

2305 5264 2792 5391 }§·3·2⁶'1¹g533“⁶“⁸
2825 5265 3024 5335 mentio
3059 5267 3263 5333 suffieit
3300 5264 3375 5319 ad
3409 5280 3615 5320 amum
3640 5263 4002 5331 definiendum
4034 5261 4160 5317 vide
4181 5263 4268 5317 N.

3771 5418 3844 5470 44
