4900 6167
710 396 842 461 211

720 581 1017 666 gloriam,
1058 599 1179 645 nec
1221 585 1447 644 tamen
1490 577 1645 643 sinit
1676 576 1917 642 tentari
1952 576 2131 643 ultra
2171 575 2239 641 id
2279 575 2449 661 quod
2493 576 2665 641 ferre

891 749 1081 817 Fidei
1148 758 1369 815 antem
1433 746 1671 812 animis
1746 746 2087 811 hominum
2152 744 2536 813 inserendae
2599 752 2667 811 et

722 835 994 902 alendae
1057 840 1124 900 et
1189 830 1674 902 conservandae
1752 831 1927 898 solus
1990 832 2251 916 sapiens
2326 838 2394 897 et
2455 832 2666 897 bonus

718 920 902 988 Dens
944 921 1218 988 verbum
1269 939 1464 985 suum
1519 917 1591 982 in
1647 917 1836 982 libris
1877 918 2078 983 sacris
2120 917 2667 1002 comprehensum

722 1006 1097 1158 desfinavin
1133 1006 1418 1089 itemque
1451 1009 1860 1069 sacramenta
1881 1010 1948 1068 et
1978 1010 2192 1068 totum
2226 1002 2665 1068 ministerium

722 1111 833 1158 wc
859 1111 1048 1157 esiae.

892 1174 1086 1243 Unde
1129 1175 1493 1259 quicunque
1539 1172 1836 1240 homines
1889 1181 2238 1240 servantur
2298 1193 2482 1239 mera
2525 1174 2664 1239 Do·

720 1263 885 1328 mini
938 1260 1070 1326 Dei
1118 1259 1470 1328 servatoris
1527 1260 1737 1325 nostri
1798 1260 2008 1345 gratia
2072 1267 2439 1325 servantur.
2529 1257 2663 1340 Qui

719 1368 878 1414 vero
920 1354 1198 1431 pereunt
1238 1367 1374 1411 non
1431 1344 1612 1411 fatali
1668 1345 2057 1412 necessitate
2110 1345 2324 1411 adacti
2362 1352 2660 1429 pei-eunt,

720 1432 837 1499 sed
900 1431 1071 1516 quod
1127 1430 1330 1497 libero
1387 1451 1542 1496 suae
1612 1429 1967 1497 voluntatis
2030 1430 2330 1515 propriae
2393 1429 2662 1496 arbitrio

723 1519 1007 1604 gratiam
1029 1515 1161 1582 Dei
1201 1517 1407 1601 patris
1439 1515 2043 1583 munificentissime
2085 1516 2158 1581 in
2198 1515 2334 1582 filio
2377 1515 2662 1582 oblatam

717 1611 1059 1688 respuunt.

890 1772 1086 1855 Quod
1148 1773 1206 1841 si
1272 1773 1596 1838 carissimi
1647 1773 1883 1839 fratres
1936 1772 2144 1838 nostri
2160 1823 2176 1850 ,
2226 1773 2319 1838 M.
2374 1773 2661 1838 Ioannes

719 1858 1025 1927 Calvinus
1067 1867 1133 1924 et
1154 1858 1578 1942 Hieronymus
1597 1857 1745 1940 N.³)
1792 1865 1861 1922 et
1893 1857 2021 1936 alii,
2064 1857 2188 1924 hoc
2229 1858 2543 1934 sentiunt,
2587 1877 2661 1922 re

716 1947 859 2029 ipsa
902 1946 1305 2010 conveniunt
1357 1944 1530 2009 inter
1584 1964 1654 2009 88
1696 1951 1765 2008 et
1807 1944 2177 2020 nobiscum,
2235 1944 2349 2027 qui
2392 1965 2659 2009 consen-

717 2031 964 2096 sionem
1007 2030 1177 2097 hanc
1220 2030 1578 2095 retinemus
1619 2026 1793 2094 bona
1833 2027 1994 2108 fide,
2050 2037 2118 2093 et
2173 2049 2321 2094 cum
2363 2029 2511 2094 aliis
2552 2048 2659 2093 or-

716 2115 1025 2181 thodoxis
1076 2125 1274 2200 atque
1328 2113 1680 2181 catholicis.
1779 2114 2031 2198 Estque
2087 2115 2160 2179 in
2214 2115 2434 2180 verbis
2492 2112 2657 2178 dun-

716 2208 902 2266 taxat
966 2221 1188 2286 pugna
1202 2252 1217 2276 ,
1283 2220 1480 2284 qnam
1557 2207 1636 2264 ut
1696 2201 2015 2283 ocyssime
2079 2198 2414 2284 deponant
2476 2198 2659 2265 iubet

715 2286 1022 2353 Ohristus
1078 2295 1147 2351 et
1201 2293 1580 2351 sanctorum
1631 2286 1926 2351 omnium
1981 2285 2235 2363 chorus,
2294 2285 2657 2352 communis

715 2373 891 2438 salus
935 2380 1004 2437 et
1046 2371 1353 2439 ecclesiae
1395 2370 1787 2437 christianae
1829 2381 2121 2455 tempora
2166 2369 2568 2437 difficillima.

1482 2679 1883 2688 -——-—-----—

1591 2913 1779 2984 15⁶⁰.

756 3067 1226 3139 OALVINUS
1271 3067 1752 3139 MINIS'PBIS
1795 3068 1859 3135 N
1860 3066 2312 3137 EOOOBOEN
2314 3068 2602 3138 SIBUS.

892 3241 1335 3307 Testimonium
1366 3262 1490 3323 pro
1534 3240 1725 3308 Petro
1767 3240 2069 3307 Heraldo.

712 3407 821 3478 (Ex
857 3409 1196 3465 Bibliotheca
1229 3417 1509 3481 pastorum
1541 3412 2005 3468 Neocomensium.
2074 3411 2413 3482 Autographi
2460 3412 2649 3467 charta

709 3483 984 3534 vetustate
1031 3495 1247 3548 urosn,
1289 3480 1370 3533 ita
1413 3486 1477 3534 ut
1519 3480 1777 3535 nonnulle
1818 3479 2113 3550 perierint,
2168 3497 2307 3550 qnae
2348 3487 2534 3535 tamen
2578 3497 2647 3534 ex

710 3547 1038 3618 apogr-phin
1083 3549 1297 3602 restitui
1340 3555 1663 3617 potuerunt,
1709 3550 1825 3605 scil.
1860 3549 1991 3603 0011.
2027 3548 2228 3604 Genev.
2264 3548 2386 3612 108,
2434 3550 2528 3604 fol.
2563 3548 2647 3618 79,

1006 3617 1146 3686 Bpp.
1182 3617 1345 3670 Bern.
1383 3617 1479 3671 VI.
1514 3635 1566 3687 p.
1610 3616 1707 3672 169
1740 3622 1799 3672 et
1831 3618 2043 3672 Simler.
2083 3618 2202 3674 Vol.
2237 3617 2348 3686 76.)

879 3802 1072 3885 Quod
1115 3803 1198 3869 de
1238 3804 1443 3871 fratre
1487 3805 1769 3872 Hcraldo
1791 3808 1843 3888 ¹)
1885 3806 2084 3873 verba
2137 3807 2328 3873 hodie
2380 3808 2454 3871 in
2497 3826 2649 3872 con-

708 3897 913 3956 ventu
955 3896 1183 3955 nostro
1230 3891 1403 3955 facta
1459 3899 1646 3971 sunt,
1704 3903 1772 3956 et
1822 3892 2024 3957 frater
2080 3904 2302 3958 noster
2348 3891 2652 3958 Calvinus

704 3974 1153 4040 testimonium
1196 3987 1489 4042 nostrum
1526 3980 1609 4042 ab
1652 3976 1959 4044 ecclesiae
2002 3977 2066 4042 N
2067 3980 2463 4045 eocomensis
2507 3998 2650 4063 ΡΜ

706 4059 956 4126 toribus
1037 4061 1318 4145 flagitari
1392 4064 1651 4142 retulit,
1746 4063 1844 4129 ita
1918 4063 2335 4129 scribendum
2421 4085 2649 4130 omnes

704 4154 1132 4212 censuerunt:
1193 4145 1547 4214 Heraldum
1599 4147 1771 4232 apud
1826 4169 1948 4215 nos
2005 4149 2274 4215 honeste
2317 4157 2393 4215 iit
2434 4150 2647 4215 chris-

704 4231 956 4296 tianum
1012 4232 1346 4298 hominem
1405 4232 1591 4300 decet
1643 4235 1914 4312 vixisse,
1972 4235 2044 4299 in
2101 4234 2517 4302 concionibus
2582 4240 2648 4299 et

706 4315 1092 4382 lectionibus
1134 4317 1334 4383 fuisse
1374 4319 1816 4402 frequentem,
1872 4328 1941 4386 et
1983 4320 2115 4386 alia
2156 4321 2415 4405 pietatis
2458 4342 2645 4387 exer-

706 4402 857 4467 cifia
896 4403 1121 4468 sedulo
1163 4403 1459 4470 coluisse.
1526 4404 1874 4471 Caeterum
1918 4408 1975 4472 si
2015 4407 2088 4470 in
2126 4404 2385 4489 publico
2429 4406 2646 4490 aliquo

706 4486 1015 4553 ecclesiae
1054 4509 1325 4555 munere
1368 4490 1508 4556 eius
1551 4510 1749 4574 opera
1790 4492 2104 4557 utendum
2149 4493 2251 4571 sit,
2293 4493 2464 4558 serio
2505 4512 2644 4557 mo-

709 4570 998 4671 nendum
1041 4574 1250 4639 videri
1294 4596 1378 4676 ne
1413 4575 1567 4658 quid
1614 4578 1816 4676 nimia
1857 4577 2167 4678 facilitate
2212 4589 2451 4661 peccet,
2493 4578 2646 4660 quia

706 4680 793 4810 3:1².
809 4657 1824 4829 91ᾞὲῧῖᾚῖἒὲηῇΓῇ
1839 4661 2647 4813 θὲθΐὲῗέἶῖῃὶῖᾱῗιὲἶῖ

708 4830 1109 4897 functionem
1163 4828 1315 4916 [sibi
1370 4834 1713 4898 iniunctam
1754 4833 2084 4898 incumbat.
2172 4832 2372 4921 Nam]
2418 4834 2646 4899 multis

708 4915 891 4981 visus
946 4925 1048 4981 est
1105 4937 1307 4999 aequo
1361 4916 1685 5002 frigidior,
1741 4920 2124 5002 praesertim
2253 4920 2522 4986 uamdin
2576 4921 2649 4985 in

700 5007 944 5083 papatu
986 5007 1264 5067 versam
1306 5002 1443 5089 est]
1513 5004 1754 5071 Uxoris
1797 5025 2050 5088 quoque
2096 5006 2183 5070 ha
2265 5004 2464 5070 ndam
2506 5027 2648 5072 8888

714 5138 997 5150 ffi—

2222 387 2747 457 EPIS'POLAE
2797 388 3214 454 1559-1565

4553 399 4658 465 212

2767 574 3109 655 rationem,
3166 580 3244 640 ut
3283 594 3501 640 mores
3541 573 3776 640 induat
3816 574 4034 641 mariti
4076 565 4300 642 ordine
4331 573 4561 662 dignos,
4597 587 4660 646 ut

2764 659 2863 725 illi
2904 660 2986 726 ad
3031 660 3515 744 exsequendum
3559 680 3752 727 suum
3791 680 4037 725 munus
4078 661 4190 745 pia
4240 669 4310 726 et
4345 672 4554 731 sancta
4586 665 4660 732 sit

2767 746 3070 814 adiutrix.
3160 746 3471 813 Genevae
3512 751 3571 812 4.
3615 745 3939 813 calendas
3983 745 4353 814 Decembris
4399 753 4563 815 1551.

3885 883 4168 950 Ioannes
4212 882 4518 953 Calvinus

3900 986 4197 1051 omnium
4237 987 4506 1056 nomine.

3649 1548 3834 1619 15⁶1.

2781 1701 3209 1770 MINIS'I'RI
3248 1700 3884 1771 BASILEENSES
3929 1702 4636 1773 GENEVENSIBUS.

2933 1874 3254 1940 Iudicium
3293 1874 3371 1940 de
3411 1872 3685 1941 Bolseoe.

2760 2043 3081 2127 (Edidimus
3100 2044 3237 2115 Opp.
3272 2045 3424 2126 Toni.
3459 2045 3612 2099 VIII.
3650 2061 3703 2125 p.
3740 2042 3863 2127 234ς
3945 2046 4193 2126 Pertinet
4237 2046 4309 2100 td
4341 2048 4393 2101 d.
4426 2045 4507 2099 28.
4540 2046 4662 2126 lior.

2827 2121 2885 2168 et
2917 2120 3111 2183 incipit
3145 2132 3179 2166 a
3210 2114 3419 2167 verbis:
3442 2114 3786 2183 ‘Accepimus
3817 2114 4008 2169 accras
4040 2118 4399 2183 mammatae
4429 2117 4622 2181 vestri.)

3629 2624 3821 2697 1562.

2957 2774 3379 2843 MINIS'I'RI
3419 2776 4053 2847 BASILEENSES
4098 2779 4500 2849 SENA'PUI

3436 2878 3992 2948 GENEVENSI.

2926 3050 3011 3114 In
3051 3069 3245 3116 causa
3286 3048 3534 3118 Bol-seci
3578 3050 3903 3133 prolixius
3954 3053 4271 3119 ministris
4311 3054 4668 3138 scripserunt

2751 3135 2865 3218 qni
2905 3155 3013 3201 eac
3052 3134 3266 3202 literas
3303 3157 3445 3202 ouon
3485 3141 3705 3203 senatu
3736 3138 4283 3220 communicabunt,
4324 3159 4516 3222 quum
4552 3136 4668 3220 ipsi

2746 3220 2968 3305 qauioe
3006 3222 3375 3303 reepmndere
3413 3229 3735 3306 nequeant.

3697 3395 3747 3447 d.
3783 3394 3870 3447 29.
3906 3394 4048 3449 Νῦν.
4083 3402 4143 3449 et

2749 3391 2907 3459 (Vide
2939 3392 3071 3445 ibid.
3147 3388 3316 3444 ,232
3385 3392 3526 3446 Data
3571 3399 3657 3447 est

3089 3408 3933 3520 §unu-mmm

4183 3396 4381 3477 incipit
4413 3415 4447 3450 8
4481 3394 4665 3449 verbis:

3619 3976 3809 4046 1588.

3122 4130 3628 4199 HALLERus
3671 4131 4305 4224 BULLINGERQ

2925 4302 3363 4368 Turicensium
3404 4302 3732 4368 consilium
3773 4304 3849 4369 de
3891 4302 4138 4370 Boi-ieci
4194 4325 4394 4373 causa
4448 4319 4672 4385 exspec-

2746 4392 2881 4453 tant
2922 4386 3289 4454 Bernensec.

2751 4560 2925 4623 (Exco
2993 4563 3109 4612 tum
3146 4574 3214 4611 ex
3249 4557 3462 4611 Simleri
3504 4557 3627 4611 Vol.
3662 4555 3756 4623 ⁷6,
3844 4560 3896 4612 111
3945 4558 4232 4628 descripsit
4280 4578 4350 4615 ex
4397 4560 4546 4614 Toni.
4593 4555 4669 4610 31.

2751 4629 2944 4695 Episto
2999 4645 3118 4681 rum
3152 4628 3209 4680 in
3244 4625 3452 4680 Sci-inin
3487 4625 3548 4679 Β.
3582 4625 3795 4681 Archiv.
3878 4629 4003 4681 uric.
4039 4627 4129 4680 fol.
4163 4626 4284 4681 568.
4343 4629 4548 4685 Vei-nm
4579 4625 4672 4679 hoo

2751 4696 3124 4767 autographon
3158 4694 3321 4748 bodie
3353 4695 3409 4749 in
3443 4695 3946 4832 coddigueffdglngtglugic
3979 4703 4067 4752 est
4099 4697 4242 4750 Plut.
4280 4699 4379 4754 VI.
4420 4698 4540 4752 Vol.
4564 4691 4669 4758 153,

2753 4949 4672 4974 ——————-—-——-———-———-—-

2923 5004 3398 5087 Exspectamus
3439 5013 3730 5073 vestrum
3766 5024 3962 5087 super
3997 5005 4378 5074 Genevensi
4428 5003 4674 5093 negotio

2756 5089 3117 5156 consilium.
3227 5089 3548 5157 Submisit
3600 5090 3796 5155 etiam
3850 5091 4008 5157 urbs
4067 5091 4484 5161 Genevensis
4533 5109 4672 5175 pro-

2754 5176 2973 5260 prium
3027 5196 3355 5243 cursorem
3418 5198 3495 5243 88
3551 5173 3628 5239 de
3687 5197 3758 5240 re
3812 5196 4004 5258 quem
4053 5176 4136 5242 ad
4189 5200 4306 5246 vos
4359 5180 4494 5245 iam
4534 5196 4673 5261 per-

2704 5262 2710 5328 1
2758 5263 3014 5327 venisse
3067 5271 3239 5347 puto.
3340 5262 3478 5328 Nos
3533 5259 3696 5325 nihil
3750 5262 4218 5331 constituemus
4272 5265 4478 5332 domc
4530 5258 4674 5346 quid
