4900 6167
257 423 353 483 441

256 604 484 685 Κατ’)
518 627 690 673 vous
732 611 1029 692 pourroit
1057 617 1232 675 estre
1260 610 1583 696 incogneu
1608 610 1655 675 il
1679 629 1846 676 nous
1888 631 1928 675 a
1961 609 2185 694 requie

253 691 682 777 tssmoignage
731 696 866 760 6116
923 716 1052 779 que
1093 696 1159 761 la
1211 716 1408 762 cause
1449 696 1532 763 de
1573 716 1692 761 son
1735 696 2188 780 departement

251 797 394 842 rme
437 777 574 843 soit
614 798 921 864 cogneue.
1011 779 1106 847 Oe
1149 780 1442 864 pendant
1497 781 1650 866 qu’il
1708 803 1750 847 a
1806 793 1944 848 este
1998 791 2187 848 entre

249 884 395 927 nous
431 864 484 928 il
512 886 560 948 y
604 885 646 929 a
687 886 1001 934 converse
1046 866 1550 934 honnestement
1575 877 1644 933 et
1682 890 1767 933 en
1811 868 2061 934 crainte
2106 868 2185 935 de

249 949 418 1015 Dieu.
511 950 688 1017 Mais
729 952 779 1017 il
822 954 1069 1020 n’avoit
1119 954 1305 1038 point
1357 953 1534 1038 parti
1593 953 1778 1020 selon
1834 975 1956 1039 soy
2000 954 2184 1020 telle-

247 1043 413 1100 ment
457 1056 585 1118 que
629 1058 796 1103 nous
838 1059 997 1105 avez
1053 1047 1194 1106 6616
1252 1040 1636 1124 6616666666
1681 1061 1765 1106 au
1808 1040 2184 1107 consistoire

245 1139 395 1203 pour
439 1141 517 1186 sa
559 1123 815 1202 femme,
860 1124 1143 1208 laquelle
1187 1145 1270 1192 ne
1308 1147 1378 1191 se
1422 1128 1665 1209 portoit
1706 1127 1892 1209 point
1947 1146 2184 1192 envers

246 1204 344 1290 luy
401 1226 656 1273 comme
711 1210 838 1275 elle
889 1210 1126 1276 devoit.
1232 1210 1332 1277 Or
1389 1212 1801 1278 maintenant
1854 1212 1980 1278 elle
2030 1216 2185 1279 s’est

245 1290 522 1375 departie
577 1293 658 1361 de
713 1296 824 1379 luy
884 1304 952 1361 et
1006 1298 1146 1363 s‘en
1204 1306 1306 1362 est
1357 1298 1515 1382 fuye
1569 1318 1728 1365 avec
1783 1320 1872 1363 un
1919 1317 2182 1364 nomme

243 1378 494 1444 Adrion
548 1378 612 1446 16
665 1381 813 1464 6616
855 1379 1220 1449 d’Ouveux.
1313 1382 1609 1469 Pal-quoy
1666 1383 1710 1449 il
1770 1405 1841 1449 se
1896 1382 2182 1450 delibere

243 1463 311 1528 de
346 1464 568 1530 l’aller
609 1466 925 1534 chercher
969 1488 1135 1552 pour
1177 1469 1243 1534 la
1286 1468 1546 1534 reduire
1589 1479 1658 1534 et
1702 1470 1782 1535 la·
1803 1470 2179 1553 reprendre‚

241 1551 290 1614 si
326 1550 454 1615 6116
500 1551 681 1617 veult
723 1555 1167 1638 recognoistre
1222 1576 1297 1620 sa
1352 1554 1574 1620 stulte.
1666 1557 1727 1621 A
1771 1567 1944 1622 ceste
1987 1576 2181 1622 cause

239 1657 396 1702 nous
441 1656 605 1704 vous
647 1642 871 1723 prions
909 1639 1027 1724 luy
1072 1640 1255 1706 aider
1297 1660 1380 1706 en
1423 1650 1560 1707 6661
1601 1642 1829 1707 affaire
1873 1644 1928 1707 61
1973 1641 2185 1708 sainct

239 1730 297 1787 et
331 1722 453 1807 luy
510 1724 783 1791 assister
839 1746 1005 1809 pour
1069 1747 1372 1792 ramener
1427 1739 1606 1793 ceste
1659 1748 1907 1811 pauvre
1966 1729 2182 1794 brebis

238 1819 513 1889 errante,
557 1818 626 1877 et
665 1810 731 1875 16
774 1811 1035 1877 reduire
1073 1831 1233 1878 avec
1275 1833 1393 1878 son
1439 1814 1626 1878 mari.
1713 1814 1908 1879 Faict
1961 1836 2003 1880 a
2045 1813 2181 1880 Ge-

237 1914 396 1961 neve
439 1894 506 1961 16
557 1900 632 1961 19
677 1897 824 1962 iour
867 1896 948 1962 de
991 1897 1330 1964 decembre
1375 1898 1499 1964 l'an
1553 1903 1731 1965 1552.

1103 2375 1294 2448 169⁰.

304 2512 827 2581 MARTYRES
871 2512 1553 2583 LUGDUNENSES
1597 2516 2081 2585 MINIS'I'RIS

853 2616 1555 2686 TURIOENSIBUS.

393 2788 672 2854 Gratias
714 2795 908 2873 ayunt
937 2791 1036 2890 ‘de
1090 2790 1520 2857 intercessione
1563 2790 1990 2858 Helvetiorum
2045 2794 2178 2896 1661

219 3046 1200 3216 ῗωίἶᾝὲαᾱᾝῖζὴΐῖαἴὲἕι
1229 3055 1502 3201 w?
1541 3054 1716 3117 Μ
1763 3070 1886 3132 ²⁰'⁰
1932 3049 2178 3118 omo

218 3303 314 3370 (Β
337 3303 811 3458 ..mag
853 3304 1443 3459 fflmwimfflg
1487 3305 2171 3459 {ingbcfnnsffln'vgss

303 3511 318 3525 ο
345 3472 412 3484 -
466 3443 784 3514 3661616166
826 3443 967 3498 hanc
1007 3445 1296 3514 6616101616
1343 3461 1473 3515 quia
1517 3461 1626 3501 non
1672 3454 1882 3500 inserta
1925 3457 2013 3502 661
2046 3447 2175 3502 Η16·

216 3517 386 3567 toriae
425 3512 735 3583 nau-tyrum
931 3513 1143 3567 11116666
1178 3514 1268 3568 ubi
1304 3514 1566 3584 plurimas
1599 3515 1735 3569 alias
1769 3517 2063 3571 eorundem
2096 3517 2176 3571 16-

333 3597 542 3636 venum
580 3582 837 3651 reperies.
907 3581 986 3637 Cf.
1022 3583 1187 3637 611661
1223 3583 1438 3637 Β666111
1473 3583 1667 3637 866616
1703 3583 1750 3638 1.
1788 3581 1890 3637 178
1922 3587 2062 3652 601.)

385 3753 1032 3822 Observandissimis
1075 3757 1145 3820 in
1189 3755 1462 3823 christo
1519 3756 1836 3823 fratribus
1878 3754 2178 3823 fidelissi·

215 3840 338 3905 mis
381 3838 701 3907 ecclesiae
746 3841 1104 3926 Tigurinae
1143 3841 1466 3908 ministris
1509 3862 1584 3908 66
1619 3841 2100 3994 &refossoribus

1701 3951 1869 4015 gun.

477 4046 786 4114 Gratiam
830 4055 900 4113 et
940 4067 1171 4132 pacem
1213 4068 1255 4113 a
1299 4046 1544 4113 Domm‘
1545 4068 1603 4114 o.

383 4167 536 4233 Nisi
580 4166 770 4234 nobis
814 4167 1044 4234 multis
1080 4168 1162 4235 ab
1199 4168 1391 4235 66616
1432 4169 1593 4234 66116
1633 4178 2039 4253 compertum
2076 4181 2175 4236 at-

211 4273 335 4337 que
356 4251 787 4338 exploratum
808 4266 999 4333 esset,
1035 4253 1617 4322 observandissimi
1639 4254 1897 4336 tratres,
1932 4267 2177 4339 quanto

211 4337 708 4423 promovendae
745 4339 995 4424 gloriae
1015 4339 1143 4406 Dei
1187 4338 1510 4407 desiderio
1550 4359 1783 4427 agrum
1818 4341 2022 4423 illum,
2062 4342 2177 4427 qui

211 4425 396 4493 vobis
443 4447 488 4492 a
529 4434 720 4510 patre
763 4425 1028 4492 coelesti
1070 4427 1458 4495 commissus
1498 4437 1616 4507 est,
1658 4426 1977 4494 hactenus
2020 4448 2175 4494 cou-

210 4513 398 4579 tinuo
444 4519 671 4580 vestro
714 4511 935 4578 labore
985 4519 1300 4596 tanquam
1357 4511 1564 4579 seduli
1611 4513 1936 4599 agricolae
1980 4534 2167 4581 exco-

210 4599 476 4665 lueritis
491 4649 509 4678 ‚
569 4599 643 4663 in
698 4595 964 4682 diesque
1032 4597 1328 4682 singulos
1379 4599 1594 4686 magis
1647 4599 1944 4666 excolere
2001 4600 2173 4666 6116-

208 4685 394 4764 mini,
456 4679 787 4769 quamque
829 4704 947 4752 voc
1000 4683 1284 4749 fratrum
1333 4695 1705 4752 vestrorum
1761 4705 1879 4787 pro
1922 4683 2174 4753 Christi

207 4771 481 4836 nomine
521 4771 595 4836 in
639 4790 932 4837 carceres
975 4769 1435 4850 coniectorum,
1480 4789 1556 4836 66
1589 4790 1821 4855 quovis
1856 4772 2173 4856 temporis

206 4865 548 4923 momento
590 4866 869 4922 mortem
912 4854 1126 4940 ipsam
1168 4857 1694 4939 exspectantium
1711 4907 1728 4938 ,
1782 4857 2172 4925 afflictiones

207 4950 704 5021 commoveant,
762 4941 843 5009 de
900 4942 1005 5009 his
1059 4940 1144 5007 ad
1187 4960 1305 5007 vos
1347 4942 1711 5010 scribendis
1754 4965 1838 5009 ne
1883 4944 2171 5029 cogitare

207 5146 388 5203 lm.
425 5147 479 5214 1)
514 5146 722 5217 Gal-‘m
765 5148 914 5203 dm
953 5162 1041 5203 666
1084 5148 1290 5203 actim
1329 5143 1464 5217 am
1605 5150 1614 5160 “
1779 5150 1828 5244 ¹3
1870 5147 1972 5203 134
2024 5150 2165 5203 suiv.

199 5214 1588 5301 mamopoepunoeodumvefa
1693 5222 2168 5301 qraguinepa-

205 5295 458 5412 mane-ag
580 5282 2169 5423 &patraremmssmetonudimuonoea-Le

1933 424 2090 485 1552
2135 418 2542 488 DECEMB.

4118 427 4241 488 442

2289 607 2552 692 quidem
2602 633 2888 695 unquam
2934 612 3074 677 ausi
3130 632 3438 677 essemus,
3528 610 3662 677 Sed
3720 632 3923 694 quum
3983 613 4243 697 saepius

2289 695 2370 760 ad
2393 717 2515 761 nos
2557 705 2627 762 et
2668 697 2898 761 multis
2932 698 3185 780 piorum
3230 717 3631 780 magnaeque
3656 698 4022 762 autoritatis
4071 701 4243 762 viro-

2287 802 2434 846 rum
2494 782 2907 856 sermonibus
2963 782 3283 866 perlatum
3345 784 3462 857 sit,
3527 797 3593 848 61
3652 785 4057 866 experientia
4098 786 4244 867 ipsa

2287 868 2447 933 66116
2489 890 2604 951 661·
2664 890 2733 934 66
2779 877 3085 946 testetur,
3148 868 3316 933 611111
3362 869 3548 936 vobis
3596 870 3720 934 Dei
3778 868 3954 934 111166
4012 869 4242 953 optimi

2287 953 2560 1019 maximi
2605 954 2852 1020 honore
2900 956 3237 1038 antiquius
3283 976 3457 1030 esse,
3515 977 3759 1038 vosque
3820 979 3901 1019 ex
3961 956 4243 1020 fratrum

2289 1047 2658 1104 vestrorum
2703 1042 3053 1114 aerumnis.
3098 1041 3207 1123 qui
3254 1062 3370 1124 pro
3430 1041 3569 1106 eius
3616 1040 3811 1106 verbo
3870 1039 4112 1105 tuendo
4170 1041 4243 1105 iu

2285 1126 2930 1192 antichristianorum
2970 1137 3276 1192 cruentas
3314 1126 3609 1192 incidunt
3645 1148 3897 1204 1116666,
3940 1147 4074 1191 606
4120 1128 4242 1191 1111-

2287 1231 2513 1275 norem
2560 1215 2888 1295 pereipere
2934 1211 3221 1277 dolorem
3270 1231 3464 1295 quam
3521 1214 3573 1276 si
3633 1233 3785 1279 eum
3831 1213 3963 1278 illis
4006 1213 4240 1277 iisdem

2285 1297 2657 1364 carceribus
2681 1300 2965 1365 conclusi
2994 1297 3221 1364 61111661
3259 1299 3455 1363 etiam
3494 1299 3956 1381 experiremini
3995 1311 4059 1363 et
4094 1320 4243 1381 per-

2287 1382 2570 1448 ferretis:
2632 1383 2753 1448 has
2811 1395 2993 1449 tanto
3051 1383 3481 1449 confidentius
3529 1383 3609 1448 ad
3654 1405 3771 1450 vos
3816 1404 4041 1448 omnes
4090 1384 4241 1447 mit-

2285 1468 2518 1534 tendas
2562 1471 2962 1542 censuimus,
3023 1479 3096 1534 61
3150 1470 3338 1535 vobis
3383 1492 3500 1554 pro
3541 1470 3796 1546 labore,
3858 1492 4050 1553 quem
4110 1469 4242 1536 huc

2284 1575 2491 1637 usque
2535 1575 2654 1638 pro
2690 1567 2915 1621 nostra
2950 1576 3143 1620 eausa
3184 1556 3646 1640 insumpsistis,
3693 1558 3939 1639 gratias
3975 1556 4242 1621 immor-

2283 1640 2450 1706 tales
2498 1641 2802 1723 inprimis
2845 1662 3137 1728 agamus,
3185 1652 3323 1706 tum
3362 1653 3438 1706 ut
3474 1663 3588 1707 vos
3635 1642 3715 1706 ad
3765 1654 4049 1708 vestram
4093 1663 4242 1724 ope-

2286 1747 2427 1790 ram
2486 1727 2674 1793 nobis
2734 1727 2949 1793 adhuc
3008 1726 3473 1810 praestandam
3529 1728 3719 1792 etiam
3780 1739 3975 1810 atque
4037 1729 4239 1794 etiam

2285 1834 2590 1896 rogemus
2633 1824 2701 1877 et
2742 1814 3162 1880 obtestemur.
3232 1813 3423 1895 Quod
3464 1835 3538 1879 eo
3574 1811 3908 1879 lubentius
3946 1835 4062 1878 vos
4110 1813 4240 1879 fac-

2285 1905 2472 1964 turos
2514 1898 2903 1964 confidimus
2946 1920 3073 1983 quo
3131 1900 3341 1983 magis
3397 1899 3465 1964 id
3523 1898 3603 1964 ad
3664 1899 3940 1982 gloriam
3986 1899 4112 1963 Dei
4158 1900 4240 1964 ab

2283 1982 2622 2049 hominum
2668 1987 3023 2067 impiorum
3067 1984 3480 2052 contumeliis
3526 2008 3601 2052 ac
3640 1985 3989 2069 tyrannide
4029 1984 4240 2049 vindi-

2281 2068 2560 2136 candam
2637 2080 2705 2136 et
2766 2071 3261 2157 languescentes
3328 2070 3685 2136 multorum
3753 2068 4045 2136 fidelium
4112 2069 4242 2135 Dei

2282 2158 2538 2224 animos
2582 2156 2961 2224 excitandos
2995 2176 3072 2223 66
3104 2156 3560 2223 vehementius
3596 2155 4042 2223 accendendos
4086 2178 4241 2222 con-

2282 2242 2455 2308 ferre
2498 2249 2732 2326 potest.
2822 2242 3145 2324 Quamvis
3189 2243 3363 2308 enim
3424 2242 3504 2308 ad
3568 2242 3743 2307 hunc
3804 2261 4008 2326 usquc
4066 2241 4241 2307 diem

2281 2328 2495 2407 multi,
2540 2337 2609 2394 et
2653 2330 2698 2394 ii
2744 2329 3004 2413 quidem
3063 2330 3284 2415 magni
3342 2328 3630 2394 nominis
3689 2328 3848 2406 viri,
3909 2347 4042 2393 uon
4102 2348 4240 2392 me·-

2282 2412 2589 2480 diocriter
2633 2435 2747 2498 pro
2791 2413 3174 2481 liberatione
3200 2422 3429 2481 nostra
3464 2415 3841 2492 laborarint,
3888 2433 4241 2495 eorumque

2280 2499 2466 2566 labor
2509 2520 2638 2565 non
2684 2502 2953 2576 omnino
2988 2501 3216 2567 irritus
3264 2501 3493 2579 fuerit,
3539 2521 3669 2565 non
3716 2511 3933 2564 tamen
3979 2508 4239 2564 tantum

2281 2587 2535 2653 fructus
2579 2606 2666 2652 ex
2710 2607 2787 2652 eo
2832 2586 2914 2652 ad
2962 2608 3077 2652 606
3122 2587 3426 2671 pervenit
3469 2594 3787 2670 quantum
3834 2584 4022 2650 nobis
4068 2585 4238 2649 rela-

2282 2681 2473 2738 turus
2515 2673 2704 2737 initio
2762 2671 3123 2739 videbatur.
3213 2670 3584 2755 Siquidem,
3640 2671 3796 2737 licet
3850 2671 3977 2753 ipsi
4036 2672 4240 2735 etiam

2279 2757 2608 2843 principes
2631 2758 3023 2838 Beruenses,
3071 2768 3224 2824 ante
3268 2761 3553 2843 quinque
3589 2771 3703 2822 aut
3738 2769 4020 2841 quatuor
4055 2777 4239 2822 men·

2280 2864 2385 2910 ses
2425 2843 2508 2909 ad
2552 2863 2902 2922 summum,
2948 2844 3404 2912 liberationem·
3450 2853 3747 2909 nost-ram
3803 2864 3843 2906 a
3884 2842 4068 2927 Rege
4112 2842 4239 2906 im-

2279 2930 2639 3014 petrarint,
2700 2931 2970 3014 eiusque
3015 2932 3108 2996 rei
3167 2939 3371 2996 testes
3430 2930 3653 2995 literas
3698 2928 3780 2994 ad
3825 2927 4240 2994 adversarios

2281 3026 2541 3083 nostros
2584 3017 2715 3082 iam
2806 3015 3012 3082 ridem
3057 3018 3456 3100 scripserint,
3488 3015 3534 3101 ¹)
3579 3016 3732 3081 licet
3787 3015 3986 3078 etiam
4031 3013 4240 3079 cardi-

2279 3101 2451 3167 nalis
2508 3102 2650 3187 ipse
2764 3104 3154 3169 orniacensis
3224 3102 3577 3168 novissime
3637 3100 3851 3166 Roma
3902 3097 4236 3165 redeundo
4283 3127 4289 3134 ·

2278 3207 2398 3271 per
2436 3208 2664 3254 eorum
2718 3196 2932 3254 terras
2989 3188 3115 3255 iter
3167 3187 3415 3255 faciens
3470 3186 3603 3253 illis
3655 3185 3981 3269 pollicitus
4031 3185 4237 3249 fuerit

2279 3294 2368 3351 66,
2410 3295 2614 3426 {uum
2650 3274 2933 3358 primum
2955 3273 3363 3360 Lugdunum
3402 3273 3707 3350 venisset,
3744 3270 3932 3337 nobis
3972 3292 4051 3336 ex
4091 3292 4235 3337 ear-

2280 3359 2413 3427 ceri
2459 3382 2537 3426 us
2580 3359 2867 3426 exeundi
2923 3368 2989 3426 et
3046 3359 3129 3426 ad
3190 3361 3471 3444 pristina
3526 3371 3753 3424 nostra
3808 3355 4027 3423 studia
4085 3356 4233 3422 red-

2279 3444 2481 3512 eundi
2522 3445 2778 3529 copiam
2812 3447 3167 3514 facturum:
3213 3454 3437 3512 tamen
3474 3455 3730 3511 tantum
3767 3444 3952 3509 abest
3986 3453 4058 3508 ut
4093 3441 4234 3525 pol-

2277 3531 2478 3598 licitis
2542 3533 2798 3599 steterit
2859 3540 2976 3599 aut
3039 3540 3215 3598 stare
3273 3531 3675 3609 decreverit,
3740 3537 3814 3596 ut
3867 3549 4076 3613 neque
4121 3527 4236 3592 ille

2279 3638 2493 3701 neque
2546 3617 2730 3684 illius
2780 3619 3067 3685 asseclae
3124 3639 3310 3686 suum
3369 3617 3442 3682 in
3496 3636 3616 3683 nos
3674 3614 3952 3698 capitale
4012 3613 4235 3679 odium

2278 3699 4235 3873 Ξῑῖᾞςὲἕοὲἓῗᾶἒέἳηῗέἔῗαὲἳὲἕῗέἓηῗὲἓῗὶἶζξὲἕζ

2324 3874 2701 3942 rodiderint.
2793 3875 3059 3941 Etenim
3103 3877 3257 3959 quia
3299 3896 3418 3940 nos
3474 3873 3801 3957 pestiferis
3862 3872 4000 3938 suis
4044 3870 4232 3936 blan-

2326 3962 2459 4027 1116
2501 3981 2834 4046 nunquam
2896 3963 2967 4026 in
3022 3982 3205 4027 suam
3268 3961 3561 4045 ipsorum
3616 3958 3885 4042 impiam
3939 3955 4020 4022 de
4080 3956 4234 4023 reli-

2278 4048 2473 4132 gione
2530 4048 2926 4114 sententiam
2992 4049 3279 4131 potuisse
3347 4044 3643 4129 pertrahi
3704 4042 4015 4110 viderunt
4076 4050 4235 4127 (qua

2277 4145 2500 4199 tamen
2560 4155 2632 4199 re
2685 4131 2849 4198 nihil
2910 4133 3040 4198 illis
3094 4133 3378 4216 optatius
3441 4139 3557 4197 aut
3738 4131 3873 4196 tius
3938 4128 4231 4196 accidere

2278 4226 2561 4303 poterat)
2600 4227 2845 4303 aperto,
2889 4217 3064 4302 quod
3108 4218 3313 4296 aiunt,
3357 4217 3576 4283 Marte
3668 4224 4034 4283 ecertantes
4076 4236 4230 4281 suos

2275 4325 2506 4371 omnes
2548 4304 2886 4372 effundere
2920 4312 3192 4372 conatus
3227 4311 3597 4388 coeperunt,
3643 4312 3718 4368 ut
3751 4322 3918 4385 quae
3955 4300 4038 4367 ab
4071 4300 4233 4384 ipsis

2275 4391 2348 4456 in
2409 4411 2529 4457 nos
2587 4405 2901 4476 tanquam
2951 4392 3186 4456 merito
3244 4388 3588 4455 haereseos
3647 4387 3983 4454 convictos
4036 4388 4229 4452 tertio

2275 4476 2438 4543 Idus
2481 4477 2645 4543 Maii
2688 4478 2911 4562 inique
2956 4476 3090 4543 lata
3131 4475 3257 4541 fuit
3302 4476 3632 4542 sententia
3676 4476 3744 4538 in
3782 4483 4015 4542 senatu
4037 4472 4228 4538 Pari·

2276 4564 2506 4639 siemi,
2554 4562 2636 4628 ad
2682 4584 2877 4646 quem
2922 4571 3080 4629 tunc
3122 4563 3658 4645 provocavimus,
3704 4569 3848 4625 rata
3892 4558 4225 4632 habeatur,

2276 4657 2479 4733 utque
2535 4647 2799 4714 tandem
2873 4649 3264 4715 immensam
3335 4667 3525 4715 suam
3597 4657 3666 4712 et.
3728 4645 4225 4711 immoderatam

2276 4733 2628 4801 hauriendi
2671 4735 2879 4800 nostri
2924 4733 3267 4819 sanguinis
3309 4731 3647 4800 libidinem
3691 4732 4019 4816 expleant.

2446 4819 2636 4903 Quae
2722 4842 2881 4885 uum
2925 4821 3018 4885 ita
3060 4820 3213 4898 sint,
3259 4841 3390 4885 non
3436 4819 3755 4885 habemus
3797 4816 3976 4882 aliud
4018 4815 4227 4880 tutius

2272 4927 2697 4992 propugnacu
2724 4927 2833 4971 um
2880 4906 2963 4972 ad
3003 4905 3177 4990 quod
3215 4915 3527 4989 tanquam
3566 4903 3649 4970 ad
3683 4923 3936 4970 sacram
3981 4900 4226 4966 ancho-

2271 5014 2416 5059 ram
2475 4994 2825 5077 confugere
2882 4993 3238 5077 possimus,
3304 5012 3504 5074 quam
3538 5010 3691 5057 eum
3733 4991 3756 5052 i
3836 5009 3947 5053 um
3992 4984 4225 5051 ducem

2270 5101 2390 5163 pro
2424 5100 2552 5162 quo
2588 5079 2905 5144 hactenus
2940 5077 3258 5145 adversus
3292 5079 3433 5144 eius
3469 5077 3693 5143 hostes
3772 5072 4223 5140 ecertavimus.

2269 5354 2455 5409 1000.
2481 5353 2537 5420 1)
2583 5352 2666 5420 Cf.
2702 5352 2780 5408 N.
2819 5352 2953 5407 1646
2986 5360 3037 5409 et
3073 5352 3227 5408 164⁷.
