4900 6167
272 421 378 486 433

270 604 408 668 tetis
449 626 782 673 accersere
826 608 1152 674 statueris.
1243 607 1457 674 Raros
1499 607 1720 693 itaque
1761 607 1899 674 fore
1942 617 2196 695 empto-

269 711 359 755 res
398 691 783 770 conficiunt,
829 694 987 778 quia
1028 693 1368 777 plerosque
1412 693 1682 760 terrebit
1722 696 1916 778 pretii
1953 697 2198 781 iniqui·

268 802 378 858 tas:
426 797 764 869 praeterea
806 780 1126 847 invidiam
1161 777 1592 847 reformidant
1624 788 1692 846 et
1724 781 2028 848 sinistros
2061 803 2197 849 ser-

266 895 494 944 mones.
587 868 734 937 Scis
774 877 994 934 autem
1039 865 1562 932 extraordinaria
1603 887 1769 949 quae
1813 867 1950 933 dixi
1994 867 2198 952 vulgo

266 967 327 1030 in
367 960 690 1025 rationem
733 975 868 1019 non
909 953 1152 1024 venire.
1239 951 1507 1018 Interea
1562 952 1736 1035 quod
1788 961 2049 1036 praeter
2091 954 2198 1020 ius

265 1061 324 1118 ct
351 1045 618 1111 medum
658 1041 835 1125 exigi
871 1040 1149 1124 fingunt,
1192 1059 1312 1121 pro
1347 1058 1469 1104 sua
1502 1039 1829 1121 imperitia
1862 1039 2005 1124 rapi
2042 1060 2198 1123 que-

266 1145 505 1202 runtur.
597 1128 741 1212 Ego
784 1149 862 1191 ca
905 1146 1050 1192 sum
1105 1132 1346 1194 natura
1398 1133 1474 1190 ut
1517 1126 1731 1191 aerius
1773 1125 2023 1190 instare
2065 1145 2196 1191 non

266 1220 544 1289 audeam.
571 1219 624 1296 ³)

424 1304 621 1367 Nune
663 1297 821 1382 quid
866 1297 982 1362 tibi
1025 1295 1172 1362 dem
1217 1296 1472 1362 consilii
1525 1297 1721 1361 rebus
1778 1296 1939 1363 adeo
1983 1296 2198 1364 dubiis

264 1403 323 1460 ct
355 1412 473 1472 spe
517 1389 789 1535 exigua,
851 1383 1081 1450 saltem
1142 1382 1365 1448 minus
1422 1382 1643 1466 ampla
1700 1403 1893 1466 quam
1942 1381 2196 1462 vellem,

264 1478 494 1545 nescio.
587 1498 612 1537 i
649 1493 735 1536 on
780 1483 880 1536 est
921 1481 1141 1536 tamen
1187 1490 1301 1534 eur
1344 1466 1642 1551 pluribus
1697 1468 1916 1534 verbis
1972 1469 2200 1534 testari

263 1560 680 1632 contendam,
745 1555 907 1622 mihi
967 1556 1258 1620 animum
1317 1552 1588 1620 iuvandi
1633 1576 1765 1620 non
1823 1554 2076 1633 deesse,
2145 1555 2202 1620 si

261 1673 377 1735 qua
424 1645 590 1711 mihi
647 1645 814 1708 ratio
859 1641 1154 1719 daretur,
1213 1661 1427 1722 neque
1479 1639 1549 1704 id
1592 1639 1889 1723 publicae
1944 1650 2205 1706 tantum

259 1733 560 1803 utilitatis
605 1751 822 1804 causa,
865 1748 1034 1811 quae
1077 1728 1311 1792 merito
1356 1726 1604 1810 primas
1648 1735 1844 1802 tenet,
1891 1725 2006 1792 sed
2050 1728 2205 1810 quia

261 1833 320 1888 tc
361 1823 432 1885 in
481 1816 745 1882 assiduo
789 1829 968 1880 met-u
1014 1821 1082 1876 et
1123 1813 1322 1877 variis
1367 1812 1671 1895 periculis
1716 1812 1965 1878 versari
2011 1812 2204 1878 vehe-

259 1925 510 1974 menter
566 1902 730 1966 mihi
788 1899 975 1965 dolet.
1081 1896 1475 1981 Quanquam
1535 1896 1692 1963 dum
1752 1898 2203 1982 circumspicio

258 1994 426 2062 unde
474 1990 781 2055 oriantur
820 1984 1141 2069 procellae
1202 1992 1268 2048 et
1326 2004 1636 2067 quorsum
1682 1983 1992 2062 tendant,
2044 2005 2201 2050 nus-

259 2100 443 2166 quam
483 2095 752 2140 securae
788 2095 862 2138 ae
887 2070 1251 2148 diuturnae
1287 2070 1524 2152 quietis
1560 2080 1832 2152 apparet
1868 2071 1938 2134 in
1961 2067 2203 2136 mundo

259 2179 503 2252 portus.
611 2159 838 2236 Certe,
907 2167 983 2221 ut
1049 2179 1152 2220 res
1217 2169 1481 2222 nostrae
1536 2167 1722 2234 sunt,
1789 2177 1920 2220 non
1974 2155 2202 2240 procul

259 2254 578 2319 distamus
641 2267 678 2309 a
747 2245 1024 2311 telorum
1079 2243 1284 2308 iaetu:
1358 2241 1592 2308 saltem
1650 2242 1722 2307 in
1778 2240 2002 2307 eodem
2069 2242 2203 2306 sere

261 2334 633 2405 discrimine
679 2350 1038 2397 versamur.
1129 2326 1233 2395 Ad
1270 2328 1585 2394 intestina
1619 2328 1999 2404 cortamina,
2045 2348 2201 2410 quo·

256 2446 394 2490 rum
437 2438 700 2485 rumore
738 2427 801 2483 te
832 2415 1060 2483 scribis
1099 2415 1351 2494 terreri,
1395 2413 1641 2480 dudum
1678 2433 1785 2478 me
1820 2411 2202 2479 obduruisse

256 2513 430 2579 seito.
542 2502 738 2586 Quod
797 2523 902 2568 me
969 2499 1053 2566 ad
1120 2500 1630 2566 moderationem
1704 2499 1992 2565 hortaris
2047 2498 2201 2568 boni

257 2594 542 2664 consulo.
614 2589 787 2655 Nam
820 2586 1045 2653 multis
1080 2586 1549 2671 experimentis
1585 2585 1799 2664 didici,
1846 2585 1957 2654 ubi
2000 2584 2200 2652 semel

257 2683 333 2749 ad
373 2674 871 2748 contentionem
918 2681 1185 2741 ventum
1231 2683 1349 2750 est,
1395 2693 1594 2755 quam
1629 2670 1895 2738 difficile
1930 2671 2019 2737 sit
2061 2690 2201 2736 mo-

255 2768 400 2835 dum
449 2775 698 2842 tenere,
743 2760 907 2826 nihil
948 2778 1104 2824 vero
1147 2778 1290 2824 esse
1324 2758 1680 2842 proclivius
1714 2778 1908 2841 quam
1945 2759 2203 2823 fervore

258 2854 481 2938 abripi.
588 2850 680 2915 Et
733 2846 894 2912 mihi
955 2843 1153 2944 probe
1210 2845 1532 2911 succurrit
1588 2865 1717 2927 qua
1769 2844 1895 2908 sim
1950 2843 2201 2926 ingenii

253 2937 690 3007 vehementia.
780 2931 913 2999 Sed
957 2930 1227 2997 1donoos
1274 2930 1381 2996 hic
1438 2938 1598 3014 puto
1640 2951 1784 2996 esse
1828 2928 2199 2996 aestimato-

253 3049 383 3105 res,
461 3021 703 3107 quibus
760 3043 842 3086 cx
900 3039 972 3083 re
1025 3017 1356 3102 praesenti
1409 3017 1642 3083 melius
1701 3023 1989 3083 statuere
2047 3014 2202 3082 lieet

253 3112 403 3197 qnid
451 3108 737 3175 nimium
782 3106 870 3169 sit
913 3104 1016 3169 vel
1062 3104 1189 3169 rite
1228 3111 1683 3187 temperatum.
1755 3100 1936 3183 Quid
1979 3109 2200 3166 autem

252 3200 305 3266 si
346 3196 584 3264 audias
627 3214 733 3258 me
778 3193 842 3256 in
889 3189 1100 3256 turbis
1143 3189 1290 3255 istis
1334 3210 1465 3254 non
1510 3190 1729 3253 minus
1771 3188 1972 3253 fuisse
2015 3186 2199 3253 seda-

251 3293 410 3362 tum,
459 3300 658 3364 quam
704 3279 814 3361 qui
861 3287 1098 3341 natura
1141 3277 1336 3341 etiam
1384 3275 1545 3341 lenti
1586 3282 1745 3340 sunt
1786 3295 1861 3340 ae
1905 3273 1992 3338 fri
2044 3270 2173 3338 'diP

421 3370 784 3448 Postquam
843 3361 1195 3428 damnatus
1254 3363 1471 3427 fuerat
1534 3360 1891 3426 monachus
1948 3359 1971 3423 i
2024 3380 2060 3424 e
2116 3380 2200 3424 ex

255 3455 508 3522 Falerii
553 3448 888 3535 ergastulo
903 3447 960 3533 ⁴)
1018 3448 1090 3512 in
1137 3468 1254 3514 nos
1298 3448 1602 3522 emissus,
1663 3445 1927 3529 quidam
1970 3444 2201 3510 rabula

251 3540 628 3610 clanculum
686 3536 853 3601 inita
907 3535 1387 3618 conspiratione
1439 3541 1706 3615 repente
1766 3540 2033 3598 exortus
2079 3541 2197 3608 est,

253 3631 358 3713 qui
403 3648 545 3691 nen
602 3622 814 3689 solum
873 3622 938 3685 in
996 3620 1241 3684 mensis
1299 3619 1603 3701 privatis,
1663 3617 1778 3683 sed
1823 3618 2022 3682 etiam
2083 3638 2200 3701 per

251 3729 617 3797 cauponas,
647 3713 700 3782 ⁵)
760 3715 827 3772 et
883 3728 1000 3771 nos
1057 3707 1266 3771 facere
1326 3703 1545 3770 Deum
1604 3703 1852 3787 peccati
1904 3715 2195 3768 autorem

249 3801 555 3874 iactaret,
600 3809 669 3859 et
711 3805 924 3858 totum
966 3800 1266 3857 nostrum
1317 3790 1756 3856 ministerium
1803 3788 1950 3873 plus
2001 3808 2200 3871 quam

247 3881 722 3952 contumeliose
767 3877 1154 3944 traduceret.
1245 3875 1465 3958 Quum
1526 3876 1659 3941 iam
1715 3876 1958 3959 passim
2016 3894 2199 3958 gras-

249 3974 378 4039 sari
425 3968 728 4036 viderem
772 3963 1117 4048 pestiferas
1160 3963 1323 4030 istas
1367 3982 1589 4040 voces,
1634 3962 1869 4043 quibus
1913 3982 2046 4026 non
2089 3958 2200 4026 ob-

249 4078 437 4125 scure
497 4050 938 4120 moliebantur
993 4048 1274 4132 improbi
1339 4058 1545 4114 totum
1603 4047 1857 4113 Christi
1925 4066 2199 4130 regnum

252 4153 556 4210 evertere
613 4140 682 4203 in
740 4136 864 4202 hac
918 4135 1113 4211 urbe,
1178 4135 1492 4219 populum
1545 4134 1840 4218 graviter
1895 4130 2201 4198 admonui

253 4239 330 4294 ut
395 4226 530 4294 sibi
599 4223 683 4289 ab
747 4222 880 4288 illis
947 4235 1228 4289 caveret.
1341 4219 1618 4287 Senatui
1686 4218 1883 4285 etiam
1945 4217 2203 4284 ostendi

339 4336 452 4381 am
497 4309 871 4396 periculosa
915 4316 1087 4374 esset
1140 4311 1207 4373 in
1264 4306 1511 4374 talibus
1568 4304 1854 4372 dissidiis
1909 4305 2200 4371 cessatio.

253 4336 388 4482 {lui
431 4398 625 4464 illum
670 4394 1196 4460 subornaverant
1230 4392 1312 4458 ad
1350 4413 1456 4458 me
1491 4390 1886 4467 vexandum,
1930 4391 2024 4456 ita
2065 4390 2204 4456 suis

249 4488 505 4553 artibus
540 4490 891 4548 traxerunt
924 4499 1205 4557 eausam,
1252 4492 1328 4544 ut
1363 4479 1573 4545 tribus
1608 4476 1939 4542 mensibus
1955 4477 2014 4550 ο)
2059 4496 2202 4542 sus-

250 4592 537 4657 pensum
581 4588 687 4633 me
732 4567 1079 4632 tenuerint
1146 4565 1320 4631 Nam
1353 4586 1435 4629 ex
1481 4563 1799 4629 iudicibus
1833 4562 2204 4644 complures

255 4765 350 4772 --.-—

460 4875 521 4942 8)
570 4875 759 4931 Totum
796 4875 895 4930 hoc
927 4887 1134 4929 comma
1168 4873 1228 4927 in
1265 4871 1574 4928 amhentieo
1608 4871 1979 4927 camenctum.

459 4945 524 5009 4)
573 4944 851 5000 Viduam
997 4939 1654 5009 mmdametfflyidm
1688 4938 2202 5007 ΜήεεΒοῑοσοισω

249 5020 302 5070 ct
357 5016 676 5070 Troadem-⁸
703 5029 757 5074 ‚a
809 4957 1054 5067 Famae
1101 5011 1164 5092 ίῳ
1209 5023 1267 5065 u
1311 5009 1458 5065 inita
1500 5010 1905 5092 conspiratione
1949 5009 2205 5091 οηιίυιιιι

252 5086 401 5151 dicax,
451 5084 566 5138 sca.
609 5084 680 5138 ab
723 5081 823 5137 illo
867 5095 1019 5150 qm
1076 5080 1202 5135 elau·
1248 5084 1407 5134 easta
1461 5079 1810 5136 amoma
1856 5079 2123 5134 ambmat
2153 5082 2206 5131 ot

252 5151 688 5209 Ιιοκεειίεείηιιιιι
724 5159 1072 5220 coqu-evera,
1119 5149 1229 5204 imo
1262 5148 1434 5204 bonae
1477 5163 1679 5202 causae
1723 5156 2013 5218 martyrem
2042 5159 2203 5215 prae·

251 5222 552 5279 ὅσσου-αι.

465 5291 520 5355 5)
561 5289 639 5344 N.
676 5286 829 5342 1632.

464 5359 523 5422 6)
562 5360 683 5413 Imo
719 5358 932 5412 diutim
965 5371 1000 5413 a
1037 5355 1208 5412 Iunio
1241 5354 1319 5410 ad
1351 5353 1726 5411 Nouembrem.

473 5445 689 5500 Caluini
716 5459 899 5514 opera.
978 5442 1091 5498 Vol.
1135 5441 1296 5497 xlv.

1955 424 2114 486 1552
2147 419 2551 491 DEOEHB.

4125 430 4254 492 434

2300 620 2494 678 erant
2532 612 2743 696 partis
2775 610 3090 679 adversae
3123 612 3401 697 patroni.
3470 611 3821 678 Caeterum
3868 613 4039 679 inter
4081 614 4254 679 mul-

2300 705 2403 764 tas
2438 697 2715 764 iniurias
2749 697 2845 766 nil
2879 698 3047 764 mihi
3080 698 3382 764 acerbius
3418 699 3541 763 fuit
3585 699 3693 763 vel
3732 698 4005 778 tristius,
4051 721 4249 783 quam

2302 782 2478 866 quod
2519 784 2591 849 in
2634 781 2932 850 odiosum
2975 806 3128 851 eum
3170 785 3253 850 D.
3305 784 3607 867 Philippo
3651 796 3983 851 certamen
4030 784 4250 851 trahe-

2303 867 2533 955 bar:⁷)
2591 891 2632 935 a
2683 890 2809 954 quo
2868 880 3091 936 tamen
3147 870 3238 937 sie
3298 870 3535 936 deflexi
3595 879 3669 935 ut
3728 870 3807 935 de
3868 877 4051 936 tanto
4109 871 4250 937 vire

2303 976 2641 1039 nunquam
2685 956 2812 1021 nisi
2856 955 3207 1021 honorifice
3264 956 3570 1038 loquutus
3614 957 3755 1046 sim.
3846 957 4012 1022 'Pota
4054 957 4251 1023 factio

2304 1042 2549 1108 victam
2594 1062 2664 1107 se
2705 1041 2916 1107 iacere
2959 1063 3265 1119 cernens,
3322 1044 3535 1108 maius
3579 1042 3951 1108 incendium
4000 1042 4252 1108 exstin-

2302 1126 2547 1212 guendi
2589 1127 2825 1211 prioris
2861 1149 3060 1195 causa
3094 1137 3361 1211 repente
3406 1130 3733 1195 excitavit.
3804 1129 3967 1194 Tres
4013 1127 4253 1212 perditi

2304 1211 2682 1292 nebulones,
2727 1234 2810 1278 ex
2845 1213 3176 1296 primariis
3211 1223 3435 1279 tamen
3474 1214 3753 1290 familiis,
3802 1214 4253 1298 Raymundum

2303 1300 2577 1364 fratrem
2634 1306 2932 1364 nostrum
2987 1300 3453 1366 contumeliose
3510 1300 3802 1385 aggressi
3862 1298 4124 1365 tandem
4170 1321 4251 1366 eo

2305 1406 2511 1467 usque
2555 1385 2884 1469 progressi
2926 1395 3082 1451 sunt
3124 1397 3202 1451 ut
3256 1385 3566 1451 iudicium
3623 1385 4131 1453 ecclesiasticum
4176 1408 4254 1453 eo

2305 1468 2410 1536 die
2455 1469 2885 1536 turbaverint.
2910 1473 2963 1546 ⁸)
3050 1470 3200 1537 Uno
3245 1492 3564 1537 consensu
3611 1473 3979 1538 censuimus
4023 1494 4253 1538 omnes

2306 1553 2720 1622 deferendam
2767 1577 2910 1623 csse
2953 1556 3035 1621 ad
3092 1569 3392 1622 senatum
3450 1558 3937 1640 querimoniam.
4029 1557 4253 1639 Quum

2303 1643 2399 1707 ita
2440 1643 2773 1708 seniorum
2814 1642 3049 1708 iudicio
3085 1642 3378 1708 damnati
3416 1657 3654 1720 essent,
3700 1666 3868 1710 unus
3904 1642 4256 1709 tentandae

2305 1729 2917 1794 meaeconstantiae
2943 1728 3046 1793 vel
3084 1728 3415 1797 socordiae
3450 1749 3649 1794 causa
3683 1728 4007 1795 infantem
4043 1751 4252 1795 unum

2306 1812 2388 1879 ad
2438 1813 2831 1897 baptismum
2873 1813 3125 1880 obtulit.
3151 1817 3207 1897 ⁹)
3273 1815 3531 1899 Negavi
3575 1816 3716 1881 eius
3761 1815 4092 1899 sponsoris
4135 1836 4251 1881 no·

2304 1921 2458 1965 meu
2516 1920 2623 1965 me
2681 1909 3112 1983 recepturum.
3211 1900 3567 1983 Extemplo
3626 1901 3968 1967 vociferari
4026 1922 4253 1968 omnes

2306 1995 2385 2050 ut
2426 1986 2773 2052 manifesta
2815 1999 2987 2051 esset
3028 1986 3305 2058 seditio„
3369 1987 3630 2052 Interea
3689 1989 3780 2053 sic
3840 2007 3944 2058 me
3991 1988 4059 2052 in
4104 1988 4253 2052 hor·

2307 2071 2513 2136 rende
2548 2071 2846 2155 strepitu,
2892 2070 3303 2149 clamoribus,
3350 2072 3679 2148 conviciis,
3725 2073 3923 2138 minis
3959 2074 4255 2139 continui

2306 2165 2382 2221 ut
2423 2178 2509 2223 ne
2550 2157 2829 2224 verbum
2889 2157 3146 2240 quidem
3216 2158 3534 2225 exciderit
3589 2157 3758 2241 quod
3817 2158 4020 2224 animi
4079 2180 4255 2225 cem-

2305 2243 2662 2308 motionem
2716 2246 3015 2326 spiraret.
3106 2243 3300 2325 Quod
3356 2244 3413 2309 si
3470 2244 3587 2309 tibi
3653 2253 4023 2328 compertus
4082 2252 4257 2311 esset

2305 2337 2514 2395 status
2569 2337 2790 2395 noster
2810 2379 2824 2406 ,
2886 2327 3133 2396 diceres
3189 2329 3475 2395 mirabili
3519 2331 3783 2395 Domini
3842 2328 4255 2413 providentia

2306 2415 2548 2481 factum
2595 2436 2736 2481 esse
2779 2435 2864 2479 ne
2907 2417 3154 2482 centies
3199 2417 3440 2480 exserti
3483 2415 3619 2480 sint
3661 2414 3894 2500 gladii,
3956 2437 4251 2499 praeser-

2304 2502 2425 2565 tim
2472 2521 2675 2583 quum
2719 2509 2819 2566 tot
2861 2521 2937 2565 ae
2980 2511 3115 2566 tam
3160 2499 3452 2585 indignis
3494 2501 3705 2567 modis
3741 2510 4257 2585 provocarentur

2306 2587 2415 2670 qui
2472 2586 2620 2668 plus
2678 2596 2996 2670 poterant.
3087 2586 3353 2652 Primus
3409 2587 3555 2665 ille,
3618 2586 3727 2671 qui
3789 2608 3894 2652 me
3948 2586 4257 2653 atrociter

2303 2670 2733 2755 prosciderat,
2794 2671 3283 2755 doctrinamque
3329 2693 3537 2738 meam
3597 2685 3663 2738 et
3707 2681 3916 2738 totum
3962 2672 4253 2739 ministe-

2304 2756 2478 2822 rium
2520 2757 2722 2841 impie
2766 2758 3163 2836 traduxerat,
3209 2759 3481 2842 impune
3525 2759 3766 2838 evasit,
3796 2761 3852 2799 ¹⁰
3939 2780 4137 2842 quum
4183 2758 4253 2824 in

2304 2865 2506 2908 manu
2549 2865 2698 2909 mea
2742 2851 2916 2909 esset
2959 2864 3107 2910 eum
3154 2865 3424 2927 prorsus
3468 2854 3780 2910 evertere.
3904 2845 4032 2910 atis
4074 2844 4249 2909 enim

2275 2927 2502 2994 'habui
2547 2929 2604 2995 si
2647 2950 2928 3013 persona
2983 2930 3267 2995 hominis
3322 2930 3674 3013 praeterita
3731 2937 3989 2994 tantum
4044 2929 4124 2995 de
4179 2952 4252 2995 re

2299 3015 2770 3099 pronunciaret
2813 3023 3100 3081 senatus.
3192 3015 3327 3082 Alii
3372 3017 3707 3082 nobiscum
3752 3014 4033 3082 libenter
4076 3014 4249 3080 redi·

2305 3109 2458 3167 rent
2500 3100 2570 3165 in
2734 3101 2915 3181 tiam,
2961 3099 3076 3166 sed
3118 3102 3285 3167 mori
3330 3102 3574 3168 centies
3608 3107 3898 3185 praestat
3932 3121 4127 3185 quam
4173 3111 4255 3167 ut

2303 3208 2344 3252 a
2385 3198 2566 3254 recta
2633 3207 2781 3253 inea
2823 3184 3259 3253 deflectamus.

2476 3273 2780 3340 Fuerunt
2812 3272 2921 3339 hie
2957 3271 3252 3339 Farellus
3286 3277 3354 3338 et
3400 3272 3652 3340 Viretus
3687 3271 3911 3339 decem
3954 3271 4250 3357 integros

2303 3357 2475 3424 dies:
2535 3379 2697 3442 quos
2741 3367 3002 3425 nestrae
3059 3359 3415 3442 patientiae
3458 3355 3822 3425 luculentos
3861 3358 4004 3424 fore
4046 3364 4249 3424 testes

2302 3443 2576 3510 confido.
2666 3443 2995 3510 Viderunt
3038 3446 3211 3509 enim
3232 3457 3450 3529 'quam
3495 3443 3704 3510 multa
3746 3444 4025 3529 tragica,
4083 3464 4249 3526 quae

2303 3538 2561 3596 tantum
2608 3529 2686 3595 ad
2743 3552 2862 3597 nos
2918 3553 2951 3597 s
2997 3539 3247 3606 ectant,
3303 3531 3563 3596 silentio
3619 3551 4023 3614 premamus,
4084 3548 4248 3613 quas

2301 3637 2606 3683 voremus
2649 3552 3108 3695 contumefiaffi
3151 3638 3349 3700 quam
3395 3617 3617 3683 multis
3657 3616 3939 3700 peccatis
3980 3614 4249 3680 veniam

2304 3701 2550 3768 demus.
2653 3702 2862 3786 Atqui
2935 3702 3146 3768 multa
3200 3714 3357 3768 sunt
3407 3702 3643 3786 quibus
3712 3702 3768 3765 si
3839 3702 4246 3781 conniveam,

2304 3785 2552 3873 perfide
2610 3796 2678 3852 et
2736 3787 3078 3853 Christum
3137 3788 3512 3872 proderem3
3582 3796 3648 3851 et
3704 3807 3969 3872 gregem
4030 3787 4111 3853 ab
4170 3805 4246 3852 eo

2309 3874 2473 3939 mihi
2519 3873 2956 3940 commissum.
3045 3873 3332 3940 Proinde
3377 3895 3513 3939 non
3556 3882 3656 3939 est
3685 3894 3801 3939 cur
3836 3893 4251 3955 expavescas,

2304 3959 2419 4025 ubi
2490 3958 2761 4043 posthae
2814 3980 2919 4024 me
2976 3959 3282 4043 proeliari
3354 3959 3657 4025 audieris.
3759 3958 3985 4025 Unum
4051 3959 4251 4024 etiam

2306 4045 2422 4111 abs
2468 4055 2532 4110 te
2575 4052 2760 4130 peto,
2817 4066 2904 4111 ne
2956 4045 3050 4110 ita
3093 4045 3502 4111 ambitiosum
3561 4066 3666 4109 me
3710 4063 3852 4110 esse
3895 4045 4252 4124 existimes,

2305 4143 2381 4197 ut
2424 4131 2659 4214 cupide
2713 4129 2823 4196 vel
2881 4130 3102 4197 hostes
3161 4131 3266 4194 vel
3326 4150 3581 4214 pugnas
3637 4149 3980 4195 accersam.
4069 4128 4257 4195 Nihil

2307 4225 2485 4283 certe
2530 4217 2661 4282 otio
2719 4226 2784 4281 et
2834 4216 3041 4283 literis
3100 4229 3271 4281 esset
3326 4217 3612 4301 gratius,
3673 4217 3729 4281 si
3791 4215 3981 4280 modo
4042 4216 4123 4280 ab
4181 4238 4258 4280 eo

2308 4303 2576 4369 daretur
2617 4303 2999 4369 immunitas
3041 4301 3164 4368 sub
3207 4302 3394 4367 euius
3437 4302 3745 4385 auspiciis
3788 4302 4015 4367 milito.
4092 4300 4261 4368 an-

2304 4398 2556 4466 terum,
2619 4396 2697 4453 ut
2750 4390 3034 4474 ingenue
3089 4388 3207 4452 tibi
3262 4389 3472 4454 fatear
3527 4385 3699 4471 quod
3758 4386 4006 4466 sentio,
4062 4386 4260 4454 valde

2513 4593 2543 4646 ‘2
2609 4593 2928 4649 Mantinon}
2982 4592 3292 4649 stollictum
3347 4595 3410 4648 in
3462 4610 3562 4648 suo
3605 4594 3807 4662 scripto
3863 4593 3939 4648 N.
3997 4590 4135 4647 1658
4187 4608 4257 4647 cx

2712 4663 2723 4676 “
2781 4662 2914 4719 locis
2945 4662 3017 4718 ab
3051 4662 3174 4731 ipso
3213 4662 3439 4718 Οαέυὲκο
3486 4663 3649 4717 editis
3683 4663 3830 4718 hunc
3870 4661 4119 4729 refutare
4163 4675 4250 4716 co-

2401 4869 2415 4884 ·
2534 4745 2946 4881 αεἷιαὌλιιιιυείο
2994 4798 3052 4853 V.
3093 4798 3172 4852 D.
3207 4800 3291 4881 ⁶21.
3332 4798 3519 4867 pridie
3555 4799 3753 4855 Nonas
3795 4798 3909 4855 Oct.
3951 4800 4015 4853 iu
4047 4797 4253 4878 comiq-

2305 4875 2446 4925 tono
2483 4868 2539 4923 Ρ
2572 4869 2817 4952 olibet-m
2852 4867 3161 4950 Bonna-do
3192 4866 3541 4989 tmgudtcma
3573 4869 3948 4951 tmerpellam
3981 4882 4102 4948 cum
4136 4879 4257 4973 ms

2305 4936 2531 4994 anacam
2566 4937 2763 4993 Fluant.
2801 4935 3119 4992 Boo-uuam
3164 4942 3214 4991 et
3320 4936 3452 4992 alth.
3490 4935 3618 5006 Sept
3653 4937 3807 4993 taum
3854 4949 4116 4992 cononem
4149 4935 4227 4988 ad

2306 5003 3245 5086 ommamatooneietorio
3290 5002 4259 5073 adSenammuquidoea

2512 5074 2590 5204 gli
2607 5073 3132 5226 ᾖᾱῗιῗίιῳέἆῶαοαν
3168 5139 3311 5210 Sept.
3387 5141 3499 5225 Res
3548 5149 3727 5223 tamea
3770 5141 3847 5194 ad
3894 5138 4149 5223 Senatum·
4202 5145 4259 5225 cl.

2378 5211 2548 5296 ..Oct-
2582 5215 2709 5337 m
2737 5212 3009 5346 ᾷῶθιζαιιοα
3033 5226 3109 5293 ρο
3141 5210 3210 5265 de
3254 5227 3470 5268 nomae
3502 5210 3790 5281 repausato
3823 5208 4007 5267 delam
4038 5210 4166 5278 fust,
4201 5229 4255 5266 ει

2474 5282 2588 5418 ῗὸῗ
2614 5349 2918 5407 stenima.
2994 5348 3078 5416 of.
3113 5347 3191 5404 N.
3228 5347 3378 5415 1674,
3412 5354 3521 5404 not.
3558 5345 3608 5402 2.

2305 5091 2478 5146 ἕ

3776 5431 3845 5485 28
