4900 6167
752 403 881 467 2⁶3

742 608 897 655 meo
937 587 1367 653 obversantur
1408 603 1573 666 quae
1614 603 1721 649 me
1762 584 2080 650 afflictant
2119 582 2350 667 magis.
2438 583 2687 662 Altera,

794 672 926 739 uod
968 683 1229 737 tantum
1271 669 1491 733 virum
1536 668 1891 748 amisimus,
1936 690 2067 734 non
2103 689 2309 752 usque
2344 666 2505 733 adeo
2547 669 2689 751 qui-

746 697 896 824 dem
931 767 1307 839 corruptum
1343 753 1499 836 quin
1522 774 1671 837 spes
1692 753 2023 838 aliquanta
2058 763 2351 832 restaret,
2387 763 2454 817 et
2476 774 2690 818 emen-

748 844 973 909 datum
1019 842 1121 919 iri,
1167 849 1235 905 et
1276 838 1480 922 ipsius
1537 839 1779 938 alioqui
1835 841 2182 905 autoritate
2238 859 2314 905 ac
2411 838 2691 938 raesidio

744 925 1371 1079 ffizffiffl
1407 944 2054 1075 Ξὶοῒὲῗῶἳέοωᾝ
2054 944 2335 1075 m?
2409 932 2691 1088 3332?

748 1101 953 1164 vitam
1010 1097 1216 1174 illius,
1282 1116 1608 1160 carcerem
1623 1146 1640 1174 ,
1699 1095 2088 1178 supplicium
2106 1147 2120 1171 ‚
2180 1094 2483 1160 scandalo
2540 1116 2687 1177 per-

745 1184 971 1249 multis
1013 1183 1215 1247 fuisse
1248 1189 1319 1244 et
1359 1200 1502 1245 esse
1544 1189 1611 1244 et
1653 1180 1821 1258 fore,
1877 1182 1948 1245 in
1992 1201 2321 1247 summum
2365 1180 2688 1263 evangelii

743 1270 1131 1353 pietatisque
1174 1273 1622 1348 contemptum
1664 1287 1738 1331 ac
1781 1267 2167 1348 perniciem:
2212 1265 2281 1330 id
2325 1286 2481 1330 vero
2522 1265 2688 1329 mihi

744 1355 1033 1419 maxima
1073 1351 1538 1416 lamentatione
1580 1352 1970 1435 tristitiaque
2014 1350 2283 1435 dignum
2321 1372 2463 1416 esse
2504 1349 2684 1415 vide-

743 1451 868 1505 tur.
900 1441 980 1512 ¹²)
1052 1437 1305 1501 Verum
1350 1436 1525 1500 enim
1569 1456 1725 1502 vero
1768 1456 1993 1502 omnes
2036 1457 2153 1501 nos
2173 1436 2303 1501 Dei
2349 1436 2683 1500 voluntate

743 1533 1087 1590 contentos
1131 1543 1271 1587 esse
1312 1539 1432 1605 par
1474 1531 1592 1597 est,
1647 1520 1817 1603 quod
1860 1524 2076 1605 ipsum
2118 1541 2232 1586 oro
2275 1541 2361 1584 ne
2404 1521 2511 1585 hic
2567 1531 2684 1587 aut

745 1610 899 1676 alibi
941 1611 1101 1673 istos
1146 1629 1185 1672 a
1227 1627 1332 1670 me
1373 1606 1615 1670 limites
1656 1607 1994 1689 praeteriri
2040 1609 2217 1672 sinat
2248 1627 2557 1689 unquam.

915 1693 1050 1760 Sed
1107 1692 1187 1757 de
1242 1692 1344 1757 his
1395 1693 1716 1775 copiosius
1772 1693 2043 1757 fortasse
2091 1712 2286 1773 quam
2332 1691 2542 1770 debui,
2603 1713 2679 1759 ac

743 1800 973 1845 vereor
1029 1799 1115 1842 ne
1156 1779 1532 1866 πολυγραφίᾳ
1577 1778 1806 1861 tanaim
1862 1778 2191 1842 molestior
2242 1777 2362 1841 tibi
2421 1777 2675 1842 fuerim.

743 1864 938 1946 Quod
994 1866 1047 1930 si
1093 1865 1333 1929 factum
1379 1871 1507 1937 est,
1567 1862 1781 1940 dabis,
1841 1862 2098 1945 opinor,
2155 1864 2412 1927 veniam
2469 1864 2677 1928 amico

743 1950 1011 2028 homini,
1048 1969 1125 2013 ac
1156 1948 1401 2014 mcenti
1424 1948 1718 2013 fortassis
1755 1949 1955 2011 animi
1994 1947 2485 2030 perturbatione
2519 1968 2677 2012 non-

737 2035 902 2100 nihil
946 2034 1267 2101 deliranti.
1358 2033 1549 2098 Nunc
1589 2033 1670 2096 ad
1715 2033 1842 2097 alia
1894 2031 2213 2115 quaedam
2271 2033 2462 2098 venio
2514 2053 2676 2116 quae

734 2143 869 2186 non
913 2119 1271 2186 omittenda
1315 2117 1653 2194 videntur,
1709 2117 1971 2200 quando
2013 2140 2188 2184 nuuc
2230 2139 2375 2183 mea
2418 2120 2490 2182 in
2531 2126 2674 2183 tan·

735 2219 876 2271 tum
923 2208 1217 2272 excrevit
1259 2204 1551 2285 epistola.
2507 2243 2514 2248 -

904 2292 1203 2358 Primum
1249 2311 1331 2354 ex
1376 2287 1724 2371 praedictis
1768 2307 1900 2352 uon
1959 2288 2232 2354 obscure
2288 2307 2602 2373 cognosce

732 2389 918 2460 potes
981 2399 1099 2442 cur
1162 2374 1326 2439 nihil
1392 2374 1573 2438 ducis
1638 2371 1928 2439 defuncti
1994 2375 2257 2439 nomine
2333 2375 2672 2440 habuerim

733 2461 902 2544 quod
948 2459 1405 2543 responderem
1449 2459 1580 2524 illis
1633 2479 1793 2540 quas
1849 2459 1930 2523 ad
1983 2461 2198 2543 ipsum
2242 2479 2361 2542 per
2402 2482 2510 2525 me
2553 2482 2672 2525 nu-

732 2568 851 2631 per
894 2546 1131 2612 dedisti
1178 2545 1401 2609 literis.
1431 2548 1517 2626 ¹³)
1604 2542 2148 2626 Quandoquidem
2194 2545 2355 2609 mihi
2398 2546 2672 2628 permis-

733 2654 877 2696 sum
914 2651 1046 2695 non
1084 2630 1208 2694 fuit
1242 2629 1371 2694 huc
1407 2649 1668 2694 reverso
1703 2632 2033 2712 captivum
2060 2639 2217 2696 tunc
2250 2631 2438 2697 illum
2473 2630 2669 2696 adire.

730 2716 810 2782 Id
856 2717 976 2780 feci
1021 2713 1187 2798 quod
1233 2716 1439 2798 potui:
1486 2714 1727 2779 tradidi
1769 2714 1993 2780 literas
2035 2715 2182 2780 illas
2226 2727 2373 2781 tuas
2416 2716 2672 2781 consul-

733 2813 877 2867 tore
918 2803 1057 2884 ipso
1102 2801 1181 2865 D.
1244 2821 1287 2864 a
1332 2800 1556 2876 Lasco,
1616 2802 1870 2865 senatui
1930 2802 2127 2886 regio.
2216 2801 2391 2867 Duci

733 2887 1016 2952 traditae
1058 2886 1306 2951 fuerint
1354 2905 1590 2963 necne,
1650 2885 1966 2951 incertum
2028 2896 2129 2953 est
2180 2887 2365 2951 mihi.
2496 2887 2672 2969 psius

734 2974 909 3038 enim
954 2972 1355 3048 liberatione,
1398 2991 1589 3054 quam
1636 2991 1891 3055 semper
1949 2971 2403 3055 exspectabam
2420 3023 2436 3048 ,
2503 2972 2673 3036 frus-

732 3067 943 3124 tratus
982 3058 1093 3134 fui,
1139 3071 1215 3121 ut
1255 3057 1547 3139 plerique
1603 3056 1711 3121 hic
1752 3077 1995 3122 omnes.
2084 3059 2166 3122 D.
2212 3057 2672 3130 Rauennam)

733 3143 900 3208 mihi
943 3153 1092 3207 ante
1144 3142 1391 3225 aliquot
1445 3139 1583 3206 dies
1643 3162 1751 3207 eas
1796 3143 1975 3208 dedit
2032 3164 2195 3226 quas
2250 3163 2425 3208 nunc
2480 3141 2564 3207 ad
2608 3151 2672 3207 te

730 3230 939 3293 mitto.
1030 3226 1401 3292 Richardus
1446 3226 1597 3292 Has
1639 3230 1883 3312 recepit
1926 3249 1995 3295 se
2039 3227 2121 3292 ad
2166 3234 2233 3292 te
2277 3229 2672 3311 scripturum

730 3325 895 3392 tum,
932 3333 1131 3396 quum
1169 3311 1411 3394 aliquid
1447 3312 1751 3378 habuerit
1796 3312 2186 3379 mittendum
2222 3313 2511 3378 institori
2554 3333 2671 3378 suo

734 3398 1056 3464 Burclwro
1097 3398 1207 3480 qui
1254 3399 1660 3480 Argentinae
1701 3397 1977 3463 habitat.
2061 3399 2236 3463 Tuas
2280 3396 2362 3463 ad
2396 3396 2671 3464 Melino-

730 3487 911 3549 nium
938 3484 1018 3557 ¹⁵)
1079 3482 1299 3547 literas
1345 3482 1662 3548 Richardo
1717 3486 1961 3568 pastori
2020 3493 2238 3549 nostro
2281 3483 2541 3561 tradidi,
2595 3491 2672 3548 ut

731 3570 843 3653 qui
887 3569 1257 3654 promiserit
1313 3579 1693 3635 curaturum
1748 3590 1818 3633 se
1873 3581 1951 3634 ut
2005 3568 2287 3634 fideliter
2328 3569 2410 3635 ad
2454 3571 2670 3653 ipsum

728 3658 1133 3739 perveniant.
1201 3653 1475 3718 Habitat
1516 3653 1689 3718 enim
1732 3656 1805 3718 in
1840 3654 2118 3739 quadam
2162 3655 2377 3721 insula.
2409 3676 2495 3720 ex
2538 3655 2670 3720 bri-

732 3742 1043 3818 tannicis,
1100 3740 1207 3806 cui
1259 3760 1497 3805 nomen
1543 3738 1858 3805 Garnzee.
1956 3741 2279 3806 Dominus
2316 3741 2668 3823 archiepis-

730 3846 929 3907 copus
997 3825 1493 3902 Centaurion-sia
1559 3826 1643 3889 D.
1711 3845 1754 3889 a
1814 3825 2029 3906 Lusco,
2108 3825 2515 3902 (sternamus,
2581 3826 2665 3890 D.

736 3909 1098 3975 nectardus
1140 3911 1449 3976 ecclesiae
1502 3922 1762 3975 nostrae
1820 3912 2119 3976 minister
2138 3962 2153 3990 ‚
2208 3911 2493 3995 acceptis
2535 3913 2669 3977 tuis

732 4017 813 4059 ex
858 4016 965 4058 me
999 3995 1204 4060 literis
1246 4005 1514 4061 orarunt
1549 4017 1630 4060 ex
1675 3997 1910 4074 anim0,
1955 4017 2152 4078 quum
2190 3996 2272 4061 ad
2316 4005 2384 4062 te
2426 3997 2668 4062 scribe-

733 4100 893 4157 rem,
936 4079 1083 4144 illos
1127 4079 1298 4163 apud
1338 4091 1405 4146 te
1464 4101 1843 4147 excusarem
1904 4081 2075 4164 quod
2137 4103 2267 4148 non
2319 4084 2542 4147 statim
2585 4081 2668 4146 ad

734 4179 800 4231 te
852 4165 1287 4231 rescriberent
1339 4168 1559 4232 varias
1615 4169 1696 4232 ob
1752 4187 2008 4245 causas,
2065 4167 2547 4249 salutaremque
2602 4175 2669 4232 te

734 4252 1022 4332 ipsorum
1063 4251 1357 4314 omnium
1399 4254 1661 4316 nomine
1704 4274 1897 4335 quam
1942 4253 2424 4330 officiosissime,
2479 4252 2667 4335 polli-

733 4336 847 4401 citi
891 4334 1148 4419 quidem
1195 4355 1422 4401 omnes
1466 4339 1892 4422 rescripturos
1951 4358 2021 4402 se
2076 4338 2189 4403 ubi
2244 4336 2391 4421 plus
2444 4340 2560 4403 otii
2603 4351 2666 4404 et

735 4421 1067 4505 graviores
1110 4418 1432 4486 scribendi
1471 4441 1702 4487 causae
1744 4431 2180 4505 suppeterent.
2517 4483 2531 4500 ,

904 4506 1049 4588 Ego
1084 4527 1239 4571 vero
1274 4505 1479 4571 multo
1513 4506 1762 4572 tardius
1797 4508 1926 4573 huc
1960 4507 2182 4592 appuli
2216 4530 2430 4593 quam,
2466 4531 2667 4592 quum

906 4743 996 4809 12)
1032 4743 1143 4797 Hic
1177 4745 1422 4798 subsistit
1454 4745 1621 4799 editio
1660 4747 2145 4817 Camicus-suh,
2181 4752 2232 4801 et
2265 4754 2476 4802 matun·
2511 4748 2671 4804 aad&

734 4830 801 4868 ex
835 4812 1179 4882 sequanmur
1212 4811 1343 4866 haec
1366 4829 1583 4881 pauca.-
1619 4814 1774 4868 Nunc
1810 4815 1878 4869 ad
1913 4816 2019 4869 alia
2055 4815 2316 4885 quaedam
2355 4817 2529 4870 venio.
2602 4817 2666 4870 1).

734 4881 1164 4951 archiepiscopus
1210 4879 1607 4935 cantuariensis
1664 4884 1736 4951 (et
1792 4899 1931 4953 quae
1977 4889 2273 4954 aequuum·
2314 4900 2484 4955 unque
2533 4885 2663 4951 ade)
2749 4895 2752 4898 ¹

732 4955 1098 5084 mmm
1152 4947 1988 5078 acsemm-

906 5088 997 5152 ιι)
1036 5057 1437 5141 amdam
1481 5104 1561 5156 ep.
1606 5061 1761 5158 catria
1802 5089 1881 5144 aa
1910 5087 1994 5143 29.
2034 5089 2197 5143 Mau.
2267 5087 2463 5144 oea-u
2491 5090 2668 5155 sueno

732 5152 1297 5208 videare-aulon
1345 5156 1404 5206 ⁹.

904 5220 998 5286 15)
1033 5238 1186 5291 quem
1245 5171 1489 5293 aggeus·
1545 5225 1783 5294 motum
1850 5241 1979 5281 eave
2034 5242 2152 5281 cm
2213 5225 2492 5282 Helisaeo
2543 5224 2662 5280 Icto

2282 397 2295 406 ’
2426 393 2891 464 ΕΡῙΒΤΟΙιΔ
2938 399 3097 460 1592

4564 408 4667 470 264

2792 582 2910 648 abs
2951 591 3018 647 te
3059 581 3474 660 discederem,
3519 585 3736 648 animo
3777 584 4256 649 constitueram.
4338 586 4494 652 Nam
4524 593 4668 672 quod

2791 668 2860 731 in
2905 665 3122 732 Gallia
3162 667 3480 734 habebam
3531 669 3781 753 negotii
3832 669 4135 751 opinione
4187 689 4292 733 me
4341 671 4562 739 diutius
4595 676 4669 742 ibi

2791 752 3088 818 detinuit.
3177 753 3399 819 Semel
3450 761 3645 836 atque
3698 756 3936 820 iterum
3990 754 4073 819 ad
4125 763 4192 818 te
4243 758 4456 839 scripsi
4497 759 4670 827 Lute-

2790 839 2904 914 tia,
2932 839 3015 906 ¹⁶)
3053 839 3166 904 sed
3211 840 3503 921 suspicor
3543 838 3623 903 ad
3679 850 3829 904 ‘mas
3874 858 4106 904 manus
4147 860 4278 905 uon
4318 846 4670 923 pervenisse,

2790 923 2904 989 sed
2960 922 3492 989 Serbonistarum
3547 927 3804 1024 potius,
3852 923 4022 1007 quod
4058 924 4160 1023 ‘ad
4214 933 4278 990 te
4299 1011 4311 1023 ·
4333 930 4669 1011 stu-ipserum

2863 1028 2930 1158 lt.
2958 1008 3867 1178 Ξῗωῧωῗῗωεῗιῗαωσωαᾶ
3920 1116 4037 1161 vos
4095 1008 4372 1162 rgdaidttim
4426 1111 4668 1180 pararet,

2787 1179 3137 1262 literaeque
3194 1180 3255 1245 ei
3311 1180 3396 1245 ad
3450 1189 3518 1245 te
3573 1189 3643 1247 et
3694 1181 3972 1246 levirum
4029 1201 4246 1246 meum
4301 1182 4673 1265 perferendas

2787 1263 3127 1345 dedissem,
3170 1266 3342 1330 ultro
3384 1263 3451 1330 id
3493 1267 3635 1349 ipso
3675 1266 4047 1349 postulante
4090 1276 4195 1338 (ac
4227 1268 4416 1332 simul
4453 1288 4673 1334 mecum

2786 1349 3061 1415 Geneva
3103 1350 3503 1429 discesserat,
3546 1352 3747 1417 totius
3789 1354 3992 1417 ferme
4036 1352 4293 1417 itineris
4332 1356 4574 1434 comes),
4607 1375 4672 1420 so

2783 1437 2923 1518 ipso
2968 1435 3073 1500 die
3116 1446 3232 1500 aut
3274 1446 3548 1518 postero,
3592 1447 3671 1501 ut
3711 1447 3860 1520 post
3899 1439 4154 1512 rescivi,
4199 1437 4282 1501 ab
4324 1439 4674 1504 Antichristi

2781 1522 3099 1586 ministris
3140 1523 3384 1587 carceri
3429 1522 3551 1586 fuit
3584 1523 3990 1605 mancipatus
4031 1523 4353 1598 Lutetiae,
4394 1523 4495 1589 ubi
4535 1525 4672 1589 nihil

2782 1607 2910 1671 tale
2951 1608 3147 1671 etiam
3191 1608 3530 1689 suspicans
3585 1629 3717 1673 non
3775 1609 3994 1673 minus
4053 1607 4268 1674 triduo
4308 1620 4518 1691 postea
4547 1629 4672 1693 per·

2781 1693 3021 1756 mansi:
3068 1713 3144 1758 ac
3188 1693 3440 1758 duabus
3481 1694 3616 1757 fere
3659 1692 4168 1759 hebdomadibus
4209 1694 4461 1777 elapsis,
4500 1716 4672 1776 quum

2781 1797 2987 1842 essem
3030 1776 3201 1858 apud
3244 1778 3566 1859 quandam
3595 1780 3766 1848 circa
3785 1776 4250 1844 Noviodunum
4283 1800 4473 1860 quam
4509 1782 4672 1856 nosti,

2781 1863 3009 1927 rescivi
3055 1860 3338 1941 demum,
3381 1883 3513 1928 non
3557 1864 3721 1929 citra
3753 1875 4086 1947 stuporem
4125 1867 4324 1929 animi
4359 1866 4671 1931 vehemen-

2779 1957 2945 2026 tem,
3004 1947 3322 2029 quomodo
3377 1948 3536 2013 haec
3591 1957 3774 2031 gesta
3827 1950 4102 2015 fuissent
4155 1951 4483 2028 Lutetiae,
4537 1971 4672 2033 quo-

2777 2031 2966 2098 modo
3009 2035 3204 2098 etiam
3248 2034 3502 2099 sortiter
3545 2032 3787 2100 Christi
3829 2035 4296 2101 confessionem
4336 2056 4538 2101 coram
4576 2058 4672 2100 an·

2777 2118 3210 2184 tichristiauis
3262 2118 3600 2196 edidisset,
3657 2118 3817 2185 adeo
3870 2133 3948 2184 ut
3986 2121 4118 2185 iam
4179 2122 4352 2205 ignis
4394 2122 4673 2206 supplicio

2777 2203 3186 2269 adiudicatus
3228 2205 3394 2269 foret
3437 2225 3512 2269 ac
3555 2205 3850 2283 devotus,
3908 2206 4078 2288 quod
4131 2217 4278 2289 post
4319 2209 4507 2272 etiam
4545 2228 4674 2272 con·

2778 2291 3178 2354 stantissime
3214 2289 3881 2373 christianissimoque
3915 2293 4207 2370 subiisse,
4252 2293 4522 2377 egregiis
4551 2294 4674 2375 qui-

2776 2372 2924 2439 dem
2967 2373 3321 2456 multisque
3364 2374 3717 2441 multorum
3764 2377 4095 2461 suffiagiis
4139 2378 4265 2443 hoc
4304 2379 4555 2443 nomine
4589 2397 4675 2441 ce-

2778 2459 3117 2536 lebratum,
3163 2471 3339 2525 certo
3382 2463 3684 2546 comperi.
3750 2462 3979 2545 Itaque
4019 2462 4129 2528 hic
4165 2464 4406 2546 duplici
4447 2463 4675 2528 nomine

2777 2544 2999 2609 datum
3059 2545 3183 2609 fuit
3239 2545 3411 2610 unde
3463 2548 3668 2612 serias
3722 2547 3867 2612 Deo
3921 2550 4166 2631 gratias
4221 2569 4503 2633 agerem,
4563 2561 4676 2612 tam

2777 2630 2859 2694 ob
2922 2629 3284 2695 inauditam
3350 2631 3529 2697 illius
3590 2643 3659 2697 et
3728 2633 3979 2698 fructus
4038 2633 4376 2699 christiani
4446 2634 4676 2717 plenam

2775 2715 2901 2801 παῤ
2946 2724 3134 2814 clav,
3174 2736 3370 2798 quam
3389 2716 3561 2798 quod
3594 2719 3821 2783 vivum
3862 2738 3969 2783 me
4003 2729 4068 2783 et
4111 2721 4493 2786 incolumem
4519 2719 4678 2785 Deus

2778 2821 2894 2884 pro
3034 2822 3142 2867 ose
3186 2803 3568 2866 servaverit.

3050 2907 3115 2949 m
3157 2885 3361 2951 literis
3439 2887 3567 2951 illis
3610 2886 3772 2951 meis
3833 2891 4102 2954 memini
4169 2890 4530 2973 depinxisse
4588 2911 4676 2955 me

2778 2969 3140 3051 Baptsstam
3183 2971 3507 3054 quendam
3549 2973 3830 3049 nomine,
3859 2976 3943 3048 ¹⁸)
3988 2995 4182 3056 quem
4227 2978 4355 3042 Dei
4397 2978 4675 3043 beneficio

2777 3054 3176 3139 deprehendi
3217 3056 3484 3139 plenum
3530 3056 3947 3141 hypocriseos
3963 3111 3979 3138 ,
4038 3061 4415 3130 ambitionis
4429 3114 4444 3140 ‚
4486 3072 4675 3127 osten·

2777 3143 3058 3220 tationis,
3104 3140 3467 3207 virulentae
3510 3143 3939 3225 loquacitatis,
3985 3146 4255 3226 fraudis,
4302 3171 4377 3215 ac
4420 3158 4676 3213 caetera·

2774 3248 2925 3291 rum
2968 3226 3036 3292 id
3079 3248 3286 3310 genus
3329 3229 3685 3306 virtutum,
3741 3231 3978 3311 quibus
4031 3245 4308 3299 ornatus
4351 3234 4547 3300 bonus
4582 3233 4676 3297 ille

2775 3313 2881 3377 vir
2941 3313 3319 3378 ministrum
3384 3313 3565 3379 verbi
3620 3313 3751 3378 Dei
3818 3316 4404 3385 circumforaneum
4456 3317 4675 3403 agebat,

2774 3398 2897 3462 hac
2946 3406 3138 3481 atque
3181 3398 3329 3463 illac
3370 3401 3693 3465 cursitans
3711 3451 3725 3475 ,
3781 3422 3907 3483 quo
3951 3403 4256 3468 videlicet
4297 3406 4500 3489 magis
4540 3425 4675 3468 ven·

2773 3493 2939 3548 trem
2984 3504 3180 3566 quam
3224 3504 3414 3550 aures
3456 3484 3702 3550 Christi
3747 3487 4073 3553 famelicas
4128 3502 4455 3572 pasceret,
4509 3489 4676 3571 idque

2771 3573 3153 3652 praesertim
3216 3570 3287 3632 in
3340 3571 3675 3653 provincia
3737 3571 4108 3650 Picardiae,
4177 3597 4295 3658 per
4357 3577 4675 3641 illustrium

2772 3655 3061 3721 virorum
3105 3655 3621 3739 feminarumque
3664 3656 3887 3721 domos
3921 3671 3986 3721 et
4027 3660 4328 3727 familias.
4415 3658 4678 3727 Docebat

2771 3741 2944 3805 inter
2985 3748 3242 3804 caetera
3288 3759 3422 3805 non
3479 3761 3620 3807 esse
3675 3743 3852 3824 pium
3901 3756 4019 3808 aut
4061 3745 4385 3813 laudabile
4430 3747 4674 3830 patriam

2772 3824 3083 3891 Genevae
3126 3824 3500 3891 incolendae
3557 3847 3754 3892 causa
3808 3825 4134 3909 deserere,
4193 3832 4347 3915 quid
4394 3831 4502 3897 uid
4548 3829 4672 3895 Gal-

2769 3912 2955 3976 vinus
3009 3911 3276 3976 tandem
3329 3911 3564 3993 aliique
3617 3912 3808 3977 multi
3862 3916 4255 3982 occinerent.
4456 3936 4676 3982 neven-

2770 3998 2938 4062 sium
2996 3998 3202 4062 vitam
3260 4018 3335 4062 ac
3393 3997 3610 4063 studia
3662 3997 3847 4062 miris
3901 3999 4248 4068 calumniis
4303 4000 4673 4072 traducebat,

2771 4084 2941 4147 inter
3005 4103 3168 4166 quos
3225 4102 3344 4147 nec
3400 4081 3517 4147 tibi
3583 4084 3890 4165 parcebat
3953 4105 4070 4150 nec
4136 4089 4220 4153 D.
4291 4087 4673 4154 Nom-audio.

2770 4166 2965 4249 Quod
3007 4167 3305 4250 equidem
3349 4188 3551 4250 quum
3595 4166 3701 4233 his
3743 4170 4010 4236 auribus
4043 4174 4246 4239 semel
4288 4173 4675 4246 audivissem,

2769 4253 2934 4318 nihil
2977 4253 3208 4319 reticui
3248 4251 3712 4351 obiurgavique
3765 4256 4236 4338 sycophantam
4294 4260 4480 4326 illum
4521 4277 4676 4322 acer·

2768 4340 2936 4403 rime
2977 4358 3194 4404 coram
3238 4335 3538 4403 omnibus
3593 4359 3665 4403 m
3723 4339 3995 4406 honesto
4039 4345 4322 4424 quodam
4364 4355 4543 4412 coetu
4581 4342 4674 4407 ubi

2771 4426 2931 4491 haec
2987 4424 3400 4508 impudenter
3464 4435 3842 4490 evomuerat
3862 4477 3876 4502 ,
3934 4437 4003 4492 et
4056 4431 4342 4510 pessima
4433 4447 4675 4512 uaeque,

2770 4532 2934 4595 quae
2976 4509 3172 4575 nimis
3219 4507 3492 4608 ‘longum
3546 4522 3739 4609 esset·
3770 4531 4292 4581 commemorare.
4379 4453 4522 4598 ὅου
4560 4515 4675 4579 fao-

2769 4607 2910 4662 tum
2955 4606 3056 4661 est
3096 4604 3170 4660 ut
3211 4601 3504 4659 irritatus
3557 4596 3862 4663 conviciis
3915 4618 4021 4661 me
4076 4603 4354 4668 summis
4396 4599 4674 4675 affecen‘t,

2775 4773 2840 4780 .—

2765 5089 3049 5211 (Illlggtyrs
3088 5087 3184 5152 fol.
3232 5087 3380 5157 206.)
3452 5089 3662 5144 Mat
3694 5090 3964 5159 wadan
4003 5093 4271 5150 annonae.
4347 5098 4370 5160 (
4432 5098 4518 5150 ist.
4567 5091 4673 5149 eod.

2920 5196 3028 5293 ⁶18)
3064 5225 3307 5280 Ma
3353 5228 3453 5281 hoe
3493 5240 3684 5279 nom
3733 5226 3868 5280 am·
3908 5231 4291 5298 mm.
4373 5232 4526 5288 rasa
4573 5233 4676 5300 epae

2768 5293 3010 5362 m,
3042 5295 3167 5351 mu.
3205 5296 3299 5350 aas
3323 5299 3658 5363 mmmm
3691 5294 3758 5349 aa
3791 5293 4061 5352 amase.
4101 5298 4166 5353 P.
4205 5299 4363 5356 1861.
