4900 6167
705 394 832 456 415

706 577 895 634 Theoi.
931 574 1068 630 1832
1099 573 1170 628 Π.
1205 571 1324 628 224.
1406 571 1580 627 Nobis
1617 573 1837 643 cognita
1863 577 1947 626 est
1983 588 2050 626 ex
2079 573 2252 627 Besae
2289 570 2425 625 edit.
2455 570 2661 627 Genev.

754 688 766 700 .
800 644 916 711 107,
950 645 1108 699 Laus.
1142 661 1195 714 p.
1230 641 1360 704 243,
1399 641 1571 696 Hann.
1655 683 1666 695 .
1702 640 1835 706 272,
1871 641 2088 696 Obouet
2121 658 2177 710 p.
2217 639 2346 706 145,
2392 641 2570 694 Amat.
2606 658 2657 709 p.

781 757 793 769 .
860 714 1213 769 Desideratur
1244 713 1304 765 in
1338 711 1579 780 Oorpore
1604 658 1725 764 ssef.
1765 711 1915 766 Tom.
1944 710 2063 765 VII.
2098 711 2234 764 item
2278 713 2334 764 in
2374 709 2662 766 Bindseilii

1276 780 1663 849 supplemento
1696 796 1872 850 nuper
1906 779 2102 845 edito.)

704 953 1090 1023 Clarissimo
1136 952 1279 1018 viro
1323 960 1391 1015 et
1432 950 1995 1035 praestantissimo
2055 950 2368 1018 ecclesiae
2412 949 2664 1015 doctori

702 1043 790 1109 D.
849 1038 1159 1122 Philippo
1227 1035 1992 1189 ΜοΙαηὲἱιέξὲἓῃέἑ-ῗιττί
2061 1036 2226 1101 mihi
2297 1035 2661 1120 plurimum

878 1262 1116 1327 Literis
1159 1261 1310 1340 tuis,
1341 1260 1390 1342 ι)
1436 1281 1596 1343 quas
1643 1259 1845 1325 altero
1890 1269 2232 1342 postquam
2280 1258 2472 1322 datae
2516 1255 2654 1321 fue-

704 1358 857 1416 rant
899 1369 1123 1413 mense
1169 1347 1422 1429 accepi,
1478 1345 1643 1410 nihil
1688 1345 1905 1427 potuit
1961 1343 2253 1410 accidere
2309 1344 2432 1409 hoc
2490 1351 2654 1408 tem-

701 1456 863 1522 pore
907 1435 1176 1519 gratius.
1263 1432 1433 1497 Nam
1490 1430 1574 1497 ad
1627 1431 1696 1495 in
1746 1440 1930 1496 entes
1990 1429 2353 1509 molestiae,
2419 1428 2653 1511 quibus

703 1522 870 1588 satis
916 1518 1167 1585 duriter
1210 1519 1535 1596 conficior,
1581 1516 1689 1583 nul
1723 1538 1801 1582 us
1844 1515 1982 1581 fere
2027 1523 2127 1581 est
2169 1515 2307 1581 dies
2348 1536 2474 1598 quo
2519 1536 2653 1579 non

702 1605 950 1690 aliquid
997 1605 1153 1670 novi
1198 1604 1435 1669 doloris
1481 1603 1582 1669 vel
1627 1624 1822 1669 curae
1868 1600 2146 1668 accedat.
2257 1601 2493 1684 Itaque
2533 1599 2656 1666 sub

705 1713 834 1776 qua
899 1711 1161 1777 premor
1223 1689 1543 1754 malorum
1616 1689 1915 1774 congerie
1982 1688 2166 1752 brevi
2234 1688 2651 1764 tabescerem,

701 1780 831 1845 nisi
875 1797 1106 1843 corum
1146 1775 1564 1841 acerbitatem
1598 1775 1928 1841 Dominus
1966 1775 2102 1839 suis
2148 1772 2450 1838 remediis
2486 1772 2653 1837 leni-

703 1871 837 1930 ret:
893 1864 965 1927 ‘in
1012 1862 1245 1945 quibus
1303 1861 1426 1926 hoc
1469 1861 1631 1926 mihi
1679 1882 1809 1926 non
1855 1861 1999 1927 leve
2042 1860 2201 1937 fuit,
2261 1858 2433 1943 quod
2480 1866 2546 1924 et
2587 1865 2653 1922 te

702 1947 1116 2016 mediocriter
1161 1947 1376 2012 valere
1421 1948 1716 2031 cognovi,
1759 1954 1836 2011 ut
1879 1947 2111 2011 saltem
2154 1946 2285 2010 fert
2327 1953 2543 2025 aetas,
2589 1953 2656 2008 et

704 2050 935 2102 tenera
992 2033 1357 2116 corpusculi
1414 2033 1510 2097 tui
1569 2030 1911 2098 valetudo:
1933 2032 1991 2117 2)
2047 2041 2111 2096 et
2166 2027 2246 2097 de
2306 2051 2529 2096 amore
2584 2031 2653 2094 in

702 2140 812 2187 me
868 2129 978 2186 tuo
1035 2119 1201 2184 nihil
1257 2140 1525 2202 prorsus
1594 2139 1733 2184 esse
1789 2125 2141 2195 mutatum,
2215 2118 2374 2201 ipsis
2442 2116 2653 2181 literis

701 2208 913 2273 factus
971 2227 1117 2272 sum
1178 2205 1433 2270 certior.
1540 2203 1850 2269 Relatum
1906 2202 2070 2267 mihi
2132 2204 2377 2281 fuerat,
2443 2203 2536 2267 sic
2590 2211 2656 2267 te

700 2312 851 2359 mea
893 2291 1174 2377 quadam
1219 2291 1419 2356 nimis
1462 2289 1671 2355 libera
1714 2289 2172 2368 admonitione,
2220 2311 2387 2372 quae
2431 2299 2654 2354 tamen

701 2379 896 2463 longe
940 2378 1132 2443 aliter
1176 2377 1435 2442 afficere
1478 2384 1544 2440 te
1590 2374 1913 2452 debuerat,
1958 2376 2157 2440 fuisse
2192 2376 2533 2453 offensum,
2581 2384 2655 2440 ut

703 2463 1046 2547 epistolam
1114 2482 1333 2528 coram
1414 2461 1663 2543 aliquot
1739 2460 2016 2526 testibus
2101 2461 2572 2526 conscinderes.
2597 2460 2651 2546 ³)

701 2551 853 2616 Etsi
898 2556 1116 2614 autem
1160 2568 1396 2631 parum
1442 2545 1770 2614 credibilis
1830 2559 1971 2612 erat
2025 2547 2333 2625 nuncius,
2395 2569 2480 2612 ex
2523 2567 2651 2629 quo

700 2646 929 2700 tamen
973 2634 1166 2718 longo
1212 2636 1525 2717 temporis
1566 2652 1869 2700 successu
1928 2633 2125 2698 variis
2167 2634 2370 2717 signis
2415 2634 2652 2699 confir-

702 2729 922 2786 matus
979 2726 1104 2797 est,
1164 2718 1414 2803 aliquid
1474 2718 1737 2785 tandem
1797 2720 2110 2802 suspicari
2165 2727 2427 2786 coactus
2486 2740 2650 2783 sum.

707 2805 858 2889 Quo
901 2827 1077 2872 nunc
1120 2805 1431 2871 libentius
1490 2805 1803 2888 cognovi,
1866 2805 2116 2872 salvam
2189 2804 2406 2871 adhuc
2478 2806 2653 2869 inter

704 2913 827 2957 nos
870 2913 1135 2957 manere
1179 2891 1740 2958 coniunctionem:
1787 2913 1982 2975 quam
2018 2899 2213 2968 certe,
2259 2898 2337 2956 ut
2378 2912 2462 2956 ex
2499 2911 2652 2956 con-

706 2976 887 3045 cordi
930 2978 1197 3062 pietatis
1236 2977 1477 3044 affectu
1523 2977 1794 3053 coaluit,
1841 2984 2134 3044 sanctam
2180 2985 2496 3061 perpetuo
2514 3028 2527 3055 ,
2587 2984 2656 3041 et

702 3063 1156 3130 inviolabilem
1209 3085 1351 3130 esse
1410 3063 1615 3130 decet.
1705 3062 1929 3145 Quum
1987 3071 2205 3129 autem
2259 3082 2654 3147 magnopere

704 3159 932 3215 nostra
987 3150 1249 3216 intersit
1265 3201 1280 3228 ,
1349 3171 1548 3234 quam
1604 3149 1784 3216 Deus
1849 3149 2136 3214 nominis
2191 3150 2292 3213 sui
2349 3148 2654 3232 auspiciis

707 3235 995 3302 sacravit
1035 3235 1414 3312 amicitiam,
1483 3235 1656 3302 bona
1696 3235 1825 3301 fide
1867 3243 2372 3317 constanterque
2418 3233 2502 3298 ad
2538 3254 2653 3297 ex-

708 3329 994 3386 tremum
1050 3321 1285 3386 colere:
1355 3321 1558 3387 totius
1613 3320 1810 3386 etiam
1871 3321 2175 3388 ecclesiae
2243 3339 2484 3404 magna
2548 3319 2654 3385 hic

707 3407 928 3490 agitur
973 3405 1077 3470 vel
1134 3405 1386 3471 utilitas
1440 3407 1549 3472 vel
1607 3408 1877 3472 iactura.
1963 3403 2169 3471 Vides
2226 3405 2404 3471 enim
2458 3426 2654 3489 quam

704 3491 1066 3558 multorum
1121 3490 1190 3555 in
1257 3512 1378 3557 nos
1434 3492 1709 3558 coniecti
1765 3492 1901 3556 sint
1963 3490 2162 3557 oculi:
2230 3499 2308 3557 ut
2370 3491 2655 3576 improbi

705 3575 1144 3643 maledicendi
1186 3595 1414 3642 ansam
1459 3597 1543 3641 ex
1601 3576 1888 3642 dissidiis
1944 3578 2186 3643 nostris
2231 3585 2534 3662 captent:
2582 3586 2656 3642 ut

706 3663 997 3729 obscuris
1035 3667 1294 3727 tantum
1329 3662 1771 3729 simultatibus
1806 3663 2053 3728 infirmi
2087 3663 2456 3730 turbentur.
2514 3663 2654 3729 Nec

708 3768 866 3813 vero
906 3748 1095 3832 parvi
1137 3747 1342 3813 refert
1398 3768 1481 3812 ne
1534 3769 1662 3832 qua
1716 3748 1798 3813 ad
1856 3756 2152 3832 posteros
2210 3758 2402 3815 exeat
2454 3748 2654 3815 ullius

707 3833 884 3898 inter
937 3854 1056 3898 nos
1112 3843 1381 3912 exortae
1444 3831 1804 3901 discordiae
1847 3835 2148 3919 suspicio,
2237 3834 2401 3900 Plus
2456 3855 2653 3918 quam

710 3918 885 3984 enim
930 3917 1282 3986 absurdum
1342 3926 1475 3992 est,
1530 3928 1873 4003 postquam
1918 3920 2375 3987 discessionem
2435 3942 2476 3986 a
2518 3928 2653 3986 toto

708 4003 954 4069 mundo
997 4004 1207 4068 facere
1249 4005 1452 4069 coacti
1488 4024 1716 4070 sumus
1754 4008 1929 4072 inter
1951 4008 2095 4091 ipsa
2130 4007 2458 4091 principia
2491 4006 2654 4072 alios

706 4091 792 4157 ab
836 4089 981 4155 aliis
1024 4087 1322 4155 dissilire.
1410 4089 1620 4154 Porro
1664 4091 1788 4157 etsi
1830 4113 1937 4157 me
1979 4093 2203 4176 procul
2252 4092 2367 4159 abs
2413 4101 2478 4159 te
2521 4091 2652 4159 dis-

707 4182 850 4241 tare
908 4195 1187 4259 agnosco
1246 4173 1651 4258 libenterque
1709 4176 1916 4242 fateor
1932 4228 1946 4252 ‚
2013 4180 2167 4260 quia
2227 4186 2455 4244 tamen
2521 4200 2656 4244 non

706 4262 938 4347 ignoro
981 4260 1054 4326 in
1096 4280 1287 4344 quem
1334 4259 1576 4325 theatri
1622 4261 1724 4326 sui
1769 4260 2041 4346 gradum
2085 4284 2190 4330 me
2234 4264 2418 4330 Deus
2464 4275 2657 4330 extu-

705 4346 881 4424 lerit,
928 4367 1062 4412 non
1105 4355 1206 4411 est
1244 4367 1360 4412 cur
1408 4343 1834 4426 dissimulem,
1879 4348 2021 4412 sine
2064 4370 2305 4435 magna
2348 4350 2656 4417 ecclesiae

704 4432 952 4499 iniuria
993 4453 1126 4496 non
1160 4452 1349 4515 posse
1391 4431 1749 4498 amicitiam
1786 4441 2078 4498 nostram
2113 4435 2366 4502 violari.
2435 4439 2659 4521 Atque

705 4527 782 4585 ut
815 4517 1000 4583 nulla
1034 4518 1121 4581 sit
1154 4518 1343 4584 nobis
1382 4517 1660 4583 aliorum
1696 4517 1897 4583 ratio:
1943 4540 2028 4584 ex
2068 4527 2181 4586 tuo
2217 4522 2420 4605 ipsius
2456 4545 2656 4589 sensu

704 4757 884 4815 16⁷6.
908 4756 963 4819 1)
999 4756 1078 4812 N.
1115 4756 1267 4812 1656.

911 4825 973 4893 2)
1010 4825 1101 4880 De
1134 4842 1247 4896 qua
1279 4825 1405 4881 vide
1442 4825 1683 4881 Mattlm
1721 4825 1851 4881 Mol.
1897 4844 1951 4896 p.
1987 4826 2108 4884 383.
2178 4829 2500 4887 Laborabat
2532 4833 2655 4915 0011-

705 4896 837 4952 inde
867 4895 1171 4962 mou-niis,
1218 4897 1428 4951 vesicae
1470 4896 1722 4961 calculis,
1769 4895 2000 4966 aliisque
2044 4897 2423 4953 intestinorum
2459 4900 2656 4956 dolor·-
2759 4907 2810 4955 et

707 4966 825 5031 buo,
858 4970 920 5020 ue
952 4964 1048 5045 νίας
1082 4964 1360 5047 concipere
1385 4965 1572 5033 poscis
1603 4980 1712 5035 quo
1737 4970 1903 5033 pacto
1936 4970 2319 5036 tonorumque
2351 4970 2547 5023 uenus
2579 4970 2653 5024 10-

708 5035 862 5091 bores
895 5038 1426 5168 8ii‘f‘mi’zlwe?‘Galama'
1455 5102 1646 5158 literae
1690 5104 1878 5157 saltem
1922 5118 2002 5156 m
2147 5106 2261 5159 scri
2298 5109 2386 5158 tae
2418 5120 2529 5159 non
2564 5121 2653 5159 ea·-

711 5176 876 5225 stant.
948 5169 1061 5225 Res
1094 5178 1275 5226 tamen
1321 5187 1433 5225 non
1479 5171 1699 5228 omnino
1732 5187 1858 5226 vcro
1892 5171 2176 5228 abmilis.
2328 5187 2384 5227 se
2416 5173 2545 5228 olim
2579 5173 2657 5228 ad

724 5238 904 5294 Viam
949 5237 1312 5296 Troeodorum:
1362 5239 1480 5294 Scis
1527 5257 1613 5295 1110
1659 5257 1777 5295 esse
1821 5233 2100 5308 ὀξύχολον,
2149 5259 2257 5312 quo
2331 5242 2544 5297 etiamsi
2581 5243 2655 5296 vi-

708 5306 910 5360 tiosum
944 5324 1060 5362 esse
1081 5309 1246 5364 Stoici
1280 5314 1491 5379 putant,
1526 5315 1710 5366 tamen
1741 5310 1918 5366 fateor
1931 5309 2174 5382 (Corpus
2201 5311 2325 5381 Rcf.
2345 5311 2447 5367 111.
2475 5309 2655 5382 1172).

2207 382 2733 451 EPISTOLAE
2786 384 3204 447 1676—1677
3291 392 3299 396 “

4553 392 4654 455 416

2768 570 3071 655 aestima,
3130 590 3324 655 quam
3370 570 3537 636 mihi
3592 573 3898 639 acerbum
3953 571 4126 637 foret
4177 571 4256 637 ab
4308 592 4380 637 00
4432 573 4659 643 1101111110

2768 657 3044 722 alienari
3087 676 3280 740 quem
3326 664 3395 721 et
3450 658 3639 724 unice
3697 680 3845 724 amo
3889 679 3963 725 ac
4006 678 4334 734 revereor,
4389 666 4452 723 et
4487 661 4659 741 Deus,

2766 741 2846 807 u't
2908 743 3027 808 toti
3091 763 3247 808 suae
3314 742 3623 810 ecclesiae
3688 744 4115 827 conspicuum
4177 741 4491 822 redderet,
4548 768 4660 813 non

2766 827 2959 894 modo
3023 827 3468 912 singularibus
3549 829 3733 897 donis
3799 851 3865 894 111
3956 830 4149 896 nifice
4226 831 4497 908 ornavit,
4565 835 4661 899 sed

2766 912 3069 981 adhibuit
3091 913 3173 978 ad
3205 934 3312 999 res
3355 936 3646 982 summas
3691 937 3892 1001 geren
3939 936 4011 981 as
4052 915 4427 998 primarium
4466 917 4660 983 minis-

2764 1007 2959 1065 trum.
3029 1001 3120 1066 Et
3160 1010 3336 1066 certe
3375 1001 3580 1067 mirus
3615 1001 3723 1068 hic
3760 1023 3835 1067 ac
3876 1000 4280 1086 prodigiosus
4314 1011 4408 1066 est
4448 1011 4660 1085 stupor,

2763 1085 2936 1168 quod
2990 1087 3166 1151 inter
3224 1099 3347 1151 nos
3399 1093 3536 1152 tam
3594 1087 3784 1154 facile
3848 1087 4290 1154 contemnitur
4350 1106 4517 1153 sacer
4570 1088 4663 1153 ille

2762 1192 3135 1324 3008ἰ118118,
3181 1193 3310 1255 quo
3353 1173 3664 1239 coelestes
3708 1174 3973 1258 angelos
4032 1172 4275 1239 referre
4330 1172 4399 1237 in
4446 1173 4662 1239 mundo

2808 1277 2918 1323 000
2966 1264 3049 1323 at.

2933 1344 3189 1409 Interea
3233 1364 3363 1408 non
3411 1343 3650 1411 desinit
3692 1343 3902 1411 Satan
3947 1341 4408 1411 discordiarum
4449 1345 4665 1409 semina

2758 1430 3004 1512 passim
3047 1449 3353 1514 spargere
3375 1439 3442 1495 et
3478 1433 3553 1496 fit
3573 1441 3799 1496 nostra
3822 1429 4115 1496 socordia
4141 1438 4218 1493 ut
4251 1429 4509 1495 multam
4548 1451 4665 1494 ma-

2761 1515 2994 1579 teriam
3038 1527 3389 1582 coacervet.
3480 1516 3776 1582 Tandem
3821 1515 4185 1581 excitandis
4218 1514 4469 1600 ignibus
4508 1536 4664 1598 repe·

2760 1602 2850 1665 rit
2894 1621 3016 1665 sua
3057 1600 3333 1666 flabella.
3424 1602 3738 1669 Referam
3778 1601 3936 1685 quid
3982 1602 4166 1667 nobis
4223 1603 4293 1666 in
4336 1601 4453 1667 hac
4491 1600 4663 1666 00010-

2760 1687 2860 1752 sia
2902 1708 3158 1753 summo
3199 1687 3459 1771 piorum
3519 1689 3813 1753 omnium
3859 1690 4151 1754 cruciatu
4195 1686 4502 1753 acciderit.
4584 1689 4665 1752 Ac

2757 1772 2890 1837 iam
2914 1794 3127 1839 annus
3148 1773 3404 1857 integer
3447 1775 3706 1857 elapsus
3743 1783 3845 1839 est
3890 1773 3973 1838 ex
4017 1795 4143 1857 quo
4180 1775 4351 1838 inter
4381 1773 4496 1838 has
4526 1793 4666 1855 pug-

2758 1879 2880 1924 nas
2945 1858 3282 1924 iactamur.
3302 1864 3361 1936 ⁴)
3468 1860 3754 1941 Quidam
3814 1858 4207 1936 nebulones,
4267 1880 4460 1942 quum
4511 1858 4666 1923 nobis

2759 1942 2840 2008 de
2883 1946 3171 2028 gratuita
3212 1944 3341 2010 Dei
3386 1946 3702 2013 electione
3749 1953 3815 2011 et
3857 1947 4099 2027 mig-ega
4142 1945 4407 2010 humani
4448 1943 4666 2008 arbitrii

2758 2032 3075 2096 servitute
3117 2031 3299 2096 litem
3347 2042 3687 2097 moverent
3731 2040 3800 2096 et
3831 2031 4090 2116 publice
4126 2031 4666 2102 tumultuarentur,

2760 2115 2928 2180 nihil
2974 2116 3058 2181 ad
3103 2139 3221 2181 nos
3265 2117 3638 2201 gravandos
3695 2118 4071 2184 habuerunt
4115 2117 4323 2201 magis
4363 2113 4668 2200 plausibile

2758 2203 3042 2267 nominis
3111 2204 3208 2267 tui
3274 2212 3637 2286 praetextu.
3666 2203 3717 2287 ⁵)
3828 2202 4052 2284 Quum
4133 2204 4382 2285 experti
4461 2209 4667 2274 essent,

2757 2308 2953 2371 quam
2998 2289 3182 2355 nobis
3225 2297 3600 2372 promptum
3644 2296 3816 2355 esset
3857 2309 4280 2374 quaecunque
4321 2286 4671 2371 ingerebant

2757 2384 3127 2440 commenta
3161 2374 3478 2455 refellere,
3526 2376 3650 2442 hoc
3685 2376 3935 2441 scilicet
3969 2375 4244 2440 artificio
4279 2394 4398 2438 nos
4431 2373 4671 2437 obruere

2755 2458 3120 2539 tentabant,
3168 2462 3296 2527 nisi
3331 2461 3651 2528 vellemus
3686 2461 3905 2544 palam
3941 2461 4057 2526 abs
4100 2469 4165 2526 te
4202 2459 4536 2525 discedere.
4596 2456 4672 2520 Et

2757 2567 2836 2611 ea
2879 2546 3137 2628 quidem
3187 2557 3447 2613 servata
3490 2548 3617 2612 fuit
3676 2568 3714 2612 a
3774 2547 3957 2613 nobis
4011 2545 4404 2624 moderatio,
4461 2551 4535 2609 ut
4570 2543 4672 2606 mi-

2755 2632 2933 2696 nime
2993 2635 3395 2698 extorserint
3454 2633 3624 2718 quod
3684 2640 3899 2699 astute
3956 2632 4328 2715 captabant.
4418 2628 4672 2695 Professi

2757 2738 2912 2802 ergo
2949 2739 3177 2784 sumus
3215 2739 3335 2803 ego
3380 2729 3447 2784 et
3481 2719 3769 2803 collegae
3806 2739 4033 2784 omnes
4068 2719 4221 2794 mei,
4267 2717 4536 2784 eundem
4566 2734 4672 2798 quo

2758 2803 2976 2868 tendis
3033 2804 3105 2867 in
3165 2804 3469 2870 doctrina>
3517 2825 3784 2888 scopum
3844 2804 4028 2870 nobis
4086 2824 4232 2870 esse
4284 2802 4673 2886 propositum.

2763 2889 2902 2955 Nec
2944 2890 3219 2955 verbum
3265 2890 3336 2954 in
3382 2897 3520 2954 tota
3563 2889 4028 2973 disceptatione
4074 2889 4337 2968 excidit,
4381 2888 4481 2953 vel
4523 2889 4584 2952 in
4624 2895 4674 2948 to

2759 2975 2979 3040 minus
3038 2974 3471 3041 honorificum
3533 2996 3729 3058 quam
3790 2997 3909 3059 par
3964 2985 4131 3054 erat,
4198 2976 4309 3041 vel
4361 2972 4528 3059 quod
4579 2971 4675 3035 tibi

2758 3061 2953 3126 fidem
2997 3059 3387 3126 detraheret.
3478 3060 3540 3126 N
3542 3083 3614 3128 00
3658 3071 3882 3127 tamen
3924 3062 4068 3128 fieri
4110 3067 4364 3146 potest,
4406 3060 4554 3143 quin
4590 3077 4675 3121 1110

2758 3148 3012 3212 interea
3057 3145 3482 3213 vehementer
3532 3157 3685 3212 urat
3744 3147 3942 3214 tacita
3996 3148 4126 3213 ista
4182 3147 4519 3233 cogitatio:
4572 3144 4675 3207 im·

2762 3232 3001 3316 probis,
3068 3240 3218 3316 post
3273 3242 3552 3299 mortem
3607 3240 3936 3312 nostram,
3997 3233 4341 3299 vexandae
4401 3229 4674 3297 ecclesiae

2762 3320 3186 3397 occasionem,
3231 3321 3482 3403 quoties
3526 3320 3809 3398 libuerit,
3858 3319 4158 3402 relinqui,
4206 3319 4365 3385 dum
4408 3335 4676 3403 pugnan-

2762 3411 2862 3470 tes
2906 3424 3135 3470 eorum
3179 3407 3538 3471 sententias
3579 3407 3652 3470 in
3696 3413 4029 3472 certamen
4074 3406 4501 3479 committent,
4541 3419 4677 3484 quos

2761 3489 2945 3557 velut
2987 3511 3120 3556 uno
3161 3512 3271 3557 ore
3314 3513 3519 3556 unum
3565 3490 3866 3576 idemque
3911 3490 4088 3574 loqui
4129 3492 4453 3558 decuerat.

2934 3574 3127 3657 Quod
3162 3597 3234 3641 se
3255 3575 3584 3643 Osiander
3605 3578 3793 3644 nobis
3813 3576 4151 3656 subduxit,
4172 3576 4228 3663 ⁶)
4250 3577 4384 3643 imo
4415 3597 4541 3641 non
4559 3571 4678 3637 81110

2762 3661 3049 3728 violento
3092 3663 3343 3746 impetu
3388 3685 3457 3728 se
3500 3664 3840 3747 proripuit,
3882 3684 4018 3729 non
4061 3664 4328 3742 mirum,
4374 3683 4491 3728 nec
4529 3663 4680 3723 tante

2759 3767 2957 3832 opere
3001 3747 3370 3815 dolendum.
3474 3751 3578 3814 'Pu
3637 3751 3814 3814 enim
3857 3757 4171 3834 expertus
4216 3747 4470 3833 pridem
4510 3766 4573 3810 es
4611 3762 4679 3805 ex

2759 3855 2837 3899 00
2882 3855 3023 3901 0880
3068 3834 3358 3900 ferarum
3401 3856 3640 3920 genere
3699 3856 3865 3921 quae
3918 3855 4255 3919 nunquam
4318 3835 4679 3926 cicurantur‚

2760 3927 2826 3985 et
2870 3940 2990 4005 ego
3032 3941 3291 4004 semper
3333 3922 3507 3986 inter
3542 3929 3767 3987 nostra
3802 3920 4121 3987 dedecora
4154 3943 4307 3986 cum
4346 3934 4677 3986 numerau-

2761 4005 2911 4086 Quo
2955 4015 3133 4073 certe
3177 4006 3282 4072 die
3326 4006 3492 4072 mibi
3536 4008 3824 4090 primum
3868 4007 4046 4073 visus
4093 4017 4191 4072 est
4209 4060 4227 4084 ,
4250 4012 4307 4074 ⁷)
4368 4004 4680 4091 profanum

2762 4091 3047 4159 hominis
3089 4094 3427 4178 ingenium
3465 4100 3532 4159 et
3564 4091 3782 4159 foedos
3817 4112 4031 4159 mores
4066 4115 4213 4159 sum
4253 4093 4613 4159 detestatus.
4634 4087 4678 4160 ⁰)

2762 4177 3036 4258 Quoties
3080 4200 3282 4244 suave
3325 4199 3400 4244 ac
3444 4171 3830 4264 generosum
3879 4177 4109 4243 vinum
4167 4178 4441 4245 laudare
4493 4172 4676 4246 vellet,

2759 4262 2879 4329 has
2913 4264 2984 4328 in
3022 4284 3135 4329 ore
3169 4263 3448 4330 habebat
3484 4284 3704 4331 voces:
3751 4264 3896 4348 Ego
3940 4286 4086 4329 sum
4123 4266 4237 4348 qui
4274 4284 4439 4330 sum.
4504 4259 4677 4355 Item:

2760 4349 2892 4416 Hic
2937 4356 3038 4415 est
3079 4349 3253 4415 filius
3296 4349 3426 4416 Dei
3466 4350 3631 4416 vivi:
3679 4371 3844 4434 quae
3889 4350 4235 4415 manifesta
4260 4351 4390 4416 Dei
4431 4344 4681 4413 ludibria

2965 4624 3025 4691 4)
3063 4623 3445 4709 Bolseciamqm
3481 4623 3688 4687 bellum,
3735 4624 4118 4681 Trollo'etanam
4153 4625 4317 4693 litam,
4351 4630 4446 4683 dc-

2965 4691 3025 4824 ἐζ
3069 4693 3217 4819 5ss
3249 4762 3304 4816 a.
3339 4693 3771 4818 „5223ss-
4675 4823 4685 4834 ,

2965 4830 3026 4897 7)
3232 4831 3676 4915 stauoqfordiaq
3702 4833 3911 4913 {actum
3945 4847 4056 4886 0008
4090 4849 4158 4886 m.
4180 4832 4397 4888 Man-tio
4430 4825 4574 4893 1539,
4605 4824 4684 4878 ub·

2853 4899 3069 4956 Melane
3234 4916 3315 4955 em
3341 4916 3583 4970 punam
3617 4900 3769 4965 vada,
3805 4908 4059 4956 morunt
4097 4900 4165 4955 Se
4463 4891 4679 4956 111‚206,

2759 4968 3000 5051 etSaln‘q
3034 4970 3107 5022 11.
3143 4968 3277 5035 917,·
3318 4975 3484 5039 neqat
3521 4984 3647 5023 vero
3688 4969 3910 5024 Mosam·
3954 4967 4081 5051 (90.
4112 4985 4172 5038 p.
4205 4968 4333 5038 539)
4422 4964 4684 5024 flandru-

2759 5039 2837 5094 ib·
2858 5039 3089 5162 ϋίσιςᾶεω,
3143 5044 3195 5093 ct
3239 5038 3535 5110 Haqenoae
3589 5037 3672 5093 vel
3740 5037 4072 5096 Wormaaae
4122 5038 4354 5095 Calvino
4407 5040 4686 5093 motum

2756 5122 2858 5162 m
2964 5147 3022 5240 8⁴)
3058 5174 3250 5242 Ipsius
3274 5175 3710 5231 Melanchtkonis
3743 5173 4005 5229 iudicium
4040 5176 4107 5230 de
4141 5177 4259 5231 eius
4293 5175 4683 5240 northaman-

2760 5244 2844 5299 bet
2882 5243 3150 5298 Enarrat.
3186 5261 3262 5298 ev.
3338 5245 3495 5300 ostiu.
3532 5244 3630 5298 lv.
3665 5242 3786 5297 206.
3871 5242 3953 5313 Gf.
3991 5246 4150 5301 etiam
4189 5244 4346 5316 Saliy
4379 5245 4451 5299 Π.
4488 5237 4614 5294 1013
4641 5239 4685 5290 et

2765 5311 2989 5379 Plaude,
3025 5320 3165 5382 prot.
3207 5313 3285 5366 Le
3323 5313 3400 5368 rb.
3438 5312 3537 5367 IV.
3572 5310 3688 5367 254.
