4900 6167
641 396 769 461 583

638 580 945 648 Eximiae
1008 577 1273 662 pietatis
1335 583 1404 642 et
1468 575 1800 642 doctrinae
1877 574 2020 639 viro
2093 571 2179 637 D.
2246 568 2595 653 Rodolpho

640 665 1010 733 Gualthero
1065 661 1243 728 fideli
1288 660 1540 728 Christi
1593 661 1898 726 ministro
1960 660 2029 724 in
2073 656 2347 724 ecclesia
2388 657 2594 741 'Pigu-

1100 749 1247 813 rina
1289 757 1355 814 et
1396 748 1590 813 fratri
1636 745 1800 812 mihi
1839 743 2127 812 colendo.

812 883 883 952 S.
973 883 1276 968 Ignoces,
1332 880 1599 948 colende
1654 883 1887 961 frater,
1946 881 2001 946 si
2055 880 2250 945 amici
2294 889 2362 944 et
2403 879 2594 943 fami-

639 971 820 1037 liaris
874 970 1159 1036 hominis
1223 976 1458 1053 rogatu
1521 969 1639 1035 tibi
1706 970 2120 1052 importunus
2180 986 2323 1032 esse
2379 985 2592 1050 cogor.

638 1057 809 1122 Nam
868 1076 1070 1139 quum
1134 1076 1411 1138 puerum
1476 1076 1561 1120 ex
1616 1054 1816 1119 fratre
1863 1061 2168 1136 nepotem
2190 1102 2204 1129 ,
2261 1052 2447 1117 cuius
2492 1061 2595 1116 est

638 1153 836 1221 tutor,
881 1142 1050 1206 istuc
1092 1139 1439 1207 discendae
1483 1138 1747 1225 linguae
1790 1159 1987 1205 causa
2039 1147 2108 1203 et
2162 1136 2361 1203 simul
2402 1146 2479 1201 ut
2519 1136 2592 1202 in

636 1227 850 1293 literis
951 1228 1200 1293 roficiat
1259 1227 1518 1291 mittere
1573 1227 1813 1310 cogitet
1828 1278 1843 1303 ,
1914 1235 2093 1290 aetas
2148 1231 2367 1287 autem
2425 1243 2592 1305 opus

636 1313 875 1380 habeat
947 1312 1246 1397 isciplina
1268 1320 1335 1376 et
1375 1312 1618 1389 fraeno,
1664 1333 1796 1377 non
1840 1311 2039 1376 audet
2081 1308 2211 1374 nisi
2255 1306 2428 1392 apud
2472 1306 2592 1372 ho-

635 1400 883 1465 minem
922 1398 1187 1464 doctum
1225 1409 1293 1463 et
1326 1397 1677 1462 autoritate
1711 1395 2081 1481 praeditum
2118 1395 2351 1460 locare.
2416 1392 2591 1475 Quia

635 1506 795 1550 vero
851 1504 934 1549 ex
989 1505 1096 1549 me
1157 1492 1222 1548 et
1279 1483 1362 1548 D.
1421 1482 1599 1549 Boea
1668 1482 1999 1547 intellexit
2049 1499 2372 1564 nusquam
2431 1479 2590 1545 alibi

635 1570 1040 1637 commodius
1083 1589 1275 1653 quam
1324 1568 1498 1634 domi
1543 1576 1695 1634 tuae
1748 1569 1916 1646 fore,
1976 1567 2162 1633 nobis
2203 1566 2328 1631 hoc
2370 1566 2589 1630 oneris

631 1656 947 1740 imposuit
1004 1664 1079 1721 ut
1136 1664 1200 1721 te
1264 1654 1565 1737 precibus
1624 1656 1864 1720 nostris
1920 1673 2230 1720 conemur
2273 1651 2356 1717 ad
2397 1671 2587 1734 prae-

634 1741 944 1807 standum
1015 1740 1135 1806 hoc
1197 1740 1483 1806 officium
1548 1738 1888 1806 adducere.
1997 1737 2389 1820 Quanquam
2456 1740 2587 1802 uon

634 1826 764 1893 alia
807 1827 952 1911 lege
994 1838 1061 1891 te
1106 1827 1269 1891 mihi
1313 1825 1664 1911 gratificari
1709 1826 1909 1891 velim
1956 1825 2080 1890 nisi
2137 1823 2353 1907 quoad
2398 1830 2588 1888 tuum

632 1911 1045 1979 commodum
1127 1913 1306 1977 feret.
1418 1914 1635 1995 Atque
1714 1933 1833 1996 ego
1912 1911 2301 1975 nominatim
2381 1930 2588 1992 quum

632 2001 1031 2082 scripturum
1098 2019 1200 2062 me
1263 1997 1735 2080 promitterem,
1801 1998 1924 2063 hoc
1977 1997 2235 2079 excepi,
2301 2016 2409 2060 me
2467 1995 2587 2060 tibi

633 2084 832 2149 nimis
874 2083 1180 2150 instando
1235 2104 1367 2149 non
1427 2082 1566 2148 fore
1621 2083 1986 2149 molestum.
2075 2082 2257 2166 Ergo
2300 2090 2378 2145 ut
2420 2080 2588 2145 mihi

632 2179 894 2255 gratum
938 2170 1077 2235 fore
1121 2170 1457 2252 profiteor,
1520 2171 1573 2233 si
1632 2189 1910 2252 puerum
1968 2166 2379 2234 educandum
2420 2166 2587 2231 reci-

628 2256 790 2340 pias,
833 2257 929 2321 ita
968 2277 1150 2321 nunc
1191 2254 1347 2338 quid
1388 2254 1672 2320 libenter
1715 2265 1781 2320 et
1823 2255 2065 2338 absque
2109 2253 2410 2318 molestia
2450 2253 2585 2318 fac-

631 2353 824 2407 turus
868 2342 975 2419 sis,
1021 2342 1143 2407 tibi
1188 2340 1679 2407 deliberandum
1726 2341 2041 2422 relinquo.
2133 2339 2362 2421 Neque
2405 2339 2585 2402 enim

629 2426 794 2492 mihi
852 2427 999 2509 plus
1056 2428 1409 2510 impetrare
1479 2427 1594 2492 abs
1654 2435 1718 2491 te
1772 2425 1933 2491 libet
1990 2445 2187 2508 quam
2246 2424 2419 2507 quod
2465 2423 2585 2489 tibi

629 2512 949 2597 expediet.
1020 2511 1114 2577 De
1156 2514 1367 2664 ffietio
1403 2512 1618 2577 victus
1672 2511 1987 2595 quidquid
2034 2520 2308 2594 patruus
2368 2519 2582 2575 tecum

630 2608 863 2683 pactus
910 2599 1127 2677 fuerit,
1253 2618 1340 2662 na
1383 2596 1511 2662 fide
1557 2597 1639 2662 ad
1685 2597 1859 2663 diem
1902 2597 2248 2682 persolvet.

802 2683 1032 2766 Nuper
1077 2699 1214 2749 tam
1258 2683 1513 2748 subitus
1534 2683 1758 2749 Berna
1800 2683 1924 2748 fuit
1961 2704 2146 2749 meus
2182 2681 2508 2748 discessus
2534 2681 2583 2765 ¹)

631 2778 706 2835 ut
750 2768 835 2834 D.
869 2770 1178 2853 Zwinybio
1223 2780 1290 2834 et
1332 2768 1598 2851 reliquis
1640 2767 1950 2835 fratribus
1993 2790 2126 2834 non
2166 2769 2424 2833 licuerit
2470 2786 2583 2831 va-

629 2854 927 2921 ledicere.
996 2855 1169 2923 Nam
1214 2877 1255 2921 a
1297 2854 1570 2938 prandio
1614 2876 1919 2921 reversus
1963 2854 2277 2938 collegam
2302 2856 2360 2936 ²)
2403 2854 2582 2937 lega-

628 2942 827 3008 tionis
889 2950 1220 3008 ocreatum
1279 2941 1511 3026 reperi.
1615 2940 2031 3026 Responsum
2090 2940 2265 3005 enim
2322 2948 2584 3022 praeter

629 3048 813 3110 spem
857 3049 897 3093 a
938 3028 1204 3095 consule
1231 3024 1594 3115 Neq[clino]
1619 3028 1671 3113 ⁸)
1717 3025 1942 3093 datum
1987 3027 2218 3104 fuerat,
2265 3035 2583 3090 venturos

631 3112 977 3180 Genevam
1021 3114 1133 3197 qui
1192 3113 1272 3178 de
1330 3113 1756 3179 caeremoniis
1803 3161 2256 3178 .........
2303 3131 2582 3194 quarum

631 3218 828 3265 causa
870 3201 1206 3284 negotium
1253 3199 1438 3264 nobis
1490 3200 1806 3265 facessere
1849 3219 1983 3263 non
2029 3197 2354 3262 desinunt.
2445 3194 2585 3282 '1¹[u

620 3283 886 3373 francs]
933 3298 1000 3351 et
1042 3294 1442 3369 symmystas
1487 3286 1701 3350 saluta
1746 3283 2094 3368 diligenter
2131 3281 2581 3350 meo'nomine

629 3380 698 3435 et
718 3392 990 3436 uxorem
1038 3368 1259 3457 [tuam.
1323 3369 1666 3457 Dominus]
1712 3392 1833 3436 vos
1858 3378 2137 3445 tueatur,
2183 3368 2423 3452 spiritu
2461 3389 2580 3433 suo

626 3457 952 3540 gubernet
994 3476 1069 3522 ac
1114 3454 1473 3522 benedicat.
1562 3457 1621 3521 E
1669 3456 1954 3535 [Genera
1979 3506 1992 3520 .
2021 3506 2034 3520 .
2063 3506 2076 3519 .
2103 3453 2150 3541 .]
2199 3453 2507 3520 calendas
2523 3453 2581 3540 ⁴)

626 3543 919 3628 Augusti
966 3545 1146 3606 1553.

1555 3677 1841 3743 Ioannes
1884 3677 2205 3745 Calvinus
2248 3686 2417 3742 tuus.

1404 3974 1567 3981 ——q—
1592 3974 1814 3983 --—---———

1512 4190 1700 4261 1768.

1032 4344 1147 4411 ΟΔ
1158 4343 1494 4410 1.lele
1540 4343 2171 4411 BULLINGERO.

811 4514 1014 4600 Royat
1056 4517 1213 4597 quid
1261 4517 1497 4597 factum
1537 4517 1621 4580 sit
1664 4518 1739 4581 de
1781 4515 1983 4580 literis
2037 4539 2078 4580 a
2121 4516 2377 4583 ducissa
2423 4516 2582 4583 Fer-

632 4604 852 4669 rariae
902 4602 1200 4667 Turicum
1244 4603 1461 4668 missis
1476 4653 1491 4681 ,
1542 4603 1857 4667 Genevam
1900 4623 2024 4668 non
2062 4602 2297 4669 allatis.
2385 4603 2585 4685 Deflet

618 4693 886 4841 m
932 4687 1126 4772 Reqis
1187 4686 1488 4753 Edam-di
1544 4693 1600 4752 et
1649 4687 2028 4755 Germaniae
2083 4689 2440 4756 discordias
2496 4692 2583 4757 ci-

632 5029 806 5084 1767.
835 5032 891 5095 1)
931 5030 1020 5085 De
1053 5033 1248 5086 itinere
1287 5029 1508 5083 Calvina·
1540 5030 1808 5084 Rev-nme
1840 5047 1887 5082 v.
1924 5046 2095 5099 supra
2135 5031 2206 5087 N.
2243 5031 2397 5086 1744.

838 5101 899 5165 2)
938 5099 1084 5155 Jean
1118 5100 1254 5154 Ami
1288 5099 1474 5153 Curta
1507 5099 1590 5153 dit
1623 5098 1895 5153 Boteilkr.
1968 5099 2202 5169 (Galiffe
2235 5102 2301 5155 11.
2345 5101 2487 5169 119.)

841 5168 901 5229 3)
940 5170 1053 5224 Hic
1087 5174 1138 5224 et
1171 5169 1326 5235 infra
1360 5168 1552 5223 charta
1586 5167 1845 5221 lacerata.

840 5238 896 5299 4)
940 5238 1116 5307 Quota
1150 5240 1349 5294 coniici
1380 5240 1499 5292 licet
1533 5252 1599 5291 ex
1635 5237 1899 5291 mentione
1933 5239 2182 5305 responsi
2211 5239 2291 5295 N.
2329 5238 2465 5293 1768
2500 5241 2581 5296 ita

631 5311 695 5360 ut
730 5321 839 5360 non
876 5307 1011 5362 adeo
1046 5307 1144 5362 diu
1173 5314 1299 5376 post
1339 5306 1478 5360 Idus
1512 5309 1772 5375 scriptam
1808 5304 2122 5361 dixerimus.

2153 381 2674 453 EPISTOLAE
2725 385 3146 446 1767—1769

4523 386 4640 449 584

2698 569 2877 691 {Anto
2886 570 3155 693 grapho?4
3169 571 3439 692 exssilzatligi
3478 569 3644 691 Ali-3031.
3680 570 3858 625 Turic-
3886 570 4040 692 llzlriiat.
4076 570 4172 626 VI.
4208 569 4484 692 vohtliiss,
4521 571 4645 694 oclgrdn

2700 655 2905 788 Ggrli'ey.
2933 655 3081 789 ‘fill-‚-
3096 655 3328 762 nim-3131
3366 655 3645 761 Tui-retiati
3680 655 3845 762 {1¹5⁰ss
3882 708 3931 772 1,
3978 655 4522 789 :lteffirrrggenilzi'us
4557 681 4646 762 fol:

2698 774 2826 845 266;
2860 782 2994 830 item
3029 778 3113 832 bis
3147 778 3348 846 legitur
3381 777 3523 845 Epp.
3557 777 3718 831 Bern.
3760 776 3857 832 VI.
3893 776 3996 831 240
4018 784 4074 830 et
4097 776 4217 830 VII.
4244 776 4328 831 87.
4388 778 4648 831 Simlerus

2698 844 2866 899 habet
2910 845 3038 902 Vol.
3084 843 3172 898 80.
3256 844 3456 899 Versio
3500 845 3711 915 anglica
3753 846 3961 899 inserta
4003 850 4088 899 est
4135 846 4284 899 Tom.
4334 845 4400 899 11.
4446 845 4645 898 Edinb.

3553 912 3746 983 p.396

2697 1081 3138 1150 ornatissimo
3202 1085 3347 1149 viro
3392 1082 3476 1149 D.
3521 1083 3860 1152 Henricho
3904 1084 4296 1169 Bullingero
4339 1085 4650 1152 ecclesiae

2697 1170 3051 1254 Tigurinae
3118 1168 3367 1253 pastori
3431 1171 4226 1322 fiozggrvssdffmmyme
4287 1172 4649 1256 plurimum

2867 1391 2937 1456 S.
3032 1392 3284 1458 Paulus
3308 1395 3359 1477 ¹)
3416 1393 3682 1459 natione
3748 1393 3987 1470 Italus,
4054 1394 4250 1459 homo
4314 1403 4649 1479 spectatae

2694 1476 2882 1543 nobis
2926 1479 3288 1559 probitatis,
3333 1499 3536 1561 quum
3584 1499 3794 1562 nuper
3847 1479 3929 1544 ad
3973 1479 4300 1545 Comitem
4344 1490 4650 1547 nostrum

2697 1561 2944 1628 Celsum
2963 1567 3020 1640 ²)
3067 1564 3396 1642 scriberet,
3441 1564 3617 1629 inter
3658 1565 3788 1630 alia
3830 1567 4062 1648 posuit,
4108 1588 4179 1632 se
4212 1567 4436 1632 literas
4482 1567 4650 1631 mihi

2694 1649 2990 1716 attulisse
3057 1649 3139 1715 ab
3203 1650 3646 1716 illustrissima
3718 1650 4062 1717 Ferrarius
4126 1651 4413 1730 ducissa,
4483 1674 4650 1735 quas

2693 1734 2867 1817 apud
2914 1745 2980 1799 te
3025 1736 3395 1818 reliquerat.
3423 1738 3476 1818 ³)
3566 1735 3740 1816 Quia
3783 1758 3937 1802 vero
3982 1759 4192 1820 nuper
4235 1752 4573 1804 venerunt
4614 1760 4653 1804 a

2693 1821 2776 1885 D.
2810 1820 3146 1887 Gualtlzero
3189 1821 3435 1898 literae,
3454 1825 3511 1897 ⁴)
3555 1823 3669 1887 ubi
3711 1822 3897 1888 nulla
3940 1825 4081 1888 eius
4124 1825 4222 1889 rei
4256 1826 4333 1889 fit
4368 1826 4651 1890 mentio:

2692 1914 2759 1971 et
2800 1908 2996 1988 paulo
3039 1916 3194 1972 ante
3236 1907 3520 1973 Ioannes
3566 1909 3839 1974 Livoerus
3883 1919 4203 1974 mercator
4246 1909 4651 1995 Sangallen-

2689 1992 2781 2058 sis
2817 1993 2941 2058 hac
2977 1994 3303 2059 transiens
3343 1978 3616 2071 dixerat,
3662 2007 3730 2058 te
3765 2016 3884 2078 per
3918 1997 4241 2077 quendam
4264 1996 4650 2062 Hebraeum

2690 2078 3055 2162 scripsisse:
3135 2081 3503 2162 suspicatus
3587 2102 3761 2158 sum,
3844 2091 3909 2145 te
3976 2080 4058 2145 ab
4121 2081 4234 2146 illo
4300 2081 4651 2165 deceptum

2686 2165 2906 2230 fuisse.
2997 2165 3223 2248 Neque
3280 2167 3454 2229 enim
3514 2166 3625 2230 ille
3679 2187 3720 2230 a
3775 2166 3958 2231 nobis
4016 2170 4195 2233 visus
4245 2178 4371 2245 est,
4432 2190 4652 2251 neque

2691 2249 2934 2328 dubito,
2978 2252 3135 2334 quin
3181 2272 3257 2316 eo
3302 2271 3372 2317 se
3416 2252 3767 2318 contulerit
3809 2253 3983 2317 unde
4033 2255 4240 2318 maior
4282 2276 4432 2337 spes
4479 2255 4653 2319 lueri

2689 2335 3061 2420 affulgebat.
3130 2336 3325 2417 Quod
3369 2340 3424 2402 si
3470 2336 3639 2403 forte
3682 2339 3909 2404 literae
3952 2338 4103 2404 illae
4145 2341 4482 2422 perierint,
4533 2340 4650 2406 ad—

2687 2423 3002 2487 monitam
3048 2443 3189 2488 esse
3235 2421 3555 2489 ducissam
3592 2425 3801 2507 cupio.
3868 2423 4156 2490 Proinde
4198 2428 4348 2508 quia
4393 2426 4506 2493 hic
4545 2429 4652 2492 vir

2684 2507 2953 2585 nobilis,
3014 2529 3140 2591 quo
3196 2510 3613 2575 internuncio
3673 2513 3845 2592 apud
3892 2512 4144 2595 Regem
4190 2512 4451 2578 G-alliae
4509 2514 4646 2578 iam

2689 2613 2895 2658 annos
2939 2595 3308 2677 complures
3364 2617 3484 2661 usa
3542 2605 3670 2674 est,
3728 2596 3890 2663 istac
3940 2599 4235 2664 facturus
4294 2607 4438 2664 erat
4495 2600 4649 2678 iter,

2689 2681 2919 2763 rogavi
2959 2688 3034 2744 ut
3077 2679 3193 2745 abs
3236 2690 3300 2746 te
3345 2682 3804 2760 sciscitaretur,
3850 2683 4163 2765 quidnam
4218 2685 4330 2750 illo
4354 2689 4405 2752 ⁵)
4451 2686 4652 2751 fasci-

2687 2766 2835 2832 culo
2880 2786 3074 2849 quem
3121 2765 3294 2849 apud
3339 2779 3406 2831 te
3454 2767 3704 2832 Paulus
3753 2767 4078 2852 deposuit,
4138 2768 4384 2835 sactum
4446 2782 4648 2847 esset,

2687 2860 2764 2916 ut
2806 2850 2890 2916 ad
2934 2852 3286 2917 Dominam
3331 2874 3515 2918 suam
3561 2854 3816 2919 referat.

2858 2935 2963 3002 De
3026 2949 3237 3004 morte
3301 2939 3508 3022 Regis
3574 2939 3857 3024 Angliae
3935 2941 4406 3023 frequentiores
4488 2952 4651 3008 suut

2688 3023 2930 3101 nuncii,
2977 3045 3173 3106 quam
3216 3025 3471 3089 vellem.
3560 3026 3795 3108 ltaque
3838 3027 3969 3091 iam
4013 3025 4314 3110 lugemus
4358 3047 4496 3092 non
4545 3050 4651 3093 se-

2687 3126 2801 3174 cus
2844 3129 2920 3175 ac
2976 3121 3334 3175 mortuum:
3394 3110 3505 3176 vel
3556 3111 3772 3193 potius
3826 3111 4128 3195 lugemus
4186 3114 4498 3179 ecclesiae
4548 3116 4651 3178 vi·

2685 3214 2826 3259 cem
2848 3246 2863 3271 ,
2922 3216 3089 3277 quae
3144 3196 3216 3260 in
3275 3218 3404 3261 uno
3459 3198 3671 3279 capite
3725 3197 4270 3264 inaestimabilem
4313 3200 4648 3265 iacturam

2685 3280 2856 3345 fecit.
2938 3281 3132 3346 Nunc
3176 3304 3486 3365 quorsum
3527 3304 3633 3347 res
3668 3282 3969 3348 turbatae
4011 3284 4329 3349 inclinent
4364 3288 4568 3351 anxie
4590 3291 4646 3359 ⁶)

2685 3369 3167 3449 exspectatione
3212 3371 3510 3451 suspensi
3567 3389 3811 3434 sumus.
3901 3371 4327 3435 Germaniam
4389 3373 4650 3437 interea

2686 3473 2727 3516 a
2771 3473 2841 3517 se
2895 3454 3142 3518 mutuis
3200 3454 3586 3521 vulneribus
3639 3466 3707 3520 et
3775 3456 4106 3522 intestinis
4163 3458 4427 3534 confici,
4491 3459 4646 3540 plus

2687 3558 2882 3620 quam
2941 3537 3294 3604 dolendum
3355 3551 3473 3605 est.
3591 3538 3724 3606 Sed
3781 3542 3950 3606 nihil
4012 3545 4252 3607 mirum
4276 3595 4290 3619 ,
4351 3545 4404 3608 si
4470 3564 4648 3609 mor-

2688 3622 2786 3689 bis
2842 3623 3205 3706 desperatis
3261 3635 3395 3691 tam
3454 3626 3741 3692 violenta
3808 3628 4094 3692 remedia
4147 3629 4470 3694 Dominus
4525 3631 4647 3695 ad-

2687 3709 2930 3775 hibeat.
3020 3711 3111 3775 Et
3167 3712 3324 3794 quid
3383 3720 3620 3789 restat,
3681 3713 3808 3778 nisi
3866 3726 3942 3777 ut
3996 3714 4277 3780 assiduis
4332 3716 4645 3796 precibus

2686 3796 3075 3879 flagitemus,
3118 3819 3201 3862 ne
3246 3798 3579 3863 ecclesiam
3625 3818 3812 3863 suam
3857 3801 4046 3864 obrui
4090 3801 4280 3877 sinat,
4325 3802 4485 3882 quin
4522 3823 4644 3884 po·

2688 3882 2819 3946 tius
2862 3883 3037 3946 inter
3077 3884 3205 3947 ista
3246 3884 3591 3967 naufragia
3634 3904 3778 3948 eam
3822 3885 4207 3951 conservet?
4296 3887 4481 3961 Vale,
4529 3908 4644 3953 or-

2686 3968 3028 4033 natissime
3072 3969 3179 4032 vir
3218 3986 3284 4034 et
3325 3971 3530 4034 frater
3570 3972 3642 4034 in
3665 3970 3934 4036 Christo
3979 3971 4450 4038 colendissime.
4518 3974 4647 4039 Sa-

2685 4051 2829 4117 luta
2871 4054 3152 4120 officiose
3196 4066 3599 4140 symmystas
3644 4068 3789 4121 tuos
3805 4108 3821 4134 ,
3881 4078 4175 4135 uxorem,
4233 4079 4525 4141 generoS,
4576 4070 4644 4126 et

2685 4139 2871 4204 filias.
2941 4139 3262 4206 Dominus
3306 4163 3420 4207 vos
3464 4163 3691 4208 omnes
3732 4143 4055 4225 praesidio
4100 4165 4219 4209 suo
4265 4155 4525 4210 tueatur
4572 4156 4644 4210 et

2686 4225 2920 4307 spiritu
3054 4227 3300 4292 bernet.
3391 4228 3697 4312 Collegae
3754 4229 3883 4293 mei
3949 4240 4015 4294 te
4059 4230 4413 4311 plurimum
4457 4231 4642 4296 salu·

2686 4318 2851 4375 taut.
3010 4332 3259 4378 enevae
3302 4319 3360 4378 4.
3409 4313 3697 4397 Augusti
3720 4317 3772 4393 ⁷)
3827 4320 4006 4379 1553.

3609 4451 3892 4518 Ioannes
3939 4451 4256 4519 Calvinus
4301 4464 4465 4522 tuus.

2686 4636 2860 4692 1768.
2894 4637 2952 4701 l)
2995 4638 3225 4694 Gadius.
3298 4638 3374 4694 N.
3413 4637 3561 4692 1763.

2894 4706 2947 4768 2)
2988 4707 3414 4778 Martinenqum,
3452 4708 3721 4763 Italorum
3757 4712 4202 4766 concionatorem.

2891 4774 2949 4857 3)
2985 4774 3075 4829 De
3106 4777 3193 4832 his
3225 4778 3286 4857 ia
3326 4775 3502 4859 Gadi}
3599 4778 3759 4833 istola
3790 4780 3945 4845 nihil,
3984 4786 4033 4834 et
4066 4781 4286 4836 omnino
4322 4779 4636 4850 deperditae

2687 4852 2832 4912 sunt,
2866 4845 3433 4982 εἴξωξὲἓΒαΠῖἑιρεη
3466 4793 3932 4970 ιοιΞαΙῧαιιῙάἧίΊαε.

2890 4982 2951 5116 23
2984 4997 3101 5133 2⁶..
3132 4984 3807 5134 ...wemma
3823 4991 4115 5111 tm
4100 4986 4459 5111 tam...

2685 5136 2751 5176 ea·
2793 5120 3004 5176 Sulzert
3040 5137 3120 5188 ep.
3165 5121 3235 5175 N.
3275 5120 3400 5175 1761
3434 5130 3615 5178 sumat.

2891 5188 2948 5252 7)
2987 5206 3097 5244 non
3133 5190 3181 5258 3,
3216 5198 3278 5245 ut
3312 5192 3508 5246 habent
3540 5191 3874 5260 apoqravha.
