4900 6167
639 457 761 523 179

792 662 868 709 re
933 641 1223 723 decrevi,
1287 662 1422 708 non
1487 638 1794 707 dubitans
1856 659 1964 705 me
2029 659 2116 704 ex
2180 658 2260 704 ea
2323 636 2602 703 lectione

639 732 939 796 fructum
981 726 1163 796 haud
1204 728 1541 813 vulgarem
1601 727 1945 793 facturum.
2034 724 2300 791 Interea
2340 721 2600 807 rogabi-

640 837 797 883 mus
838 814 1202 882 Dominum
1251 822 1329 880 ut
1366 814 1508 898 ipse
1546 813 1664 879 tibi
1708 811 1873 876 mihi
1916 809 2189 878 colendo
2232 820 2300 877 et
2342 818 2602 893 tempus

643 911 716 968 et
756 903 932 968 vires
975 901 1272 978 sufficiat,
1318 920 1448 984 quo
1487 898 1593 963 vel
1635 898 1704 963 in
1747 897 1959 963 Paulo
2001 897 2093 962 sie
2136 913 2429 981 pergere,
2487 894 2600 959 vel

642 986 1167 1138 {tuffptffi
1207 980 2599 1151 azztdssbsszffimfflffifffflss

648 1179 898 1226 navare
940 1157 1167 1241 possis.

819 1244 1005 1309 Deus
1048 1249 1305 1308 nostras
1356 1240 1656 1323 regiones
1713 1239 1941 1305 multis
1994 1249 2062 1304 et
2103 1240 2304 1306 variis
2355 1236 2600 1303 morbis

650 1330 923 1413 adfligit,
968 1327 1320 1411 praecipue
1374 1345 1529 1390 vero
1582 1323 1870 1392 febribus
1925 1324 2306 1390 ardentibus
2321 1376 2338 1403 ,
2397 1323 2598 1389 raris-

650 1416 817 1482 sime
872 1424 1093 1480 tamen
1157 1410 1723 1495 pestilentialibus.
1834 1410 2016 1475 Haec
2095 1418 2162 1477 et
2223 1408 2598 1475 huiusmodi

648 1499 911 1585 flagella
974 1505 1042 1564 et
1100 1497 1295 1581 longe
1370 1498 1675 1581 graviora
1738 1503 2027 1562 meretur
2102 1495 2598 1579 impoenitentia

650 1595 878 1652 nostra
918 1592 1112 1668 atque
1146 1582 1326 1648 verbi
1350 1582 1479 1647 Dei
1522 1580 1816 1648 diutinus
1859 1590 2286 1664 contemptus.
2356 1579 2598 1647 Sehola

648 1678 873 1737 nostra
917 1670 1079 1735 satis
1112 1667 1402 1734 marcida
1444 1669 1615 1734 facta
1659 1675 1775 1744 est,
1822 1667 1878 1734 si
1925 1688 2071 1732 eam
2113 1668 2408 1733 conferas
2450 1665 2597 1731 flori

647 1757 762 1823 isti
804 1775 931 1840 quo
976 1756 1100 1819 fuit
1144 1762 1207 1818 te
1252 1764 1612 1837 praesente.
1703 1755 1954 1818 Tamen
2002 1752 2323 1817 Sturmius
2366 1760 2597 1828 rector,

650 1841 898 1908 scilieet
938 1842 1074 1905 iam
1122 1838 1287 1905 febri
1332 1860 1450 1905 sua
1500 1839 1844 1917 liberatus,
1907 1859 2139 1904 rursus
2206 1839 2342 1904 suis
2409 1838 2599 1904 satis·

646 1927 804 1993 facit
846 1925 1250 1992 lectionibus.
1315 1924 1782 2009 Theologicum
1819 1923 2110 1990 studium
2147 1923 2340 1990 valde
2380 1923 2597 2009 friget,

647 2020 990 2096 postquam
1046 2010 1199 2076 huie
1254 2012 1636 2093 professioni
1686 2009 1809 2074 hoe
1867 2011 2250 2094 praesertim
2305 2020 2600 2094 tempore

650 2098 1024 2182 paucissimi
1068 2095 1476 2176 incumbunt,
1535 2105 1602 2161 et
1643 2096 2037 2180 professores
2080 2095 2601 2163 antecessoribus

652 2184 791 2250 suis
833 2183 1104 2249 minime
1147 2179 1523 2249 conferendi
1567 2189 1739 2247 sunt.

821 2269 1152 2336 Ecclesiae
1206 2276 1421 2333 status
1486 2266 1830 2333 mediocris
1872 2276 1986 2333 est.
2089 2267 2298 2333 Pauci
2339 2265 2599 2351 quidem

652 2379 694 2421 a
738 2355 925 2421 nobis
983 2354 1064 2419 ad
1120 2355 1534 2420 adversarios
1591 2352 1997 2419 defecerunt:
2066 2351 2333 2419 dubium
2378 2360 2599 2417 tamen

649 2441 815 2506 mihi
852 2461 985 2505 nou
1031 2448 1132 2505 est
1173 2440 1328 2524 quin
1373 2438 1567 2504 multi
1612 2439 1937 2514 vacillent,
1994 2437 2167 2522 quod
2211 2440 2376 2516 vita,
2437 2458 2602 2522 quae

648 2525 923 2592 minime
976 2526 1395 2611 evangelicae
1451 2524 1831 2608 professioni
1896 2524 2259 2607 respondet,
2304 2524 2455 2608 plus
2496 2544 2601 2588 sa·

650 2615 737 2678 tis
781 2611 1172 2696 significant.
1261 2611 1369 2676 Ex
1413 2610 1805 2688 huiusmodi,
1853 2629 2098 2688 vereor,
2143 2630 2333 2678 eruce
2375 2610 2600 2693 ingra-

653 2705 960 2763 vescente
1017 2697 1391 2782 paucissimi
1462 2696 1876 2779 perstabunt,
1957 2706 2154 2779 prout
2216 2694 2400 2761 nullo
2468 2715 2603 2759 non

652 2791 946 2934 teilnpore
988 2783 1247 2864 piorum
1305 2791 1371 2846 et
1429 2781 1717 2847 fidelium
1770 2791 2125 2864 proventus
2169 2801 2413 2865 parvus
2458 2799 2603 2846 esse

651 2889 725 2934 so
750 2877 834 2934 et.

826 2954 1015 3019 Intra
1070 2972 1362 3018 mensem
1424 2952 1562 3018 dux
1632 2953 2203 3037 Wivtmberyensis
2254 2960 2323 3017 et
2375 2959 2603 3017 nostra

656 3042 814 3107 urbs
856 3040 1098 3123 aliquot
1138 3038 1394 3123 legatos
1449 3039 1518 3103 in
1576 3037 1936 3105 Saxoniam
1995 3039 2346 3120 miserunt,
2405 3038 2601 3103 nimi-

652 3147 805 3192 rum
848 3123 1277 3191 consultaturi
1341 3124 1423 3189 de
1477 3125 1781 3207 coneilio,
1840 3127 1981 3190 sive
2037 3122 2392 3202 visitando,
2460 3125 2602 3189 sive

652 3213 889 3278 minus.
977 3211 1457 3311 Exspectamus
1499 3210 1631 3276 iam
1675 3210 1953 3296 singulis
2011 3211 2239 3276 diebus
2283 3207 2367 3273 D.
2418 3208 2603 3273 Mar-

642 3297 978 3384 pachium:
1043 3305 1296 3362 utinam
1365 3294 1860 3362 deliberationes
1918 3296 2237 3361 salutares
2292 3295 2483 3361 nobis
2538 3301 2606 3359 et

655 3382 924 3450 Christo
968 3390 1192 3447 nostro
1237 3382 1556 3466 gloriosas
1599 3382 1849 3447 afferat.
1938 3381 2067 3447 His
2112 3379 2339 3447 diebus
2400 3380 2616 3445 arohi-

659 3469 1000 3553 episoopus
1067 3467 1574 3552 Mequntineneis
1634 3479 1701 3533 et
1765 3468 2161 3534 Treta-irensis
2223 3467 2613 3533 Tridentum

654 3561 1145 3621 concesserunt:
1191 3562 1418 3618 noster
1450 3554 1792 3637 episcopus
1827 3553 2260 3637 subsequitur,
2297 3553 2612 3618 nimirum

655 3641 1004 3706 edocturus
1106 3645 1281 3705 atres
1349 3640 1496 3706 istic
1553 3661 1683 3723 qua
1739 3640 2096 3726 sagacitate
2151 3638 2409 3723 lepores
2475 3640 2610 3704 sint

654 3725 976 3808 capiendi.
1059 3661 1143 3789 fn
1204 3725 1327 3791 hae
1383 3726 1563 3790 enim
1618 3733 1760 3791 arte
1823 3726 2113 3791 studium
2177 3747 2370 3791 suum
2425 3745 2604 3790 nune

652 3812 857 3894 ponit.
947 3808 1126 3891 Quid
1171 3809 1348 3876 aliud
1402 3819 1856 3894 exspectemus
1913 3834 1952 3876 a
2008 3809 2434 3878 conciliabulo
2478 3811 2602 3877 hoe

655 3915 851 3980 quam
908 3895 1289 3980 multiiugas
1344 3897 1801 3981 apparationes
1865 3898 2288 3964 afflictionum
2344 3908 2411 3963 et
2453 3919 2600 3964 oru-

656 3984 829 4048 cium
861 4001 982 4066 pro
1040 3982 1337 4046 veritatis
1396 3983 1693 4049 coelestis
1749 3983 2075 4049 studiosis.
2168 3983 2311 4049 Rex
2356 3983 2605 4050 Gallia-

654 4088 800 4133 rum
842 4087 913 4133 se
956 4087 1108 4132 suos
1146 4068 1501 4134 missurum
1546 4077 1812 4154 propter
1858 4078 2072 4136 motus
2112 4068 2375 4136 bellicos
2418 4089 2603 4135 reeu-

655 4162 771 4220 sat.
862 4152 1097 4218 Danus
1140 4161 1208 4218 et
1254 4153 1530 4221 Polonus
1580 4165 1845 4240 propter
1898 4155 2155 4220 eosdem
2204 4156 2403 4221 etiam
2449 4175 2602 4222 suos

656 4240 897 4305 limites
941 4259 1071 4304 non
1118 4239 1558 4322 egredientur.
1628 4241 1800 4306 Puto
1844 4248 2063 4306 tamen
2110 4241 2281 4324 quod
2323 4263 2405 4306 ex
2453 4262 2602 4306 nos-

654 4337 761 4390 tra
801 4326 1066 4390 natione
1110 4325 1313 4410 aliqui
1358 4347 1474 4409 pro
1517 4327 1724 4412 gloria
1765 4326 2015 4393 Christi
2066 4329 2207 4393 sive
2250 4328 2403 4392 viva
2446 4348 2604 4393 voce

658 4413 796 4477 sive
832 4412 1071 4494 scripto
1115 4433 1331 4477 coram
1375 4412 1647 4479 concilio
1691 4423 2021 4497 utcunque
2062 4413 2288 4496 inique
2331 4435 2606 4499 congre-

656 4506 810 4583 gato
853 4495 1099 4580 aliquid
1149 4499 1375 4563 ausuri
1432 4499 1583 4564 sint.
1671 4498 1884 4565 Corde
1939 4520 2220 4583 namque
2278 4498 2362 4565 ad
2416 4499 2604 4564 iusti-

658 4584 817 4647 tiam
862 4582 1126 4648 oredere
1167 4604 1298 4647 non
1337 4586 1518 4664 satis,
1565 4586 1687 4649 nisi
1725 4605 1839 4650 ore
1872 4587 2067 4650 etiam
2106 4584 2422 4650 confessio
2459 4585 2609 4651 sub-

528 4753 544 4768 ·
658 4677 971 4753 sequatur
1013 4666 1096 4732 ad
1139 4668 1434 4735 salutem.

833 4753 1041 4818 Fama
1085 4754 1194 4820 hic
1236 4775 1391 4838 spar
1442 4756 1588 4835 ’tur,
1634 4764 1703 4822 et
1735 4775 1775 4819 a
1808 4753 2194 4839 quibusdam
2228 4754 2356 4821 fide
2390 4754 2608 4840 dignis

654 4839 868 4924 magis
923 4860 1000 4905 ae
1053 4842 1266 4924 magis
1321 4863 1394 4907 ro
1477 4854 1667 4908 ratur
1682 4895 1701 4920 ,
1751 4840 2085 4914 Gaesarem
2142 4863 2403 4908 curasse
2459 4842 2606 4909 eiici

656 4927 764 4992 his
805 4923 1036 4990 diebus
1074 4945 1306 4990 ‚omnes
1353 4928 1693 5013 Augustae
1735 4929 2242 5006 concionatores,
2287 4927 2605 4994 catechis-

659 5032 801 5076 mos
844 5012 1042 5075 etiam
1088 5011 1155 5074 in
1216 5010 1388 5077 ludis
1446 5014 1864 5080 interdixisse
1932 5013 2053 5079 sub
2104 5033 2314 5097 poena
2369 5014 2605 5094 exsilii,

658 5096 1132 5181 Norimbergae
1174 5096 1347 5163 idem
1392 5107 1819 5166 tentaturum.
1910 5100 2014 5166 De
2058 5100 2243 5166 nobis
2287 5098 2441 5184 quid
2476 5099 2609 5166 Do-

656 5181 879 5247 minus
940 5193 1232 5248 statuere
1272 5184 1463 5260 velit,
1522 5187 1708 5252 novit
1763 5187 1921 5270 ipse.
2024 5183 2165 5251 Ista
2216 5207 2375 5251 sane
2426 5185 2607 5251 haud

656 5267 1010 5333 mediocria
1051 5270 1410 5352 specimina
1449 5273 1653 5338 futuri
1698 5273 1956 5339 concilii
2000 5282 2158 5338 sunt
2198 5292 2318 5356 pro
2360 5273 2607 5339 verita-

654 5352 751 5417 tis
792 5360 861 5417 et
897 5353 1039 5421 eius
1081 5355 1521 5438 professorum
1560 5360 2030 5446 profligatione.
2120 5356 2411 5426 Senatus
2454 5378 2608 5425 nos-

2140 446 2671 518 EPISTOLAB
2721 448 3141 513 1530-1533

4524 452 4640 514 180

2699 645 2821 716 ter,
2868 637 3174 721 quamvis
3214 637 3555 718 infirmior,
3597 642 3821 704 tamen
3856 635 4071 704 adhue
4111 635 4376 705 videtur
4393 635 4642 704 Christi

2700 722 2979 875 {loriam
3021 744 3351 823 quaerere.
3438 721 3626 789 Haec
3666 722 3812 788 ideo
3853 721 3936 789 ad
3977 732 4065 805 te,
4110 731 4189 789 ut
4234 723 4465 825 maiori
4509 732 4642 791 stu-

2702 809 3259 962 Sii'taliilaemniiinssri
3304 808 4643 980 mtionglgdiigsniufflugeatdoeowm

2869 981 3021 1133 Eg&
3061 980 3192 1046 Dei
3233 981 3546 1132 begiefieio
3577 1000 3736 1132 eutr:⁵
3771 981 3971 1133 {liele
4009 981 4426 1133 mediocriter
4467 983 4643 1136 val-gi

2700 1086 2866 1132 mus.
3023 1087 3144 1133 xor
3251 1089 3309 1132 ri
3381 1088 3418 1132 e
3647 1088 3704 1132 ri
3816 1088 3894 1134 oe
3925 1089 4038 1134 um
4103 1089 4325 1135 maseu
4352 1090 4470 1134 um

2701 1160 3049 1218 mortuum.
3138 1088 3251 1217 ΒΞ
3288 1161 3358 1218 et
3396 1087 3884 1219 nospoffiminus
3939 1154 4260 1232 humiliat,
4319 1165 4393 1220 ut
4437 1153 4645 1222 disca-

2700 1259 2849 1303 mus
2905 1237 3153 1303 mundo
3225 1248 3598 1322 contempto
3668 1240 3972 1305 coelestia
4043 1240 4255 1325 magis
4319 1240 4641 1307 meditari.

2701 1321 2897 1389 Certe
2934 1323 3096 1390 haec
3140 1332 3333 1408 atque
3376 1325 3504 1390 alia
3542 1324 3806 1409 flagella
3844 1326 4061 1392 iustus
4084 1326 4271 1392 Deus
4315 1327 4487 1394 iuste
4531 1349 4644 1393 no·

2697 1408 2802 1476 bis
2859 1409 3171 1495 imponit:
3242 1412 3353 1494 qui
3415 1412 3500 1477 sit
3556 1410 3935 1479 benedictus
3990 1411 4064 1480 in
4124 1412 4401 1479 saecula.
4506 1414 4644 1498 Ego

2701 1515 2853 1561 eum
2896 1516 3220 1579 puerpera
3260 1504 3328 1561 et
3368 1497 3502 1562 filio
3529 1496 3816 1564 Samuele
3851 1509 3935 1578 te,
3981 1506 4162 1564 tuam
4198 1508 4474 1582 tuosque
4512 1520 4645 1564 om-

2702 1601 2819 1646 nes
2885 1580 2959 1646 in
3002 1581 3287 1648 Domino
3342 1583 3812 1651 officiosissime
3870 1584 4231 1650 salutamus
4288 1587 4649 1669 vestrisque

2701 1668 3170 1830 iligglpgicibus
3217 1667 3770 1735 commendamus
3875 1672 4149 1755 Argent.
4212 1675 4267 1736 7.
4314 1668 4642 1755 Septemb.

3588 2286 3770 2356 1531.

3225 2439 3623 2508 VIRETUS
3669 2439 4130 2508 FARELLO.

2881 2610 3108 2677 Pedem
3149 2630 3385 2677 movere
3414 2613 3626 2693 nequit
3664 2613 3849 2679 donec
3890 2613 4254 2680 advenerint
4272 2612 4647 2679 Bor-natium

2703 2696 2892 2780 leyati
2953 2717 3059 2763 res
3112 2697 3554 2764 ecclesiasticas
3605 2700 4021 2781 composituri.
4117 2699 4356 2764 Tristis
4401 2698 4648 2765 Reme

2705 2783 3008 2848 cunetatio
3024 2833 3039 2860 ‚
3091 2783 3332 2847 tristior
3367 2783 3750 2850 &mannae
3802 2784 4159 2851 electionum
4200 2790 4464 2862 everam,
4510 2786 4648 2850 tris-

2706 2868 2956 2934 tissima
2990 2868 3213 2952 ubique
3255 2868 3650 2934 ecclesiarum
3701 2870 3915 2952 facies,
3974 2871 4249 2936 nimime
4289 2871 4361 2935 in
4412 2870 4644 2935 Gallia.

2705 3039 2820 3104 (Ex.
2866 3040 3202 3109 autographo
3254 3040 3646 3164 Bigliiloggecaeo
3684 3042 4461 3175 Qastgmrln2?mcomensium
4517 3041 4645 3109 Epp.

2874 3278 3448 3347 Praestantissimo
3517 3281 3668 3348 Iesu
3744 3281 3991 3347 Christi
4052 3304 4244 3348 servo
4293 3282 4649 3348 Guilielmo

2704 3363 2971 3430 Farello
3035 3364 3097 3430 Ν
3100 3367 3500 3432 eoeomensis
3577 3369 3887 3435 eeclesiae
3960 3369 4207 3453 pastori
4271 3367 4646 3434 fidelissimo

2702 3449 2894 3514 fratri
2936 3456 3004 3516 et
3045 3461 3447 3536 symmystae
3489 3454 3849 3537 plurimum
3894 3453 4322 3521 observando.

4151 3556 4482 3623 Neoeomi.

2876 3691 2945 3758 S.
3012 3695 3074 3760 N
3077 3716 3207 3761 unc
3243 3716 3376 3761 non
3422 3707 3611 3763 vacat
3653 3705 3874 3764 tecum
3917 3699 4145 3765 multis
4181 3719 4393 3782 agere.
4461 3698 4646 3762 Volui

2703 3777 2917 3844 solum
2962 3799 3278 3847 excusare
3322 3782 3493 3866 quod
3528 3782 3611 3848 ad
3647 3805 3765 3850 vos
3799 3784 4118 3868 proficisci
4152 3806 4286 3850 non
4328 3786 4645 3868 potuerim

2703 3862 2785 3928 ad
2846 3867 3326 3950 praescriptum
3393 3868 3582 3935 diem.
3694 3872 4210 3938 Circumscribor
4272 3874 4453 3938 enim
4505 3882 4645 3936 tan·

2703 3970 2900 4033 quam
2956 3955 3255 4036 captivus
3301 3955 3497 4021 huius
3542 3955 3723 4021 urbis
3765 3956 4005 4024 finibus
4049 3958 4256 4024 donee
4295 3970 4414 4023 aut
4457 3977 4646 4044 vene-

2704 4037 2842 4101 rint
2883 4036 3205 4106 Bernates
3250 4043 3674 4125 exsequuturi
3734 4039 3905 4125 quod
3963 4055 4124 4109 sunt
4178 4046 4478 4129 polliciti,
4539 4053 4647 4106 aut

2706 4143 2887 4205 spem
2933 4146 3196 4191 omnem
3240 4125 3621 4193 ademerint.
3651 4131 3699 4205 ¹)
3772 4130 4101 4196 Dicuntur
4140 4133 4367 4196 venire
4409 4131 4644 4196 indies:

2705 4229 2899 4274 nemo
2954 4210 3204 4278 interea
3261 4213 3458 4278 venit.
3547 4215 3694 4297 Ego
3738 4236 3891 4282 vero
3934 4238 4167 4282 vereor
4222 4238 4307 4282 ne
4349 4229 4495 4282 tum
4537 4237 4646 4280 ve-

2706 4296 2894 4359 niant
2935 4316 3139 4379 quum
3181 4297 3401 4371 abero.
3460 4299 3517 4364 si
3573 4299 3727 4367 binc
3770 4300 4001 4385 pedem
4046 4323 4366 4369 moveam.
4460 4299 4645 4383 Quod

2708 4383 2765 4445 si
2809 4382 3130 4463 abessem,
3191 4385 3530 4467 intelligis,
3588 4407 3900 4468 quorsum
3955 4403 4127 4454 esset
4187 4410 4293 4455 res
4348 4408 4641 4456 evasura.

2706 4466 2930 4551 Urgeo
2972 4468 3263 4552 quotidie
3316 4469 3649 4536 Hauerum
3703 4482 3771 4538 et
3818 4473 4142 4540 Gironum.
4232 4476 4378 4541 Non
4428 4476 4644 4540 dubito

2707 4554 2866 4635 quin
2909 4554 3071 4619 haee
3115 4574 3222 4618 res
3266 4555 3361 4620 eis
3403 4555 3581 4621 cordi
3624 4560 3726 4622 sit.
3817 4559 3952 4625 Sed
3990 4561 4148 4643 quid
4190 4561 4433 4645 agant?
4519 4561 4644 4627 Mi-

2706 4660 2820 4703 ror
2857 4641 3165 4724 profecto,
3225 4650 3290 4704 et
3330 4641 3521 4707 valde
3562 4645 3781 4724 miror,
3827 4667 3956 4711 non
4001 4647 4190 4712 aliter
4231 4648 4432 4713 fuisse
4473 4667 4645 4714 eom-

2707 4735 2918 4790 motos
2972 4725 3056 4789 iis
3114 4746 3280 4808 quae
3333 4746 3375 4791 a
3428 4749 3533 4792 me
3586 4741 3745 4795 sunt
3794 4734 4142 4816 proposita.
4241 4735 4375 4798 Res
4431 4735 4645 4818 agitur

2706 4809 2999 4890 Domini,
3071 4832 3204 4910 non
3268 4834 3429 4879 mea.
3541 4815 3681 4899 Ipsi
3748 4816 4030 4882 viderint
4093 4818 4149 4883 si
4215 4820 4640 4903 neglexerint.

2705 4895 2848 4961 Ista
2889 4903 3219 4963 cunetatlo
3261 4919 3368 4965 res
3410 4912 3690 4981 nostras,
3733 4905 3773 4968 i.
3819 4924 3872 4968 e.
3919 4904 4246 4982 ecelesiae,
4306 4907 4644 4971 labefactat

2706 4981 2921 5048 indies
2973 4983 3186 5067 magis
3240 5005 3316 5051 ac
3372 4993 3601 5072 magis.
3691 4988 3767 5053 si
3824 5010 3941 5055 suo
3999 4989 4285 5056 adventu
4340 5011 4642 5073 praever-

2709 5140 2860 5148 ——a——
2943 5143 2954 5146 -
3027 5141 3112 5148 --.-

2708 5240 2890 5297 1580.
2917 5240 2974 5309 1)
3005 5240 3130 5311 Ipse
3165 5239 3216 5296 9.
3254 5243 3304 5296 d.
3325 5243 3396 5298 Se
3435 5252 3475 5299 t.
3509 5211 3793 5313 respondit
3825 5246 3895 5300 ad
3929 5248 4085 5300 binas
4120 5249 4346 5318 priores,
4383 5247 4545 5316 idque
4578 5261 4642 5298 ex

2707 5309 3290 5445 ...rm
3360 5316 3382 5380 ‹
3444 5311 3665 5369 m
3695 5315 3759 5370 ····
3791 5318 4082 5386 ...W
