4900 6167
667 377 791 440 367

666 562 917 648 optimo
959 559 1239 644 principi
1282 567 1424 625 tam
1463 558 1740 626 feliciter
1793 557 1982 624 cedat
2040 577 2238 641 quam
2281 556 2620 622 nonnullis

664 650 736 715 in
771 647 1052 732 speciem
1092 645 1438 729 plausibile
1471 645 1754 710 videtur.
1842 644 2094 728 Magna
2127 649 2302 709 certe
2335 643 2623 726 pruden-

667 736 764 799 tia
806 732 1511 815 circumspectioueque
1555 751 1722 814 opus
1765 729 1862 794 illi
1906 730 2122 811 fuerit,
2165 750 2248 793 ne
2285 727 2622 794 heroicum

663 820 790 887 hoc
847 825 1075 902 pectus
1139 839 1330 883 suum
1399 818 1892 901 inexspectatus
1957 814 2064 881 hic
2127 814 2282 880 belli
2350 821 2623 880 eventus

662 906 959 989 frangat,
1027 902 1198 987 quod
1254 909 1440 968 tanta
1496 904 1601 969 vis
1653 901 2122 968 blanditiarum
2183 900 2513 964 minarum
2559 908 2626 964 et

665 993 881 1058 omnis
924 990 1182 1075 generis
1226 989 1664 1055 tentationum
1708 1009 2087 1072 expugnare
2123 987 2443 1052 haetenus
2487 1006 2623 1051 non

663 1078 894 1163 potuit.
984 1075 1275 1141 Multum
1319 1075 1620 1157 equidem
1665 1095 1896 1139 vereor
1952 1082 2024 1136 ut
2069 1071 2333 1138 Christo
2377 1073 2625 1156 pariter

667 1171 738 1228 et
782 1160 1004 1228 Garolo
1047 1161 1247 1225 huius
1290 1161 1488 1226 officii
1533 1161 1635 1226 sui
1674 1159 2064 1244 dignitatem
2099 1167 2276 1224 recte
2319 1165 2399 1222 ut
2433 1158 2625 1222 debet

666 1248 946 1333 probare
1002 1246 1226 1331 possit.
1316 1245 1451 1311 Sed
1499 1246 1850 1311 Dominum
1908 1265 2251 1328 precamur
2307 1253 2383 1307 ut
2438 1245 2622 1326 pien-

666 1335 964 1401 tissimus
1018 1334 1323 1415 princeps
1382 1339 1566 1398 tanto
1623 1330 1871 1398 vindici
1928 1352 2047 1396 suo
2090 1330 2358 1396 Christo
2401 1329 2623 1394 datam

665 1420 869 1488 semel
914 1418 1112 1484 fidem
1157 1418 1681 1484 constantissime
1725 1425 1959 1483 servet.
2049 1417 2207 1481 Dux
2257 1414 2624 1480 Via-tomber-

662 1507 878 1592 yemis
921 1504 1180 1590 magnis
1224 1511 1482 1568 tenetur
1539 1503 1862 1587 angustiis
1921 1522 1995 1568 ac
2053 1502 2318 1567 omnino
2371 1500 2621 1584 lupum,

665 1601 747 1657 ut
789 1593 976 1657 aiunt
993 1643 1010 1671 ,
1074 1591 1339 1655 auribus
1392 1588 1934 1673 comprehensum
1993 1609 2115 1654 nec
2158 1588 2446 1651 retinere
2503 1607 2622 1651 nec

668 1698 796 1763 quo
856 1699 896 1742 a
964 1698 1033 1743 se
1104 1677 1365 1742 amittat
1429 1675 1728 1740 iuvenire
1802 1681 2034 1759 potest.
2138 1673 2296 1738 Vult
2358 1672 2626 1739 Carolus

669 1780 820 1828 cum
900 1763 1037 1828 suis
1115 1761 1317 1845 copiis
1382 1781 1499 1844 per
1573 1761 1752 1825 illius
1833 1758 2143 1824 ducatum
2209 1756 2619 1824 descendere.

669 1847 867 1932 Quod
910 1849 968 1913 si
1011 1848 1254 1927 fecerit,
1296 1849 1587 1913 minatur
1631 1845 1928 1912 Albertus
1960 1842 2625 1926 Brandenburgensis

668 1935 845 2002 velle
889 1955 960 2002 se
1004 1953 1266 1998 omnem
1310 1934 1488 1998 illius
1535 1932 1851 1996 ditionem
1895 1932 2050 2015 igne
2092 1950 2167 1995 ac
2210 1929 2428 2014 gladio
2472 1949 2623 1992 vas-

665 2027 828 2087 tare.
916 2020 1065 2085 Non
1110 2019 1308 2085 audet
1364 2018 1576 2086 bonus
1628 2018 1932 2101 princeps
1976 2015 2242 2081 Caesari
2298 2016 2623 2091 resistere,

668 2113 737 2172 et
778 2115 1001 2172 tamen
1062 2106 1468 2171 Marchionis
1516 2106 1836 2188 impetum
1887 2102 2057 2166 ferre
2116 2100 2624 2184 haudquaquam

663 2193 923 2276 poterit,
969 2211 1164 2275 quem
1201 2192 1387 2256 aiunt
1429 2189 2038 2256 numerosissimum
2084 2198 2150 2252 et
2188 2187 2623 2252 instructissi-

663 2299 849 2344 mum
904 2277 1149 2343 habere
1206 2278 1584 2341 exercitum.
1676 2274 1994 2341 Servator
2050 2273 2357 2340 Christus
2417 2273 2624 2354 impe-

667 2363 873 2430 ditam
952 2362 1126 2428 hanc
1205 2363 1528 2428 rationem
1609 2359 1975 2438 commode,
2068 2357 2624 2444 quemadmodum

664 2450 847 2516 nullo
893 2448 1159 2532 negotio
1203 2455 1438 2531 potest,
1484 2447 1583 2511 illi
1627 2447 2114 2531 quamprimum
2156 2444 2481 2529 expediat.

838 2535 1234 2600 Liberarum
1281 2534 1542 2599 urbium
1603 2541 1976 2598 nostrarum
2035 2531 2344 2597 ecclesiae
2387 2532 2624 2595 misere

663 2621 800 2686 iam
857 2640 1123 2685 rursum
1188 2619 1617 2698 afflictantur,
1683 2626 1749 2684 et
1802 2638 1969 2701 quae
2018 2617 2170 2683 belli
2230 2617 2625 2683 dexteritate

665 2705 918 2772 servari
953 2712 1257 2786 poterant
1299 2704 1550 2788 perfida
1592 2705 1719 2769 ista
1761 2705 1940 2788 pacis
1977 2703 2395 2769 simulatione
2439 2704 2626 2785 peius

710 2813 865 2856 uam
909 2812 1200 2874 unquam
1246 2799 1438 2856 antea
1481 2791 1956 2873 periclitantur,
2024 2798 2095 2854 ut
2152 2789 2409 2855 discant
2476 2797 2619 2852 tan-

666 2813 816 2943 dem
861 2897 1058 2961 quam
1103 2875 1318 2943 fidelis
1376 2876 1572 2942 fuerit
1629 2877 1918 2942 monitor
1975 2876 2087 2959 qui
2132 2875 2333 2940 dixit:
2402 2874 2624 2939 Nolite

665 2963 993 3029 confidere
1036 2963 1443 3047 principibus
1488 2971 1609 3028 etc.
1701 2965 1923 3046 Atque
1978 2961 2088 3027 hic
2131 2981 2170 3025 o
2213 2969 2316 3027 ter
2360 2968 2624 3045 quater-

664 3071 792 3134 que
846 3049 1101 3116 felicem
1147 3049 1494 3115 Genevam
1552 3059 1844 3115 vestram
1859 3100 1874 3126 ‚
1933 3047 2014 3112 ad
2075 3068 2269 3131 quam
2335 3046 2625 3129 quotidie

662 3143 763 3201 tot
806 3136 1065 3203 exsules
1108 3136 1403 3201 omnium
1447 3136 1727 3201 aliarum
1771 3155 1992 3200 rerum
2034 3133 2354 3198 iacturam
2410 3131 2625 3197 levem

663 3221 1011 3300 ducentes,
1058 3227 1130 3286 ut
1173 3221 1393 3305 sponsi
1436 3243 1664 3288 vocem
1709 3221 1779 3285 iu
1823 3241 1983 3304 pace
2029 3217 2325 3295 audiant,
2384 3238 2627 3301 magua

664 3309 1037 3373 animorum
1082 3306 1419 3372 alacritate
1455 3307 1907 3390 commigrant,
1953 3325 2150 3388 quam
2187 3324 2308 3388 ego
2352 3302 2487 3368 illis
2522 3304 2624 3366 in-

661 3391 1169 3477 comparabilem
1204 3392 1573 3458 felicitatem
1610 3398 1995 3476 perpetuam
2029 3411 2172 3455 esse
2192 3389 2625 3473 flagrantibus

661 3480 836 3545 votis
880 3479 1045 3544 meis
1089 3477 1263 3561 apud
1308 3480 1557 3562 gratiae
1601 3478 1914 3543 thronum
1957 3482 2110 3560 opto
2127 3528 2143 3554 ‚
2199 3496 2435 3558 meque
2476 3474 2624 3539 illo-

660 3587 814 3632 rum
856 3564 1106 3649 pariter
1148 3573 1217 3629 et
1270 3564 1402 3629 tuis
1457 3563 1662 3629 sacris
1718 3562 2200 3646 precationibus
2256 3561 2624 3646 diligentis-

661 3653 829 3719 sime
872 3648 1288 3718 commendo:
1335 3648 1495 3732 quin
1539 3649 1741 3714 etiam
1784 3648 2186 3713 miserrimas
2223 3647 2624 3713 Germaniae

664 3737 969 3803 ecclesias
990 3757 1185 3820 quam
1209 3755 1476 3818 possum
1513 3734 1984 3805 officiosissime
2007 3734 2196 3800 vobis
2218 3731 2620 3811 commendo,

661 3845 749 3888 ne
807 3830 906 3887 tot
959 3823 1224 3908 egregia
1270 3820 1521 3887 Christi
1578 3821 1875 3886 membra
1931 3823 2109 3886 inter
2164 3820 2326 3886 istas
2390 3820 2620 3885 ruinas

664 3906 1109 3974 aedificiorum
1169 3907 1241 3984 in
1300 3928 1501 3973 arena
1555 3905 1982 3973 fundatorum
2038 3905 2487 3971 adobruantur
2552 3911 2620 3969 et

661 4002 954 4079 pereant.
1036 3992 1141 4057 Ah
1174 4015 1373 4076 quam
1408 3992 1808 4076 dissipantur
1843 4001 1911 4058 et
1946 3993 2330 4059 dilabuntur
2363 3989 2616 4055 omnia!

663 4101 862 4165 quam
905 4078 1154 4163 frigent
1197 4088 1393 4163 atque
1435 4079 1701 4145 omniu‘o
1748 4088 2009 4145 cessant
2051 4079 2119 4142 in
2155 4077 2369 4143 officio
2404 4087 2620 4161 pasto-

661 4187 773 4231 res
808 4166 1036 4230 ovium
1072 4164 1345 4244 Christi,
1389 4167 1502 4248 qui
1536 4185 1764 4231 omues
1800 4162 2273 4249 propemodum
2306 4182 2619 4246 praeseus

661 4251 996 4318 saeculum
1041 4249 1329 4336 amplexi
1370 4271 1536 4334 quae
1579 4273 1699 4318 sua
1742 4259 1900 4317 sunt
1950 4256 2279 4335 quaerunt
2322 4269 2441 4314 nec
2485 4248 2618 4314 ullo

876 4345 1034 4403 ntur
1090 4344 1208 4403 aut
1263 4347 1613 4403 moventur
1670 4338 1904 4403 domus
1945 4337 2076 4402 Dei
2135 4334 2306 4415 zelo,
2368 4345 2443 4401 ut
2498 4337 2617 4400 vix

658 4424 1055 4490 inventurus
1089 4424 1177 4489 sit
1196 4423 1541 4502 Dominus,
1578 4424 2000 4507 quantumvis
2036 4421 2387 4506 diligenter
2419 4441 2617 4506 quae-

658 4532 848 4588 reus,
907 4510 1125 4574 virum
1168 4510 1280 4593 qui
1322 4510 1701 4593 interponat
1739 4529 1962 4592 sepem
2005 4519 2073 4573 et
2114 4516 2244 4574 stet
2280 4529 2319 4573 o
2366 4509 2618 4593 positus

660 4602 890 4663 eontra
931 4616 1004 4660 se
1046 4616 1165 4679 pro
1221 4603 1399 4662 terra
1457 4617 1540 4661 ne
1596 4601 1813 4660 vastet
1855 4615 2017 4660 eam.
2049 4600 2096 4673 ¹)
2185 4530 2364 4676 Quis
2415 4595 2619 4679 igitur

657 4679 1009 4749 futurum?
1111 4680 1364 4764 Nempe
1423 4679 1595 4764 quod
1653 4679 1825 4765 apud
1884 4678 2163 4747 eundem
2226 4680 2618 4766 prophetam

658 4769 994 4853 sequitur:
1082 4766 1310 4832 Effudi
1353 4787 1550 4851 super
1592 4788 1700 4833 eos
1741 4766 2258 4852 indignationem
2300 4787 2516 4832 meam
2552 4774 2619 4831 et

658 4855 732 4920 in
775 4855 931 4940 igne
975 4853 1112 4918 irae
1148 4874 1333 4919 meae
1377 4853 1755 4937 consumpsi
1800 4875 1909 4918 eos
1951 4863 2072 4920 eto.
2141 4854 2450 4918 Christus
2496 4871 2617 4915 nos

659 4961 810 5006 cum
854 4939 1094 5024 pusillo
1140 4960 1260 5005 suo
1307 4959 1508 5024 grege
1551 4940 1911 5005 clementer
1971 4940 2277 5023 respiciat
2338 4959 2617 5022 eumque

661 5024 776 5090 illo
821 5047 939 5094 uos
983 5026 1309 5109 propitius
1354 5033 1593 5092 servet.

663 5293 836 5354 1655.
875 5299 934 5367 1)
972 5300 1172 5356 Ezeeh.
1208 5299 1293 5367 22,
1329 5299 1413 5355 30.

2177 366 2699 435 EPIS'I'OLAE
2750 369 3171 431 1655—1657

2895 555 2977 619 In
3023 576 3098 621 eo
3137 555 3306 621 bene
3349 554 3497 621 vale
3514 607 3529 634 ,
3576 557 3669 621 mi
3714 558 3946 636 amice,
4010 555 4279 623 colende
4322 556 4557 640 pariter
4592 566 4649 623 et

2726 641 3020 708 caritatis
3062 642 3230 706 mihi
3273 641 3628 708 visceribus
3668 643 4035 710 arctissime
4078 663 4335 726 semper
4356 643 4650 726 complec-

2727 726 2925 793 tende
2971 725 3228 794 Calvinae
3244 778 3261 806 ‚
3318 749 3469 794 cum
3525 730 3750 794 amicis
3803 738 3871 794 et
3926 728 4237 795 fratribus
4294 730 4405 812 qui
4447 727 4650 795 Iesum

2729 812 3073 880 Christum
3128 814 3379 880 sincere
3438 813 3740 899 diligunt.
3831 815 4121 880 Multum
4178 822 4242 878 te
4293 823 4652 880 reverenter

2729 899 2982 965 salvere
3023 899 3253 965 iubent
3296 910 3659 985 symmysta
3702 921 3887 966 meus
3930 901 4306 966 carissimus
4342 899 4652 980 Fundius,

2727 986 2810 1051 D.
2859 984 3077 1051 Maior
3119 997 3440 1070 quaestor,
3487 994 3555 1050 et
3596 989 3834 1052 caeteri
3878 986 4012 1052 tuis
4055 987 4180 1070 piis
4224 986 4399 1070 apud
4441 987 4653 1051 Domi-

2729 1093 2892 1136 num
2949 1071 3249 1156 precibus
3298 1078 3597 1139 accurate
3655 1095 3725 1138 se
3777 1072 4324 1138 commendantes.
4415 1071 4654 1137 Iterum

2729 1157 2896 1222 vale.
2986 1157 3211 1224 Bielis.
3235 1161 3293 1235 ²)

3650 1245 3722 1308 Τ.
3770 1245 4072 1310 Ambros.
4120 1244 4498 1310 Blaurerus.

3476 1383 3517 1394 μ..

3498 1557 3907 1566 -————————

3612 1791 3803 1862 1656.

3105 1945 3815 2013 MELANCH'JJHON
3863 1947 4291 2013 CALVINO.

2899 2118 2984 2183 In
3033 2117 3385 2184 Germania
3427 2121 3636 2184 omnia
3678 2140 3908 2202 susque
3950 2121 4167 2201 deque.-
4213 2118 4365 2183 bella
4414 2117 4577 2183 domi
4614 2121 4661 2181 et

2724 2204 2902 2287 foria

2731 2374 2927 2437 (Manu
2960 2376 3164 2445 scripta
3197 2392 3307 2429 non
3342 2382 3537 2430 exstat.
3609 2375 3797 2429 Edidit
3831 2378 3977 2430 Beza
4013 2375 4141 2430 Gen.
4179 2394 4232 2445 p.
4271 2375 4392 2443 107,
4427 2376 4581 2430 Laus.
4613 2393 4662 2444 p.

2729 2441 2850 2505 238,
2887 2444 3097 2498 Hanov.
3134 2462 3187 2513 p.
3227 2444 3345 2510 267,
3384 2445 3595 2500 Ohouet
3627 2462 3681 2514 p.
3721 2446 3818 2499 144
3887 2447 4062 2499 Amet.
4100 2464 4156 2515 p.
4193 2442 4275 2498 66.
4348 2444 4557 2500 Reeusa
4589 2452 4663 2497 est

3314 2516 3371 2568 in
3406 2516 3564 2584 Corp.
3600 2515 3718 2568 Res.
3757 2489 4094 2580 V1²1.1085.)

2903 2685 3295 2751 Reverende
3341 2687 3480 2763 vir,
3540 2694 3607 2751 et
3666 2687 3999 2753 carissime
4056 2685 4289 2764 frater,
4347 2706 4543 2770 saepe
4592 2684 4664 2748 ad

2730 2779 2797 2836 te
2841 2772 3219 2850 scriberem,
3277 2772 3334 2837 si
3378 2772 3750 2837 tabellarios
3793 2781 4002 2839 certos
4046 2772 4374 2838 haberem.
4466 2771 4665 2838 Collo-

2729 2857 2841 2938 qui
2885 2857 3082 2922 etiam
3124 2856 3389 2922 mallem
3434 2856 3513 2921 de
3556 2858 3749 2923 rebus
3785 2858 4192 2942 gravissimis
4226 2859 4489 2925 multis:
4530 2857 4665 2942 quia

2730 2948 2796 3008 et
2838 2942 3153 3008 iudicium
3199 2950 3388 3006 tuum
3431 2944 3656 3028 magni
3698 2944 3861 3010 facio
3879 2995 3893 3022 ,
3952 2952 4018 3009 et
4059 2944 4190 3010 scio
4234 2946 4666 3029 integritatem

2729 3028 2930 3093 animi
2976 3037 3043 3093 et
3085 3027 3434 3094 candorem
3477 3030 3547 3094 in
3605 3037 3672 3095 te
3715 3051 4044 3096 summum
4088 3052 4245 3096 esse.
4336 3031 4531 3097 Nunc
4582 3030 4666 3094 ita

2729 3114 2885 3182 vivo
2930 3110 3138 3195 ὥσπερ
3191 3110 3322 3189 ὄνος
3364 3117 3423 3178 ἓν
3467 3124 3767 3198 σφηκίαις.
3872 3114 4008 3182 Sed
4064 3117 4358 3182 fortassis
4421 3139 4502 3184 ex
4556 3117 4666 3181 hac

2729 3200 2990 3266 mortali
3034 3201 3171 3266 vita
3213 3200 3294 3265 ad
3349 3200 3696 3286 collegium
3750 3204 3818 3265 in
3877 3202 4053 3268 coelo
4107 3202 4451 3269 candidius
4494 3201 4665 3268 brevi

2730 3285 3051 3352 accedam.
3140 3286 3359 3352 Audio
3411 3288 3838 3353 Franciscum
3883 3287 4303 3371 Dryandrwm
4368 3281 4507 3354 hac‘
4535 3309 4663 3354 aes-

2731 3378 2865 3437 tate
2926 3372 3101 3455 apud
3160 3381 3225 3438 te
3270 3372 3487 3439 fuisse.
3517 3375 3568 3460 ¹)
3656 3372 3846 3453 Mihi,
3891 3374 3948 3440 si
3992 3374 4236 3452 vivam,
4281 3395 4461 3440 nova
4503 3373 4663 3440 exsi-

2727 3456 2819 3522 lia
2872 3458 3276 3542 expectanda
3333 3468 3504 3524 sunt.
3593 3458 3815 3541 Quare
3873 3460 3928 3524 si
3994 3459 4355 3526 cedendum
4415 3461 4538 3525 erit
4588 3481 4663 3525 ex

2730 3542 2834 3608 his
2876 3544 3053 3624 locis,
3096 3544 3376 3630 colloqui
3418 3552 3635 3611 tecum
3695 3545 3970 3612 decrevi.
3996 3547 4052 3629 ²)
4142 3543 4379 3611 Studia
4439 3545 4662 3611 doctri-

2727 3649 2965 3695 narum
3006 3631 3079 3694 in
3120 3630 3226 3696 his
3282 3631 3657 3717 regionibus
3715 3630 4063 3696 mediocria
4106 3632 4394 3698 fuerunt.
4483 3632 4663 3697 Nunc

2929 3922 2991 3986 2)
3026 3922 3253 3977 Annum
3287 3926 3508 3979 omnino
3553 3924 3691 3978 1552
3741 3925 4159 3980 adscribendum
4206 3942 4317 3980 esse
4362 3941 4516 3981 nemo
4561 3937 4663 3976 non

2721 3989 2884 4054 videt,
2909 3992 3190 4059 etquidem
3206 4008 3436 4046 mensem
3564 3995 3822 4049 tembrem.
3863 3994 3985 4047 Pax
4015 3995 4566 4064 Passaviensisfacta
4592 3995 4663 4044 est

2721 4057 2774 4111 2.
2812 4059 3082 4128 Αιιριιειὶ,·
3130 4060 3353 4115 Elector
3388 4063 3471 4115 Io.
3579 4063 3849 4117 riderieus
3900 4064 4084 4116 statim
4130 4070 4253 4130 post
4303 4066 4661 4131 expuynatuu

2725 4127 3237 4197 Ekrenberyianam
3271 4132 3546 4184 castellam
3582 4133 3635 4184 d.
3671 4130 3752 4184 19.
3775 4131 3930 4185 Maii
3960 4148 3997 4181 a
4018 4132 4213 4186 Oarolo
4248 4133 4492 4187 libertati
4519 4129 4662 4185 resti·

2721 4203 2872 4252 Mae
2903 4198 3105 4263 fuerat,
3143 4214 3209 4251 ea
3245 4203 3423 4253 tamen
3457 4200 3567 4280 lege
3599 4206 3662 4254 at
3695 4200 4038 4322 αῑιέιιᾳηιάία
4068 4208 4258 4266 sponte
4284 4201 4660 4270 lmporatoren·

2722 4272 3048 4402 aare
3075 4264 3287 4417 ..2.τέ
3312 4268 4205 4417 assa.‘2⁸‘.5....²2.⁶a⁹;.3.1.¹.,
4220 4265 4661 4414 tta-..m

2719 4404 2934 4472 longam
2955 4410 3323 4473 captivatorem
3357 4422 3419 4457 m
3454 4420 3609 4459 suam
3643 4405 3899 4461 ditionem
3917 4422 4161 4461 reversae
4177 4412 4269 4460 est.
4323 4405 4467 4460 Dua:
4490 4404 4659 4460 Olum-

2717 4474 2982 4540 tophorus
2998 4475 3182 4528 neutri
3207 4474 3360 4541 parts·
3392 4474 3628 4529 durante
3659 4476 3792 4530 bello
3824 4476 4193 4543 adstipulatus
4227 4482 4366 4531 erat.
4419 4476 4661 4529 Alba-tus

2720 4541 2964 4596 marchio
2985 4557 3174 4609 pacem
3197 4558 3459 4610 respuens
3491 4546 3552 4597 in
3588 4543 3928 4606 Francom'a,
3968 4545 4182 4613 Suevia,
4217 4551 4268 4598 et
4301 4545 4381 4599 ad
4419 4543 4659 4598 Rhenum

2720 4610 2917 4665 bellare
2937 4627 3049 4665 non
3069 4611 3351 4666 desinebat
3382 4618 3576 4667 eontra
3608 4614 3768 4668 urbes
3803 4622 3852 4668 et
3885 4621 4061 4668 status
4092 4613 4493 4678 eeclesiastico&
4530 4610 4658 4678 epis·

2720 4679 2873 4747 cop&
2891 4677 3283 4750 Bamberyensi
3309 4679 3719 4751 Wirzbaraensi
3738 4683 4067 4752 Moqnmtino
4105 4681 4421 4736 stevirenei
4441 4679 4659 4736 vastatis

2719 4763 2907 4802 eorum
2932 4749 3169 4803 castellis
3189 4754 3239 4802 et
3260 4752 3414 4819 ayris
3426 4753 3712 4819 pecuniam
3730 4757 4068 4821 extorquens,
4101 4751 4253 4817 (vide
4267 4766 4351 4820 ep.
4374 4766 4481 4820 aeq.
4504 4746 4657 4803 Slee'd.

2716 4833 2774 4886 p.
2800 4815 2950 4885 381),
2996 4818 3128 4871 dum
3174 4816 3689 4889 wirtember-qenais,
3735 4822 3832 4891 qui
3880 4836 4002 4875 eum
4051 4820 4413 4875 Ferdinando
4458 4819 4525 4873 de
4568 4832 4657 4871 suo

2720 4886 2925 4940 ducatu
2960 4902 3129 4957 usque
3160 4888 3207 4940 l·
3239 4888 3250 4899 ‘
3282 4889 3427 4950 abat,
3461 4885 3512 4944 d.
3548 4889 3597 4943 6.
3616 4891 3858 4958 Auqusti
3886 4895 4178 4943 tractatum
4360 4893 4369 4900 '
4406 4904 4517 4941 rem
4540 4902 4653 4940 sau·

2719 4955 2971 5009 ciendum
3003 4956 3222 5010 curavit
3270 4957 3480 5024 Pfister,
3507 4957 3613 5012 Ηε.
3640 4957 4012 5026 Christoph.1.
4034 4957 4151 5011 208.
4249 4957 4403 5028 aqler
4436 4958 4485 5011 Ι.
4520 4954 4654 5017 231).

2720 5023 3082 5102 ᾉ656.1)σι
3211 5024 3223 5036 ‘
3369 5029 3553 5095 prima
3600 5027 3848 5081 simulet
3890 5028 4083 5081 catium
4126 5028 4254 5082 viee.
4331 5025 4655 5082 obiam

2718 5109 2833 5147 nam
2877 5109 3055 5147 mense
3100 5041 3400 5150 ffloembri.
3471 5096 3826 5165 Arymoratt'
3873 5095 4095 5166 deyebat
4138 5112 4203 5149 ex
4255 5112 4361 5165 quo
4408 5093 4655 5162 Anqlcam

2718 5162 3030 5231 reliquerat.
3103 5163 3412 5231 (Boehmem
3451 5164 3690 5234 Spanish
3723 5162 4015 5228 reformers
4050 5165 4090 5218 Ι.
4128 5164 4229 5218 153
4264 5165 4394 5234 seq.)

2810 5299 2818 5309 ·
2927 5230 2989 5296 2)
3030 5230 3266 5300 Propter
3315 5241 3517 5302 pestem
3570 5233 3902 5287 universitas
3959 5233 4286 5302 Toryaviam
4328 5235 4656 5302 miyraverat

2718 5300 2815 5355 abt
2851 5300 3013 5354 etiam
3050 5303 3182 5355 haec
3217 5303 3439 5371 epistola
3472 5302 3679 5370 σαίρω
3711 5301 3836 5366 fuit.

4536 372 4643 433 368
4733 425 4741 435 .
