4900 6167
684 445 767 505 67
2176 425 2703 498 EPISTOLAE
2753 433 3000 495 1459-
3014 432 3166 494 1461
4597 432 4673 494 68

674 650 831 713 pore
868 634 1033 706 erat,
1078 628 1360 695 ecclesiae
1402 625 1786 692 mcessitates
1827 623 2132 708 depingit,
2175 622 2404 686 librum
2446 639 2632 686 suum

683 734 800 781 our
840 715 1112 780 nondum
1152 713 1417 779 ediderit
1458 712 1785 795 siynifi'cat.

1002 885 1114 950 (Ex
1149 885 1485 955 autographo
1520 884 1649 938 God.
1687 882 1887 936 Gener.
1928 879 2044 943 115,
2079 880 2172 935 sol.
2210 878 2316 943 10.)

682 1058 1078 1123 Doctissimo
1116 1058 1256 1122 viro
1300 1063 1496 1140 atque
1554 1053 2025 1121 humanissimo
2074 1053 2322 1118 homini
2366 1050 2450 1115 D.
2500 1049 2628 1116 Oa·

1114 1143 1252 1208 rolo
1294 1141 1584 1208 Passelio
1620 1142 1826 1206 amico
1860 1139 2195 1222 singulari.

853 1280 1124 1364 Aliquot
1165 1277 1391 1344 diebus
1435 1290 1587 1345 ante
1630 1276 1781 1341 misi
1822 1276 1905 1340 ad
1950 1287 2014 1340 te
2058 1276 2278 1340 literas
2302 1278 2350 1352 ¹)
2394 1275 2628 1357 quibus

682 1376 746 1430 te
789 1376 857 1432 et
898 1366 979 1432 de
1019 1366 1408 1449 gravissimo
1455 1364 1749 1428 Ferronii
1773 1364 1829 1438 ⁸²)
1873 1384 2029 1428 casu
2073 1370 2141 1426 et
2176 1360 2256 1425 de
2300 1359 2427 1425 alia
2470 1380 2626 1443 qua-

680 1454 858 1536 piam
904 1474 973 1517 re
1018 1451 1177 1515 mihi
1238 1474 1277 1516 a
1334 1450 1652 1514 fratribus
1710 1450 1821 1532 qui
1878 1459 2034 1513 sunt
2076 1447 2145 1511 in
2197 1446 2318 1512 hac
2363 1447 2628 1511 civitate

680 1537 1130 1602 commendata
1173 1539 1513 1602 certiorem
1550 1536 1685 1599 feci.
1756 1535 1892 1600 Eas
1931 1533 2153 1597 literas
2191 1532 2339 1597 dedi
2378 1532 2628 1596 homini

678 1625 1042 1706 propinquo
1086 1623 1289 1705 ipsius
1336 1621 1662 1696 Ferronii,
1729 1622 1786 1683 ei
1849 1621 1958 1701 qui
2010 1620 2281 1683 alteram
2339 1638 2624 1683 sororem

677 1711 742 1773 in
804 1709 1221 1773 matrimonio
1287 1706 1487 1771 habet
1549 1718 1615 1769 et
1682 1705 2079 1770 Lausannae
2143 1705 2212 1768 in
2280 1704 2626 1788 gymnasio

678 1795 1022 1878 pueritiam
1070 1792 1281 1869 docet,
1329 1815 1369 1857 a
1411 1813 1538 1874 quo
1584 1800 1744 1873 puto
1788 1792 1918 1856 iam
1966 1792 2084 1855 tibi
2130 1788 2416 1854 reddit-as
2463 1811 2622 1853 esse.

677 1879 810 1946 Sed
856 1882 923 1944 in
968 1879 1158 1943 modo
1211 1880 1581 1960 rationeque
1625 1876 1765 1941 eius
1811 1876 2135 1958 naufragii
2172 1875 2478 1938 nonnihil
2521 1895 2623 1938 er-

677 1967 839 2031 ravi.
930 1964 1096 2038 Nam
1157 1977 1230 2029 ut
1273 1985 1353 2028 ex
1424 1985 1626 2028 uxore
1682 1961 1860 2028 illius
1920 1962 2152 2027 molius
2209 1971 2430 2044 postea
2474 1981 2621 2041 cog-

676 2053 863 2129 novi,
919 2072 1048 2116 non
1097 2052 1221 2116 fuit
1264 2048 1421 2115 illud
1482 2051 1921 2133 fragmentum
1983 2047 2461 2131 conglaciatum
2506 2067 2625 2129 per

678 2139 962 2203 Liserim
1008 2138 1294 2201 delatum
1344 2158 1469 2219 quo
1516 2135 1702 2198 navis
1747 2143 1847 2199 est
1889 2133 2218 2213 dissoluta,
2264 2133 2377 2197 scd
2422 2152 2624 2214 quum

676 2235 919 2289 terram
977 2224 1299 2308 legerent,
1372 2242 1581 2303 neque
1650 2220 1856 2303 frigus
1915 2220 2196 2301 amplius
2255 2221 2388 2283 iam
2448 2217 2622 2282 ferre

675 2322 970 2394 possent,
1029 2308 1289 2391 quidam
1336 2308 1554 2371 minus
1600 2305 1885 2389 patiens,
1948 2305 2341 2369 reclamante
2387 2305 2623 2387 guber-

676 2408 940 2471 natore,
998 2418 1066 2459 se
1111 2395 1176 2458 in
1236 2405 1475 2457 terram
1523 2413 1559 2456 e
1607 2392 1756 2455 navi
1812 2390 2087 2456 deiicere
2134 2390 2368 2466 voluit,
2429 2400 2623 2471 atque

676 2482 767 2545 ita
809 2481 1092 2568 pondere
1136 2482 1206 2543 in
1249 2480 1519 2543 alteram
1561 2489 1814 2560 partem
1850 2478 2150 2561 graviore
2184 2497 2423 2540 navem
2469 2475 2621 2539 sub-

680 2570 891 2631 vertit.
1022 2567 1152 2630 Diu
1230 2564 1575 2629 Ferronius
1662 2563 1931 2645 pellicea
2012 2577 2191 2626 veste
2287 2561 2621 2626 involutus

674 2674 861 2737 opem
898 2652 1253 2735 implorans
1293 2653 1363 2714 in
1400 2651 1544 2733 ipsa
1589 2670 1755 2731 aqua
1791 2647 2122 2713 laboravit.
2195 2647 2382 2713 Alius
2418 2667 2619 2729 quum

677 2740 853 2803 illius
918 2759 1132 2802 arcam
1193 2738 1580 2819 arripuisset
1638 2736 1695 2798 ei
1761 2736 2067 2799 innatans
2125 2736 2432 2798 enatavit.
2540 2731 2622 2796 In

672 2825 816 2908 ipsa
859 2844 1009 2889 arca
1052 2833 1239 2888 erant
1280 2821 1542 2905 quidam
1588 2821 1769 2899 libri,
1830 2829 1902 2884 ιιι
1944 2820 2184 2884 similia
2227 2820 2510 2894 collecta,
2558 2826 2626 2881 et

675 2910 785 2973 alii
824 2909 1089 2993 quidam
1132 2929 1293 2992 quos
1336 2907 1419 2972 ad
1463 2908 1832 2989 episcopum
1880 2908 2139 2970 mittere
2174 2907 2619 2971 constituerat.

675 2996 826 3079 Ipse
867 2996 1325 3077 Monspessum
1371 2992 1451 3056 ad
1496 2990 1887 3057 medicinam
1920 2992 2145 3056 relicta
2183 2991 2510 3074 theologia
2552 3010 2622 3055 se

674 3083 968 3147 conferre
1010 3079 1287 3145 volebat.
1380 3078 1535 3142 Vidi
1593 3077 1816 3142 literas
1860 3079 1997 3142 eius
2052 3093 2204 3142 ante
2249 3075 2329 3141 ad
2375 3077 2620 3158 cpisco-

718 3188 831 3232 um
867 3167 1144 3249 scriptas
1188 3185 1350 3247 quas
1394 3163 1569 3228 illius
1615 3185 1780 3228 uxor
1814 3164 1977 3227 mihi
2015 3161 2328 3229 ostendit:
2377 3164 2442 3226 in
2478 3162 2620 3245 qui-

717 3273 797 3319 us
831 3274 908 3317 ea
951 3252 1031 3317 de
1074 3271 1192 3316 sua
1233 3250 1302 3314 in
1347 3272 1381 3314 e
1428 3249 1643 3334 iscopo
1668 3253 1716 3329 ³)
1762 3249 1998 3315 fiducia
2056 3259 2249 3331 atque
2304 3268 2419 3331 spe
2463 3247 2619 3312 scri-

670 3336 899 3415 bebat,
963 3347 1036 3402 ut
1076 3336 1315 3402 oblitus
1430 3337 1490 3400 ei
1558 3336 1751 3419 plane
1795 3357 1937 3401 esse
1996 3333 2346 3400 videretur.
2436 3332 2621 3398 Haec

674 3444 794 3510 ego
836 3423 916 3489 ad
955 3433 1019 3487 te
1059 3422 1269 3487 scribo
1313 3431 1390 3486 ut
1434 3433 1504 3486 tu
1541 3420 1747 3486 intelli
1799 3444 1870 3486 as
1914 3443 2019 3486 mc
2064 3442 2194 3486 non
2240 3421 2383 3486 sine
2426 3440 2623 3486 causa

673 3521 826 3576 ante
870 3510 1207 3587 metuisse,
1266 3528 1466 3591 quum
1510 3507 1698 3571 illum
1807 3507 1862 3572 'c
1904 3507 1997 3571 ita
2040 3515 2368 3572 mutatum
2411 3504 2622 3589 perci-

672 3615 910 3679 perem.
1002 3595 1170 3659 Nam
1222 3595 1348 3659 nisi
1394 3593 1717 3658 Dominus
1777 3614 1892 3676 per
1957 3613 2061 3658 me
2119 3590 2435 3676 quosdam
2480 3590 2621 3673 pios

640 3683 743 3745 *in
790 3703 906 3745 suo
962 3680 1196 3745 timore
1253 3680 1731 3756 confirmasset,
1795 3680 1923 3742 iam
1971 3677 2052 3742 ad
2110 3697 2254 3742 eam
2300 3678 2621 3740 rationem

676 3766 1073 3831 traduxisset
1115 3785 1280 3849 quae
1322 3785 1579 3830 summa
1621 3773 1735 3827 aut
1790 3786 1937 3829 cum
1984 3762 2267 3845 pernicie
2310 3773 2425 3825 aut
2470 3781 2619 3843 poe·

676 3851 972 3917 nitudine
1039 3852 1386 3917 coniuncta
1448 3863 1634 3915 esset.
1737 3847 1871 3914 Sed
1936 3848 2016 3913 de
2088 3848 2200 3912 illo
2258 3846 2618 3912 hactenus:

674 3938 789 4021 qui
853 3936 1114 4021 quidem
1172 3938 1529 4021 praemium
1596 3935 1781 3999 factis
1834 3935 1970 3999 suis
2038 3932 2311 4018 dignum
2372 3932 2617 3997 habuit.

677 4023 812 4089 Nos
856 4024 995 4088 eius
1038 4023 1333 4105 exemplo
1375 4042 1450 4087 ac
1494 4019 1809 4104 supplicio
1854 4021 2181 4103 sapiamus
2226 4019 2618 4083 Dominum-

674 4131 800 4192 que
843 4119 1225 4173 metuamus.
1317 4108 1417 4171 De
1462 4106 1670 4170 altero
1718 4106 1825 4188 pio
1846 4109 1901 4184 ⁴)
1949 4106 2056 4189 qui
2103 4115 2205 4170 est
2246 4106 2315 4169 in
2360 4125 2619 4170 carcere

675 4206 978 4277 exspecto
1024 4203 1171 4258 tuas
1216 4193 1453 4258 literas.

847 4281 946 4344 De
994 4280 1239 4343 ratione
1286 4300 1503 4343 rerum
1548 4298 1840 4342 mearum
1876 4298 2040 4342 uxor
2083 4277 2166 4342 ad
2202 4298 2307 4341 me
2341 4277 2618 4360 scripsit,

676 4375 888 4430 totum
933 4367 1263 4450 negotium
1310 4387 1350 4429 a
1391 4364 1703 4429 fratribus
1740 4366 1875 4430 suis
1912 4364 2115 4429 nostri
2152 4363 2620 4429 amantissimis

672 4452 763 4516 ita
798 4464 1171 4534 susceptum
1213 4464 1286 4516 ut
1319 4452 1389 4515 in
1419 4473 1495 4516 eo
1530 4449 1819 4515 curando
1853 4470 2176 4516 summam
2214 4448 2620 4533 diligentiam

671 4538 1044 4604 adhibeant.
1133 4537 1288 4622 Ipsa
1331 4559 1488 4602 vera
1529 4538 1621 4600 ita
1666 4547 1766 4602 est
1807 4538 2191 4602 confirmata
2234 4545 2308 4599 ut
2350 4555 2620 4619 magno-

674 4645 827 4710 pere
871 4645 974 4689 me
1020 4635 1205 4708 roget
1248 4631 1324 4688 ut
1384 4622 1463 4686 ad
1526 4643 1643 4686 vos
1687 4642 1879 4704 quam
1926 4623 2210 4706 primum
2256 4641 2361 4686 me
2404 4621 2620 4688 confe-

672 4732 831 4788 ram,
878 4731 997 4794 per
1041 4731 1281 4792 vosque
1326 4708 1621 4774 homines
1665 4708 2087 4774 amicissimos
2124 4720 2318 4790 atque
2362 4706 2619 4773 carissi-

592 4995 633 5006 ..
663 4951 851 5005 1459.
874 4949 930 5014 1)
969 4949 1294 5018 deperditas.

874 5016 931 5083 2)
972 5017 1121 5072 Num
1154 5019 1272 5072 eius
1305 5021 1403 5089 qui
1434 5019 1560 5072 olim
1600 5016 1990 5072 Genevensium
2025 5015 2271 5069 mim‘ster
2301 5013 2532 5080 fuerat?

874 5085 934 5218 ἓξ
970 5101 1133 5208 ἕαδε
1170 5154 1538 5209 Nemausensi
1581 5155 1817 5225 quuitur
1864 5154 2101 5220 coqitare
2136 5152 2317 5221 possis
2352 5150 2417 5205 de
2457 5150 2619 5206 Petro

671 5225 738 5278 de
776 5224 1002 5289 Lavau,
1036 5237 1189 5294 quem
1226 5224 1488 5347 supplicio
1523 5225 1770 5304 affec-tum
1803 5224 1977 5286 fuisse
2012 5222 2202 5276 docent
2228 5219 2387 5303 fleat.
2421 5220 2545 5274 ecel.
2580 5221 2617 5274 1.

668 5293 759 5417 24*
757 5292 1061 5416 ‘erm-1323?
1089 5309 1145 5362 p.
1179 5293 1231 5346 6.
1360 5308 1508 5347 crum
1543 5300 1727 5361 ponus
1773 5292 1839 5346 cle
1874 5290 2236 5361 Luydunenu
2284 5304 2502 5345 earcere
2537 5287 2616 5343 do·

2735 638 2879 684 mos
2901 617 3185 700 aliquam
3215 615 3651 683 conditionem
3695 618 4044 697 inveniam,
4079 639 4208 701 qua
4241 638 4313 682 se
4348 626 4676 702 totamque

2735 702 3052 769 familiam
3107 701 3282 769 alere
3337 706 3599 787 possim.
3686 701 3872 770 Haec
3928 710 4029 770 est
4066 703 4400 769 muliebris
4439 702 4677 769 sollici·

2735 790 2926 868 tudo,
2972 810 3167 872 quam
3221 791 3409 855 auxit
3450 791 3649 855 etiam
3693 789 3910 871 puella
3952 810 4148 872 quam
4193 790 4479 855 Domino
4522 788 4677 854 dum

2735 876 2843 942 hic
2881 875 3113 942 adsum
3135 875 3407 959 peperit,
3446 884 3642 960 atque
3663 875 3744 940 ad
3769 882 4058 941 caeteros
4101 887 4379 958 quatuor
4422 875 4677 955 liberos,

2733 971 2868 1027 tres
2888 961 3212 1028 masculos
3239 981 3456 1026 *unam
3478 960 3785 1046 puellam,
3832 982 4057 1027 omnes
4099 963 4401 1046 egregiae
4423 960 4680 1041 indolis,

2733 1047 3052 1114 adiunxit.
3098 1047 3244 1132 Ego
3267 1068 3528 1114 omnem
3553 1045 3855 1114 fiduciam
3882 1069 4192 1132 spemque
4216 1070 4430 1115 meam
4453 1049 4525 1112 in
4549 1048 4680 1114 Do-

2732 1135 2910 1198 mino
2934 1134 3028 1198 ita
3073 1135 3185 1198 fixi
3223 1155 3298 1199 ac
3339 1133 3553 1200 locavi
3578 1144 3652 1198 ut
3673 1154 4058 1218 quocunque
4095 1157 4200 1200 me
4243 1136 4579 1200 vocaverit
4614 1149 4680 1200 et

2735 1239 3123 1302 quocunque
3147 1219 3358 1299 modo,
3403 1222 3544 1285 sine
3566 1220 3702 1284 ulla
3731 1221 4136 1286 recusatione
4162 1231 4276 1287 aut
4299 1223 4678 1305 exceptione

2731 1306 2855 1371 sim
2879 1313 3298 1389 sequuturus,
3322 1315 3496 1372 certo
3518 1306 3729 1371 sciens
3753 1327 3873 1372 nec
3901 1306 4062 1372 mihi
4091 1330 4210 1373 nec
4233 1309 4396 1373 meis
4419 1307 4680 1373 defutu-

2732 1413 2896 1471 rum,
2921 1393 2986 1456 in
3012 1392 3193 1458 cuius
3223 1392 3484 1474 quidem
3510 1392 3638 1457 fide
3661 1403 3856 1474 atque
3878 1413 3998 1475 ope
4021 1394 4115 1458 ita
4138 1395 4471 1477 acquiesco
4494 1405 4572 1459 ut
4616 1405 4681 1460 te
4741 1460 4746 1464 .

2730 1479 3138 1542 carissimum
3187 1478 3450 1543 fratrem
3496 1499 3698 1543 unum
3742 1499 3783 1541 a
3815 1499 3944 1561 quo
3990 1501 4094 1544 me
4137 1478 4426 1546 fraterne
4472 1482 4681 1546 amari

2730 1564 2948 1629 sciam.
2975 1568 3025 1646 ⁵)
3116 1562 3309 1645 Quod
3356 1586 3555 1646 quum
3602 1565 3698 1628 ita
3742 1564 3844 1642 sit,
3891 1564 4046 1648 quid
4090 1577 4191 1631 est
4234 1589 4351 1632 cur
4394 1587 4515 1651 ego
4551 1566 4680 1631 sol-

2730 1649 3132 1716 licitudinem
3178 1650 3486 1715 maiorem
3523 1670 3753 1733 capere
3788 1648 4104 1716 debeam?
4173 1651 4400 1735 Itaque
4445 1661 4680 1718 nactus

2732 1734 2840 1799 hic
2913 1737 3315 1800 occasionem
3379 1757 3505 1818 qua
3574 1734 3860 1801 Domino
3925 1737 4032 1804 hic
4097 1759 4316 1803 meum
4389 1738 4682 1805 officium

2731 1835 3060 1904 praestare
3107 1822 3378 1903 possim,
3434 1824 3525 1886 ita
3559 1843 3701 1886 eam
3747 1844 3892 1887 sum
3950 1823 4292 1907 amplexus
4351 1836 4424 1890 ut
4470 1833 4682 1889 totum

2729 1909 3128 1973 matutinum
3176 1923 3431 1990 tempus
3496 1909 3568 1971 in
3627 1907 3752 1991 piis
3806 1908 4269 1976 confirmandis
4324 1910 4682 1976 instituen-

2731 1992 2961 2076 disque
3006 2014 3404 2072 consumam,
3454 1992 3733 2076 reliquas
3771 1993 4249 2076 pomeridianas
4284 1994 4477 2060 horas
4513 1996 4681 2060 cice-

2733 2081 3035 2144 ronianae
3081 2078 3339 2144 lectioni
3394 2088 3590 2161 atque
3649 2079 4087 2144 emendationi
4144 2080 4448 2146 tribuam.
4541 2079 4682 2146 Sed

2728 2186 2847 2248 ego
2892 2186 3061 2229 unus
3119 2176 3380 2246 propter
3439 2164 3920 2230 multitudinem
3980 2185 4056 2229 ac
4119 2167 4505 2232 varietatem
4564 2167 4683 2231 ho·

2730 2252 2980 2314 minum
3027 2249 3317 2315 fidelium
3365 2272 3494 2314 non
3543 2272 3805 2333 possum
3851 2250 4000 2317 huic
4046 2255 4302 2317 muneri
4346 2275 4465 2336 par
4510 2274 4678 2318 csse.

2729 2335 2915 2419 Opus
2960 2346 3061 2400 est
3104 2334 3399 2418 pluribus
3443 2336 3742 2401 fidelibus
3786 2358 3861 2402 ac
3918 2336 4347 2419 prudentibus
4394 2338 4679 2404 doctori·

2729 2423 2848 2487 bus
2892 2423 3005 2505 qui
3052 2423 3121 2485 in
3166 2430 3349 2486 tanta
3405 2423 3671 2487 civitate
3717 2435 3936 2488 coetus
4001 2435 4490 2507 conventusque
4535 2425 4680 2508 pios

2727 2508 2968 2573 habere
3012 2521 3204 2590 atquo
3248 2507 3578 2574 celebrare
3620 2510 3887 2592 possint.
3959 2508 4191 2592 Itaque
4236 2512 4288 2575 si
4330 2532 4444 2576 vos
4481 2512 4679 2577 istinc

2728 2605 3039 2677 tanquam
3080 2595 3405 2677 apostolos
3441 2594 3810 2671 mitteretis,
3859 2597 3965 2677 qui
4003 2606 4069 2659 et
4103 2595 4383 2661 fideliter
4419 2613 4484 2661 et
4519 2619 4682 2679 pru-

2728 2678 2956 2745 denter
3000 2679 3121 2745 hoc
3168 2701 3404 2744 munus
3448 2681 3626 2745 obire
3670 2680 3933 2758 vellent,
3980 2703 4108 2747 non
4159 2682 4323 2747 male
4368 2683 4682 2750 ecclesiae

2727 2766 3165 2831 consuleretis.
3277 2765 3443 2829 Nam
3513 2764 3671 2831 haec
3736 2787 3868 2829 una
3935 2775 4034 2832 est
4098 2767 4296 2832 ianua
4361 2789 4527 2851 quae
4594 2768 4679 2833 ad

2728 2851 3142 2934 evangelium
3187 2849 3691 2932 praedicandum
3737 2851 3869 2915 iam
3907 2862 4127 2934 patere
4165 2851 4477 2919 videatur.
4547 2854 4681 2922 Illa

2728 2951 2881 3004 vero
2924 2958 3089 3021 quae
3130 2947 3228 3001 cst
3271 2936 3398 3001 sita
3441 2937 3507 3000 in
3552 2934 3810 3019 publico
3868 2949 4061 3020 atque
4103 2947 4328 3021 aperto
4374 2941 4681 3007 ecclesia-

2728 3046 2871 3089 rum
2919 3023 3279 3088 ministerio
3323 3024 3414 3086 ita
3456 3033 3556 3088 est
3598 3022 3853 3099 clausa,
3915 3032 3988 3087 ut
4046 3024 4267 3090 nullus
4325 3026 4503 3093 locus
4548 3029 4682 3110 piis

2726 3132 2801 3176 ac
2865 3108 3165 3174 fidelibus
3221 3109 3539 3173 ministris
3599 3109 3860 3174 relictus
3918 3110 4020 3174 sit.
4125 3110 4296 3177 Nam
4366 3133 4444 3176 ea
4500 3135 4679 3179 nunc

2725 3193 2986 3279 quidem
3030 3203 3211 3278 patet
3269 3192 3483 3258 solum
3528 3193 3866 3260 mendacio
3910 3204 4103 3279 atque
4138 3197 4480 3280 impietati.
4570 3200 4679 3264 Tu

2725 3304 2841 3366 pro
2886 3291 3000 3346 tua
3033 3278 3502 3345 consuetudine
3547 3280 3904 3346 Dominum
3949 3283 4220 3366 rogabis·
4252 3291 4329 3348 ut
4370 3305 4476 3350 me
4518 3304 4679 3351 con-

2724 3368 2869 3435 silio
2914 3367 3183 3450 spiritus
3237 3367 3338 3431 sui
3398 3366 3749 3449 gubernet,
3809 3366 4221 3451 eiusdemque
4280 3369 4527 3436 virtute
4584 3372 4682 3437 ita

2725 3456 3082 3533 confirmet,
3128 3461 3203 3516 ut
3258 3452 3429 3518 hanc
3474 3455 3614 3520 eius
3654 3454 4176 3518 communionem·
4220 3476 4683 3540 summamque

2725 3548 3095 3606 sanctorum
3144 3539 3666 3604 coniunctionem
3723 3559 3930 3621 usque
3985 3536 4067 3603 ad
4134 3540 4436 3606 ultimum
4493 3543 4685 3609 vitae

2726 3626 2898 3690 diem
2946 3626 3113 3689 tueri
3149 3635 3216 3687 et
3256 3644 3491 3689 ornare
3533 3626 3792 3708 possim.
3862 3624 4026 3690 Eius
4070 3626 4284 3708 gratia
4317 3628 4403 3691 sit
4439 3634 4685 3708 tecum,

2724 3712 2941 3775 frater.
2989 3710 3082 3791 vij
3128 3709 3371 3774 Martii.

3827 3795 4010 3860 'I'uus
4055 3796 4222 3881 App.
4269 3795 4498 3863 Claud.

2895 3984 3170 4050 Librum
3212 4004 3428 4050 meum
3458 3984 3514 4061 ⁶)
3568 3982 3781 4048 adhuc
3824 3981 3926 4048 edi
3987 3982 4166 4047 nolui
4221 3985 4392 4066 quod
4451 4001 4685 4054 metuo

2725 4091 2806 4135 ne
2850 4071 2993 4136 eius
3036 4069 3236 4135 editio
3295 4079 3489 4152 atque
3534 4070 3932 4149 nuncupatio
3990 4067 4071 4131 ad
4127 4090 4237 4135 eos
4295 4070 4468 4138 facta
4510 4094 4678 4156 quos

2725 4165 2798 4222 ιιι
2840 4157 2967 4222 scis
3001 4163 3411 4222 commoveat
3444 4155 3814 4238 graviorem
3848 4155 4281 4237 suspicionem
4320 4157 4461 4224 eius
4496 4179 4679 4224 com-

2722 4243 3106 4308 mutationis
3150 4261 3226 4306 ac
3269 4239 3682 4325 migrationis
3725 4249 4002 4318 nostrae,
4047 4261 4241 4323 quam
4279 4255 4546 4326 propter
4577 4247 4678 4309 fa-

2724 4329 2974 4394 miliam
3032 4339 3099 4392 et
3157 4328 3324 4392 bona
3380 4324 3667 4390 maxime
3714 4325 4026 4391 occultari
4071 4326 4351 4410 expedit.
4446 4327 4549 4393 De
4594 4350 4673 4396 eo

2723 4413 2876 4499 quid
2923 4413 3042 4478 tibi
3086 4411 3383 4478 videatur
3426 4411 3509 4476 ad
3554 4432 3658 4476 me
3700 4412 3923 4494 paucis
3966 4412 4247 4478 scribito.
4337 4413 4506 4479 Nam
4551 4437 4680 4502 ego

2723 4522 2870 4567 sum
2918 4500 3023 4564 hic
3066 4519 3214 4565 cum
3259 4497 3524 4562 homine
3567 4495 3914 4563 admodum
3961 4506 4027 4563 et
4061 4519 4316 4564 moroso
4357 4509 4425 4565 et
4464 4503 4678 4586 suspi-
4786 4569 4791 4573 ,

2724 4587 2918 4653 cioso.
3008 4583 3179 4649 Vale
3220 4584 3292 4647 in
3339 4583 3658 4661 Domino,
3727 4605 3768 4648 a
3812 4605 3937 4667 quo
3981 4605 4210 4667 precor
4253 4586 4366 4650 tibi
4414 4588 4674 4653 firmam

2726 4671 3169 4738 valetudinem
3215 4689 3486 4751 eamque
3531 4669 4039 4736 incolumitatem
4077 4691 4205 4754 qua
4252 4670 4422 4738 hunc
4466 4673 4674 4740 eccle·

2722 4760 2857 4825 siae
2899 4765 3140 4823 statum
3186 4764 3254 4820 et
3296 4754 3727 4839 progressum
3756 4755 4121 4821 diutissime
4177 4758 4406 4823 iuvare
4444 4760 4672 4842 possis.

2723 4844 2896 4909 Nam
2920 4863 3117 4928 quum
3143 4841 3354 4925 cogito
3374 4849 3623 4925 quanta
3643 4842 3731 4906 sit
3752 4839 3994 4906 orbitas
4007 4862 4313 4907 verorum
4334 4843 4673 4910 ministro-

2723 4950 2870 4995 rum
2913 4926 3402 5011 corpusculique
3438 4926 3538 4992 tui
3567 4926 4036 5005 infirmitatem,
4085 4947 4216 4993 non
4249 4948 4514 5010 possum
4539 4953 4674 4998 non

2723 5016 3162 5081 extimescere.
3233 5012 3560 5078 Dominus
3604 5033 3722 5095 pro
3766 5031 3885 5078 sua
3926 5012 4331 5097 benignitate
4367 5015 4519 5082 huic
4567 5016 4673 5083 in-

2722 5099 3060 5168 commodo
3087 5099 3453 5183 'prospiciat
3497 5107 3695 5182 atque
3738 5096 4044 5166 ecclesiae
4087 5120 4245 5165 suae
4284 5101 4600 5169 consulat.

2926 5287 2985 5354 5)
3023 5287 3116 5342 ecc.

2926 5355 2986 5423 6)
3027 5355 3099 5411 N.
3137 5352 3286 5409 1436.
