4900 6167
770 425 901 492 356

742 611 903 683 ‘iter
942 614 1094 682 fecit
1114 612 1447 680 Basilcam
1488 610 1925 694 proficiscens,
1971 612 2268 679 narravit
2302 610 2497 677 hodie
2540 632 2729 677 sena-

774 711 920 769 tum
963 702 1024 767 ei
1066 698 1165 766 rei
1208 705 1588 764 vacaturum
1631 695 1854 764 fuisse.
1944 696 2165 764 Causa
2207 705 2308 763 est
2350 696 2602 776 odiosa,
2662 705 2731 763 et

774 788 995 854 odiose
1053 807 1171 869 per
1220 782 1469 850 Calvini
1523 783 1745 849 hostes
1802 784 2051 869 agitur,
2118 794 2193 849 ut
2234 782 2446 849 solent
2487 784 2724 849 omnia.

767 872 903 940 Ubi
937 872 1179 939 certius
1215 868 1465 953 aliquid
1498 890 1575 935 co
1624 889 1867 935 novero
1904 869 1988 935 ad
2030 877 2095 935 te
2137 869 2437 936 scribam.
2506 867 2727 950 Quae·

769 968 909 1026 stor
953 957 1120 1024 dixit
1162 977 1233 1022 se
1274 955 1437 1021 istac
1482 976 1553 1020 re
1603 956 1846 1021 'turum
1884 962 1963 1020 ut
2005 962 2069 1019 te
2114 955 2299 1021 visat.

945 1045 1032 1110 I).
1092 1040 1471 1107 Eustachius
1485 1039 1546 1127 ⁶)
1608 1040 1724 1106 tibi
1795 1040 2089 1107 narrabit
2147 1040 2228 1108 de
2286 1047 2466 1107 statu
2520 1042 2725 1123 capti-

770 1151 1004 1198 vorum
1024 1129 1133 1196 Lu
1182 1127 1600 1205 dunensium,
1645 1133 1712 1191 et
1733 1126 1890 1210 quid
1930 1147 2195 1209 sperare
2218 1126 2299 1191 de
2319 1127 2482 1211 ipsis
2524 1127 2727 1210 possi-

768 1237 952 1295 mus,
1011 1223 1079 1281 et
1180 1234 1217 1279 e
1268 1212 1569 1278 Tomom‘i
1610 1211 1916 1279 adventu.
1946 1217 1999 1294 ⁶)
2086 1213 2395 1279 Arbitror
2436 1214 2613 1278 enim
2657 1222 2726 1278 te

767 1299 1103 1367 audivisse
1160 1299 1318 1384 quid
1380 1297 1790 1382 responderit
1845 1319 1967 1362 rex
2022 1318 2141 1364 suo
2205 1298 2414 1382 ipsius
2465 1320 2575 1364 ore
2642 1298 2723 1364 de

767 1387 894 1454 hac
938 1407 1134 1453 causa
1167 1383 1419 1453 consuli
1441 1385 1777 1469 Tigurino.
1847 1381 1924 1449 Si
1967 1406 2100 1450 non
2143 1385 2448 1462 audieris,
2497 1384 2722 1450 audies

769 1494 854 1539 ex
914 1472 1281 1549 EustathiO,
1357 1477 1424 1537 et
1477 1470 1557 1535 de
1615 1477 1751 1535 toto
1823 1477 2002 1536 statu
2069 1491 2295 1535 rerum
2348 1478 2725 1536 nostrarum

764 1559 1027 1643 publico
1071 1566 1137 1624 et
1179 1559 1454 1641 privato.
1543 1556 1768 1622 Habes
1813 1577 1898 1621 ex
1931 1577 2057 1635 me,
2099 1557 2348 1640 opinor,
2386 1557 2722 1640 Alphabe-

766 1655 909 1710 tum
954 1641 1475 1727 sacerdotumfi)
1545 1641 1602 1707 si
1647 1662 1724 1706 eo
1769 1663 1901 1708 non
1945 1643 2181 1722 uteris,
2240 1642 2443 1710 velim
2488 1642 2570 1707 ad
2613 1662 2722 1708 me

764 1730 1061 1796 remittas
1104 1738 1180 1795 ut
1222 1750 1297 1794 eo
1344 1735 1492 1793 utar
1576 1728 1883 1812 aulisper.
1971 1727 2048 1795 Si
2107 1750 2181 1794 eo
2225 1728 2346 1795 tibi
2389 1749 2558 1811 opus
2601 1736 2719 1809 est,

762 1817 1096 1882 remittam
1150 1836 1303 1880 eum
1329 1814 1379 1895 ⁸)
1438 1836 1521 1881 vo
1565 1814 1641 1879 is.
1741 1813 1881 1880 Ora
1923 1814 2284 1880 Dominum
2338 1836 2456 1898 pro
2511 1816 2717 1881 nobis.

762 1901 955 1970 Uxor
1000 1922 1151 1968 cum
1195 1899 1412 1966 filiolis
1468 1908 1533 1965 te
1589 1900 1846 1966 salutat.
1932 1899 2328 1966 Resalutant
2378 1909 2721 2000 praeterea

764 2007 992 2054 omnes
1037 1987 1270 2070 quibus
1315 1985 1599 2051 salutem
1656 1986 1787 2051 tuis
1828 1986 2037 2052 literis
2081 1984 2502 2069 adscripsisti.
2593 1984 2719 2053 Sa-

759 2072 908 2139 luta
963 2072 1277 2157 collegam
1330 2080 1398 2137 et
1455 2072 1714 2137 amicos.
1804 2069 2042 2137 Senior
2089 2070 2463 2138 Golladonus
2485 2076 2537 2149 ⁹)
2576 2074 2720 2138 vita

765 2158 1110 2225 defunctus
1154 2167 1273 2235 est,
1316 2164 1384 2222 et
1418 2176 1605 2222 soror
1641 2156 1927 2236 Folle-sii,
1972 2178 2142 2223 uxor
2176 2156 2262 2223 D.
2315 2157 2608 2224 Venutii.-
2632 2162 2716 2237 ¹⁰)

759 2253 1066 2328 uterque,
1124 2257 1196 2309 ut
1255 2243 1449 2308 audio
1469 2295 1485 2323 ‚
1542 2241 1892 2308 admodum
1936 2243 2296 2311 christiani.
2384 2242 2556 2310 Vale
2600 2265 2717 2328 op-

758 2331 919 2396 time
962 2339 1032 2396 et
1074 2328 1458 2395 diutissime.
1546 2329 1944 2394 Lausannae
1989 2328 2259 2398 Calend.
2307 2327 2716 2414 Septembris

1735 2501 1920 2567 Tuus
1962 2502 2206 2569 Petrus
2251 2503 2539 2569 Viretus.

1626 3032 1822 3106 1648.

1230 3189 1774 3259 BALDUINUS
1822 3189 2261 3258 OALVINO.

924 3358 993 3424 A
1037 3359 1299 3425 crimine
1340 3361 1711 3427 desertionis·
1753 3381 2037 3447 puryare
2077 3381 2145 3427 se
2180 3363 2450 3447 yestiens
2492 3362 2706 3430 absen-

751 3445 910 3512 tiam
970 3465 1013 3511 a
1062 3443 1311 3511 Geueva
1367 3450 1624 3512 excusat
1672 3449 1832 3514 satis
1880 3446 2175 3530 futilibus
2214 3448 2593 3530 rationibus,
2653 3454 2710 3516 et

753 3530 1055 3600 laudibus
1094 3531 1611 3598 cumulatioribus
1653 3534 1712 3598 ei
1744 3533 1964 3616 fucum
2001 3533 2210 3616 facere
2249 3534 2466 3602 studea

924 3703 1038 3771 (Ex
1073 3703 1259 3759 libello
1296 3701 1506 3759 Calvini
1542 3709 1734 3757 contra
1766 3704 2094 3759 Balduinum
2128 3704 2278 3761 edito
2310 3724 2367 3777 p.
2403 3704 2517 3774 44.)

951 3975 1010 4044 5)
1104 3984 1440 4047 uercetaaus,
1473 3980 1619 4047 prof.
1657 3977 2095 4035 Lamanneusis.

958 4045 1018 4112 6)
1145 4046 1387 4102 νάὑιαῑίε
1421 4045 1489 4101 de
1532 4045 1794 4102 Touo-uon
1839 4049 2280 4119 archiepiscopus
2312 4049 2707 4119 Lugdunensis

748 4113 931 4170 Roma
966 4113 1146 4168 reduc·
1181 4114 1402 4170 Bernae
1434 4114 1635 4171 Idibus

742 4182 1031 4252 splendide
1065 4189 1319 4252 exceptus
1349 4184 1478 4250 fuit,
1512 4200 1668 4255 quem

740 4253 1022 4319 adierunt,
1063 4252 1161 4305 sed
1205 4259 1426 4321 practer
1471 4270 1674 4309 vanam
1709 4256 2121 4323 promissionem
2154 4257 2297 4311 aaut
2337 4256 2701 4325 obtinuerunt,

738 4337 908 4390 quum
945 4322 1147 4378 diceret
1177 4337 1269 4376 eos
1285 4321 1565 4378 Lutetiam
1597 4323 1859 4402 abductos
1879 4326 2063 4393 fuisse
2093 4332 2146 4380 ct
2167 4340 2300 4380 suae
2332 4325 2707 4383 iurisdictioni

738 4405 800 4444 er
868 4396 967 4444 tos.

801 4406 867 4459 ep
955 4456 1011 4525 7)
1048 4458 1417 4528 Alphabetum
1453 4476 1547 4513 seu
1582 4460 1867 4514 instructio
1897 4461 2235 4517 sacerdotum
2271 4480 2378 4516 una
2413 4479 2533 4518 cum
2570 4481 2702 4533 quo·

744 4526 871 4579 dam
909 4527 1068 4580 brevi
1103 4534 1341 4581 tractatu
1385 4528 1450 4581 D.
1489 4528 1900 4583 Bonavcnturae
1943 4531 2012 4583 de
2049 4531 2208 4585 modo
2244 4548 2301 4585 se
2337 4534 2702 4602 praeparandi

744 4596 814 4648 ad
852 4596 1233 4649 celebrandam
1268 4598 1506 4650 missam.
1578 4597 1750 4668 Lugd.
1788 4615 1874 4668 sp.
1911 4599 2059 4655 Petr.
2083 4600 2151 4653 de
2187 4601 2242 4654 S.
2278 4602 2446 4655 Lucia
2480 4603 2614 4654 alias
2650 4604 2701 4655 le

743 4663 942 4787 fgrggce
962 4682 1091 4788 12.ss
1126 4663 1189 4718 8⁰
1218 4667 1407 4734 (qam)
1431 4665 1681 4734 Graecae,
1726 4663 1959 4724 Thre'eor
1992 4669 2088 4723 des
2121 4671 2284 4725 liores
2305 4685 2478 4725 rares.
2498 4669 2701 4725 Dresd.

952 4801 1013 4868 8)
1047 4802 1143 4856 sic.

952 4870 1012 4937 9)
1053 4871 1171 4927 Leo
1209 4869 1473 4926 Colladon
1515 4878 1684 4926 natus
1728 4874 1790 4926 iu
1841 4874 2043 4944 oppido
2090 4873 2180 4929 La
2228 4873 2441 4942 Chaere,
2491 4874 2702 4931 Doctor

737 4942 898 5010 iuris,
938 4942 1068 4995 olim
1105 4939 1404 4995 advocatus
1437 4956 1528 5009 ap.
1566 4940 1703 4996 Bau
1752 4945 1760 4954 '
1793 4958 1876 5010 es,
1917 4950 2082 5013 pater
2117 4943 2347 4998 Nicolai
2375 4946 2622 5000 ministri
2653 4953 2703 5001 et

743 5009 1019 5065 Germani
1050 5008 1194 5075 Ion,
1230 5009 1366 5064 obiit
1399 5009 1549 5077 prid.
1593 4958 1887 5081 σαί-ἶφι.
1959 5012 2189 5081 (Galiffe
2222 5011 2289 5065 ΙΙ.
2325 5010 2477 5078 567.)

917 5079 1012 5144 10)
1054 5078 1221 5133 Hanc
1261 5077 1493 5132 Fallesii
1524 5094 1760 5134 sororem
1802 5097 1916 5136 non
1964 5082 2172 5136 exhibet
2204 5087 2424 5135 stemma
2525 5083 2703 5138 istolie

732 5163 826 5214 ap.
864 5147 1220 5203 Wetstem'um
1248 5147 1408 5200 editis
1440 5148 1760 5215 praefixum.
1821 5150 1980 5218 Quod
2014 5151 2091 5203 ad
2122 5151 2380 5203 maritum
2418 5149 2490 5203 Ve
2511 5151 2702 5206 lulium

724 5217 951 5283 attinet,
995 5217 1198 5283 Galiffe
1232 5216 1274 5269 1.
1310 5215 1415 5268 208
1448 5216 1598 5271 docet
1631 5219 1749 5270 eius
1785 5222 2018 5274 maiores
2049 5220 2273 5287 proprie
2301 5217 2478 5273 Pietet
2509 5236 2703 5276 nomen

744 5284 1027 5405 Ιᾶαὸυίεεε,
1075 5295 1127 5339 et
1172 5290 1230 5339 in
1280 5285 1506 5340 Vernier
1552 5286 1907 5356 domicilium,
1958 5306 1995 5344 a
2034 5288 2260 5343 Pictetis
2302 5286 2701 5346 Genevembue

792 5368 1012 5409 aversos.

1777 4122 1813 4171 t.
1848 4122 1901 4172 et
1938 4116 2187 4172 Geuevae
2203 4118 2255 4172 d.
2285 4116 2365 4171 19.
2402 4118 2469 4186 ei.
2504 4119 2707 4175 mensis

2263 420 2792 491 EPISTOLAE
2840 429 3079 491 1647-
3099 427 3263 488 1649

1759 4200 2009 4240 meuses
2037 4203 2144 4251 pro
2175 4188 2410 4255 captivis
2443 4188 2732 4243 nudiosie

4639 434 4744 495 356

3006 607 3079 676 S.
3143 609 3538 694 Consumpsi
3605 632 3833 678 omnes
3847 664 3863 691 ,
3933 613 4028 678 mi
4083 620 4271 697 pater
4286 664 4301 690 ,
4372 615 4746 684 excusandae

2831 704 3097 761 nostrae
3140 697 3518 763 cessationis
3560 698 3827 765 colores.
3916 697 4053 765 Sed
4095 721 4179 765 ex
4228 698 4513 766 Gallasio
4551 713 4748 770 nostro

2833 781 3059 847 audies
3101 803 3269 865 quae
3311 804 3431 849 nos
3447 834 3463 862 ,
3523 783 3583 849 si
3624 805 3759 848 non
3813 785 3893 850 ab
3959 786 4352 852 emansionis
4395 787 4747 869 suspicione,

2832 876 3010 932 certe
3053 868 3133 932 ab
3191 868 3435 952 impiae
3490 869 3880 935 desertionis
3938 871 4209 937 crimine
4264 870 4553 936 liberent.
4636 876 4748 940 Ar-

2831 973 3027 1018 canos
3071 952 3152 1018 de
3209 954 3630 1037 compedibus
3687 957 3929 1021 nostris
3982 957 4267 1040 gemitus
4322 957 4508 1022 novit
4546 958 4749 1024 Domi-

2831 1059 2986 1103 nus:
3034 1049 3366 1104 noverunt
3399 1049 3466 1104 et
3501 1040 3854 1106 familiares
3890 1043 4082 1108 amici
4125 1043 4235 1125 qui
4271 1041 4637 1108 iamdudum
4677 1045 4749 1110 ad

2827 1124 2957 1188 iter
2999 1125 3362 1191 accinctum
3408 1127 3715 1212 lacrymis
3759 1135 3827 1192 et
3867 1129 3993 1211 piis
4037 1129 4573 1195 obtestationibus
4614 1131 4750 1195 reti-

2827 1217 3009 1275 nent.
3096 1210 3374 1277 Utinam
3427 1212 3539 1276 hic
3594 1211 3795 1278 libere
3850 1234 4107 1297 possem
4173 1212 4508 1279 effundere
4549 1227 4747 1282 nostra

2828 1297 3126 1379 suspiria.
3216 1294 3351 1363 Sed
3394 1299 3568 1364 nosti
3613 1297 3783 1364 dura
3823 1299 4100 1382 imperia
4142 1319 4307 1383 quae
4352 1321 4526 1364 nunc
4566 1303 4748 1385 repri-

2828 1391 3021 1446 munt
3063 1389 3356 1447 nostram
3391 1383 3749 1469 παῤῥησίαν.

2998 1467 3207 1532 Porro
3249 1467 3357 1533 hic
3398 1470 3704 1535 audimus
3747 1490 4032 1536 sessores
4075 1471 4265 1536 Rom.
4311 1469 4574 1536 tandem
4614 1492 4749 1538 con-

2828 1553 3221 1619 surrexisse.
3288 1553 3538 1620 Puduit
3573 1556 3912 1640 piguitque
3938 1577 4190 1640 gnavos
4219 1557 4481 1623 triarios
4523 1557 4748 1623 tamdiu

2827 1638 3054 1703 sedere
3096 1639 3365 1717 otiosos,
3427 1661 3802 1725 quanquam
3856 1642 4056 1707 semel
4102 1644 4388 1725 experiri
4433 1644 4638 1709 visum
4675 1646 4748 1710 sit

2825 1724 2981 1807 quid
3023 1725 3276 1790 valeret
3317 1734 3511 1791 vetus
3555 1726 3750 1792 illud:
3817 1727 4099 1792 Romani
4143 1726 4431 1794 sedendo
4473 1729 4744 1795 vincunt.

2825 1809 3310 1895 catastrophen
3354 1813 3749 1897 tragicorum
3791 1814 4102 1879 Antiochi
4142 1814 4553 1879 tumultuum
4594 1816 4746 1881 solli-

2823 1896 2970 1961 citis
3028 1896 3264 1961 animis
3316 1908 3793 1982 exspectamus.
3883 1897 4020 1965 Sed
4075 1901 4269 1966 facito
4322 1901 4615 1976 interim,
4666 1902 4744 1966 mi

2819 1988 3027 2065 pater,
3071 1989 3149 2046 ut
3169 1985 3657 2068 expergefactos
3690 1985 3925 2051 heroas
3958 1993 4073 2050 tuo
4106 1987 4377 2053 classico
4411 1988 4745 2064 confirmes,

2822 2068 3196 2150 residesque
3239 2090 3503 2135 moveas
3545 2070 3619 2134 in
3660 2089 3844 2135 arma
3881 2071 4078 2136 viros.
4169 2069 4435 2138 Scimus
4481 2083 4541 2138 te
4582 2092 4744 2138 occu-

2819 2153 3195 2235 pationibus
3240 2156 3650 2238 gravissimis
3693 2155 3979 2239 undique
4022 2156 4236 2236 obrui,
4297 2158 4415 2223 sed
4459 2159 4743 2223 memine-

2822 2240 2913 2304 ris
2955 2239 3129 2322 quod
3165 2240 3249 2305 ad
3292 2246 3486 2306 tuos*
3521 2240 3899 2307 Corinthios
3945 2243 4174 2308 scribit
4216 2253 4370 2309 tuus
4391 2243 4648 2321 Paulus,
4684 2245 4743 2308 in

2821 2329 2935 2388 te*
2976 2326 3362 2391 recumbere
3405 2348 3628 2393 curam
3672 2329 3969 2392 omnium
4020 2329 4464 2395 ecclesiarum.
4562 2330 4741 2393 Vides

2820 2418 3012 2475 tuum
3057 2408 3417 2495 Origenem
3473 2434 3750 2497 puerum
3804 2416 3914 2495 qui
3970 2426 4313 2497 parentem
4359 2436 4554 2482 suum
4596 2417 4742 2481 Leo·

2818 2494 3039 2561 uidem
3097 2497 3338 2581 puerili
3397 2499 3674 2581 quodam
3735 2499 3965 2566 ardore
4031 2501 4203 2566 ultro
4252 2503 4453 2566 etiam
4508 2503 4738 2567 excitat.

2821 2579 2955 2647 Sed
3012 2583 3281 2668 ignosce
3341 2585 3470 2667 piis
3531 2585 3872 2651 affectibus
3929 2585 4253 2670 ingenuae
4309 2586 4737 2670 simplicitatis.

2818 2666 2989 2732 Vale
3005 2719 3021 2746 ,
3088 2675 3275 2751 pater
3338 2671 3597 2753 optime.
3709 2671 4036 2737 Dominus
4102 2682 4170 2736 te
4234 2694 4397 2738 suae
4461 2673 4739 2740 ecclesiae

2818 2762 3036 2818 servet
3078 2754 3488 2822 incolumem.
3579 2756 3787 2822 Nonis
3830 2754 4254 2840 Septembris.
4285 2759 4338 2842 ¹)

3770 2893 3954 2960 Tuus
3995 2895 4237 2962 Petrus
4280 2896 4590 2963 Rochius.

3686 3406 3880 3479 1649.

3254 3558 3838 3629 HOTOMANUS
3885 3561 4314 3632 OALVINO.

2977 3726 3204 3796 Denuo
3243 3730 3672 3797 molestiarum
3705 3754 3971 3799 suarum
3998 3737 4370 3819 yravitatem
4402 3739 4590 3820 deflet,
4622 3758 4733 3804 mu-
4809 3761 4810 3800 ι

2806 3815 3099 3880 tationem
3130 3818 3320 3898 cupit,
3360 3817 3691 3884 consilium
3729 3825 3936 3885 tamen
3968 3823 4241 3888 nondum
4280 3826 4472 3908 cepit.-
4513 3825 4730 3891 interim
4807 3841 4808 3902 ι

2793 3897 3080 4065 120?AE
3079 3903 3385 4052 gratiam
3438 3902 3615 3970 habet
3668 3905 3739 3971 ob
3782 3905 3993 3988 officia
4050 3914 4179 3973 tam
4209 3915 4529 3992 praestita
4567 3927 4728 3994 quam

4803 4055 4804 4106 ᾖ

3025 4208 3029 4212 .
3136 4157 3247 4224 (Ex
3282 4160 3615 4230 autographo
3651 4160 3780 4216 Ood.
3817 4161 4020 4218 Genev.
4058 4164 4176 4228 114,
4209 4166 4299 4220 fol.
4339 4166 4419 4235 2.)

3112 4331 3178 4395 A
3219 4330 3688 4416 Monseigneur
3729 4335 3978 4401 Monsr.
4027 4334 4266 4404 Calvin

4121 4445 4161 4488 a
4204 4423 4498 4493 Geneve.

3337 4551 3609 4638 Optimo
3652 4559 3910 4640 parenti
3956 4579 4101 4623 meo
4146 4557 4217 4626 S.

2979 4672 3056 4737 In
3114 4674 3283 4739 meis
3345 4674 3555 4740 literis
3611 4676 3781 4741 nihil
3836 4679 4069 4761 scripsi
4133 4681 4309 4747 unde
4375 4684 4719 4751 existimare

2806 4779 3028 4842 posses
3082 4759 3249 4824 mihi
3308 4772 3557 4826 certum
3617 4785 3693 4829 ac
3748 4760 4178 4830 deliberatum
4234 4790 4376 4836 esse
4422 4770 4716 4835 Basilcam

2804 4949 2987 5006 1648.
3014 4948 3073 5015 1)
3111 4947 3390 5003 Balduiui
3429 4952 3686 5018 epistolae
3728 4966 3841 5004 uon
3885 4953 4052 5016 facile
4095 4956 4213 5009 suis
4261 4958 4542 5014 natalibus
4584 4955 4716 5011 resti·

2803 5026 3047 5073 tuantur.
3120 5017 3288 5073 Hauc
3331 5025 3510 5073 tamen
3554 5019 3630 5074 ad
3663 5035 3717 5072 a.
3752 5018 3887 5072 1552
3919 5022 4262 5087 referendam
4294 5042 4410 5082 esse
4436 5027 4718 5095 putavimus

2804 5086 4413 5224 3?'miti-³505...&wax§.fzffi'zss-uimvzzm.·22
4444 5094 4574 5218 ‘355⁸‘
4610 5101 4714 5216 3¹22?

2804 5226 2965 5294 liuyii
2995 5227 3276 5280 sententia.
3332 5224 3478 5278 Sane
3510 5226 3852 5292 catastrophe
3886 5227 3984 5281 illa
4017 5230 4130 5283 iam
4164 5233 4337 5287 evenit
4358 5247 4533 5288 mense
4545 5229 4713 5299 Aprili.

2818 5293 3009 5346 Verum
3044 5296 3096 5347 si
3130 5296 3340 5348 interea
3373 5296 3473 5348 iste
3507 5294 3584 5346 ad
3625 5292 3908 5349 Calvinum
3943 5298 4108 5364 niba,
4150 5301 4314 5367 facile
4358 5302 4424 5355 de
4465 5302 4558 5356 ata
4589 5313 4712 5374 nuso

2809 5364 2966 5417 verba
2988 5364 3173 5431 facere
3202 5369 3430 5432 poterat.
3483 5361 3694 5417 Heraea
3716 5366 3996 5421 excitandi
4010 5375 4138 5424 sunt
4163 5370 4444 5439 principes
4464 5370 4708 5425 Geram
