4900 6167
593 396 718 462 307

596 580 906 666 evanqelii
945 580 1019 644 in
1048 578 1259 646 variis
1290 578 1501 657 terris,
1540 577 1821 645 maxime
1853 576 1927 642 in
1972 574 2235 643 Polom‘a
2266 581 2324 643 ct
2357 574 2541 641 Hun-

589 667 783 752 9cm‘a
811 665 1160 749 praedicat.

598 839 705 905 (Ex
764 835 1101 906 autographo
1146 834 1276 891 Cod.
1322 833 1525 889 Genev.
1584 832 1710 899 109,
1767 833 1859 888 fol.
1915 832 2001 887 37.
2078 832 2404 887 Difficillima
2455 835 2543 887 est

595 909 756 988 lectu·
773 911 833 962 et
865 905 1008 987 stilo‘
1042 903 1263 986 minime
1306 903 1648 986 ciceroniano
1677 903 1897 985 ‚scripta
1916 902 2009 985 ‘ita
2041 909 2105 957 nt
2135 918 2339 1025 gussini
2372 901 2542 954 inter·

594 982 789 1044 positis
824 980 1038 1044 punctis
1074 979 1384 1042 sagacitatis
1410 971 2103 1105 gggtrirffuffbmmuoem
2174 971 2412 1026 eclarare
2447 969 2543 1023 de·

763 1213 901 1281 Dili
986 1213 1088 1278 nti
1133 1211 1384 1279 Christi
1426 1212 1726 1279 ministro
1767 1211 1841 1277 in
1893 1210 2238 1296 evangelio
2277 1207 2410 1275 Dei
2449 1205 2537 1273 D.

592 1302 843 1403 Ioanm·
930 1299 1151 1365 alvino
1200 1298 1446 1381 pastori
1490 1297 1867 1364 Genevensi
1922 1297 2115 1363 fiatri
2156 1315 2233 1362 ac
2275 1294 2540 1360 domino

590 1407 662 1452 1¹²
704 1409 837 1473 109³
1898 1468 2228 1535 Genevae.

1697 1592 1779 1637 zu
1821 1570 1992 1638 Jenf
2024 1569 2099 1636 in
2142 1567 2409 1653 Saphoi.

763 1708 834 1776 S.
902 1709 1068 1795 Ego,
1113 1708 1203 1775 mi
1234 1707 1531 1786 Calvino,
1575 1707 1878 1791 quamvis
1921 1727 2097 1773 anno
2143 1706 2460 1790 superiori
2479 1707 2536 1784 ²)

592 1796 677 1862 ad
719 1803 790 1862 te
831 1795 1219 1880 scripserim,
1265 1803 1486 1872 tamen
1501 1846 1517 1874 ,
1565 1802 1641 1859 ut
1680 1815 1858 1860 nunc
1900 1801 2061 1859 sunt
2100 1791 2326 1875 iniqua
2367 1800 2537 1857 tem·

589 1902 780 1967 pora,
845 1901 1079 1947 vereor
1145 1879 1370 1946 literas
1433 1901 1564 1946 nou
1623 1878 1927 1945 redditas.
2027 1877 2349 1945 Gratulor
2412 1875 2538 1942 tibi

590 1966 758 2033 illud
799 1967 1058 2051 insigne
1079 1965 1206 2031 Dei
1248 1965 1512 2046 donum,
1558 1985 1686 2049 quo
1724 1973 1863 2029 tam
1897 1963 2175 2030 feliciter
2206 1965 2267 2028 ἐν
2307 1965 2538 2054 ἑνεργιᾳ

592 2054 857 2138 spiritus
919 2052 1371 2135 interpretaris
1438 2052 1796 2135 scripturas
1862 2057 2138 2116 sanctas.
2226 2048 2379 2115 Non
2434 2057 2540 2114 est

590 2139 882 2206 cuiusvis
924 2138 1048 2205 hoc
1091 2136 1211 2204 Dei
1255 2137 1503 2204 donum
1544 2136 1977 2202 rarissimum.
2067 2133 2175 2202 Sit
2216 2134 2359 2201 laus
2400 2154 2537 2200 om-

591 2224 917 2310 nipotenti
969 2225 1142 2308 patri
1186 2223 1463 2290 coelesti.
1553 2222 1698 2288 Tua
1753 2221 2024 2305 scripta,
2089 2221 2306 2287 virum
2365 2242 2536 2286 nun·

587 2331 783 2393 quam
824 2310 1072 2388 visum,
1118 2328 1379 2391 semper
1421 2306 1667 2386 amavi,
1734 2308 1995 2374 tametsi
2035 2305 2372 2373 doctorum
2414 2305 2535 2370 ho·

585 2397 838 2463 minum
901 2392 1438 2462 consuetudinem
1509 2412 1766 2477 semper
1834 2394 2286 2477 quaesiverim.
2389 2392 2535 2458 'fua

584 2481 732 2567 lego
774 2488 843 2547 et
882 2480 1133 2564 relege,
1179 2500 1302 2546 nec
1344 2478 1566 2562 capior
1603 2479 1738 2545 ullo
1780 2479 2010 2545 taedio.
2102 2480 2192 2545 Et
2230 2477 2535 2562 inprimis

583 2568 786 2653 probo
829 2565 999 2649 quod
1043 2564 1165 2632 hoc
1208 2585 1383 2629 anno
1439 2572 1653 2630 totum
1693 2564 1979 2631 Paulum
2021 2565 2154 2630 tuis
2198 2563 2532 2630 sanctissi-

584 2654 710 2719 mis
751 2650 1258 2736 cogitationibus
1300 2650 1583 2717 ornaris:
1628 2653 1787 2717 item
1831 2652 1902 2715 in
1944 2651 2210 2717 Esaiam
2255 2651 2532 2733 scripse-

583 2741 693 2805 ris.
782 2735 998 2803 Audio
1042 2757 1125 2801 ex
1170 2734 1450 2820 quodam
1492 2735 1683 2817 Itale,
1728 2739 1835 2820 pio
1880 2745 1946 2802 et
1978 2737 2143 2802 bene
2188 2735 2374 2801 docto
2416 2735 2531 2800 ho-

584 2824 759 2889 mine
802 2823 1039 2889 iuvene
1095 2822 1278 2904 (nam
1338 2833 1553 2888 tecum
1621 2822 1972 2907 aliquando
2027 2823 2153 2888 fuit
2197 2821 2528 2901 Genevae,

585 2908 901 2976 Senensis
947 2917 1046 2974 est
1085 2908 1197 2973 ille
1241 2907 1503 2974 Laelius
1522 2909 1579 2993 ⁸)
1624 2908 1918 2986 nomine)
1963 2917 2028 2974 te
2068 2910 2306 2993 ingens
2363 2927 2530 2991 opus

581 2993 797 3060 moliri
814 3045 831 3074 ,
886 3015 1122 3080 nempe
1164 2991 1655 3061 adornationem
1700 2994 2049 3061 bibliorum
2064 3046 2081 3074 ,
2138 3014 2304 3077 quae
2356 2992 2531 3077 apud

584 3091 650 3145 te
692 3078 1106 3146 excuduntur
1147 3080 1395 3165 aliquot
1430 3080 1693 3167 linguis.
1710 3079 1770 3166 ⁴)
1857 3079 2076 3161 Quam
2132 3099 2271 3145 rem
2328 3079 2530 3145 vehe-

582 3173 838 3233 menter
891 3167 1119 3249 probo,
1190 3179 1259 3231 et
1314 3187 1419 3233 me
1479 3168 1823 3233 certiorem
1866 3164 2063 3231 facies
2126 3164 2258 3231 tuis
2323 3164 2531 3231 literis

623 3251 938 3317 lurimum
982 3273 1157 3401 rfigo.
1246 3253 1390 3317 Tua
1434 3273 1674 3336 magno
1716 3253 1950 3335 plausu
1995 3250 2415 3335 excipiuntur
2458 3251 2550 3329 in⁴

637 3335 858 3402 olonia
899 3345 968 3402 et
1079 3339 1385 3422 ungaria:
1431 3339 1563 3403 tuis
1606 3338 1865 3420 scriptis
1899 3346 2088 3402 tanto
2133 3356 2244 3402 ere
2277 3338 2529 3401 incum-

578 3420 747 3487 bunt
787 3430 864 3488 ut
903 3421 1210 3488 videatur
1259 3423 1423 3502 illis,
1468 3432 1536 3488 et
1576 3424 1830 3498 merito,
1876 3421 2045 3486 nihil
2122 3421 2442 3504 receptius
2454 3420 2521 3509 ⁶2]

578 3507 795 3589 Certe,
838 3515 918 3574 ut
956 3529 1040 3574 ex
1085 3507 1304 3572 animo
1347 3508 1577 3584 dicam,
1620 3529 1755 3573 non
1798 3507 1987 3574 video
2029 3509 2174 3591 quis
2218 3508 2343 3574 hoc
2380 3517 2521 3574 tam

575 3594 954 3679 perturbato
1018 3603 1312 3678 tempore
1362 3614 1435 3658 se
1504 3594 1860 3660 animosius
1921 3603 2210 3678 opponat
2264 3593 2519 3660 belluae

574 3701 883 3748 romanae
900 3732 917 3759 ,
975 3681 1233 3746 fortiter
1282 3678 1464 3745 illam
1523 3699 1908 3765 oppugnans
1950 3702 2036 3746 ex
2076 3678 2207 3746 Dei
2249 3681 2515 3746 virtute.

578 3766 905 3833 Dominus
946 3767 1076 3834 erit
1116 3777 1356 3834 tecum.

746 3851 887 3918 Nos
919 3852 1236 3920 hactenus
1269 3861 1503 3919 contra
1520 3850 1802 3918 Interim
1845 3852 2078 3920 inanes
2110 3852 2318 3920 nubes
2339 3853 2529 3920 Aris-

576 3936 902 4021 tophanis,
947 3946 1015 4003 et
1142 3939 1273 4005 tius
1315 3947 1545 4004 contra
1585 3936 2070 4024 Polyphemum
2112 3937 2302 4005 illum
2340 3941 2528 4023 inep-

578 4021 910 4089 tissimum
951 4023 1032 4090 be
1083 4045 1195 4089 um
1239 4024 1582 4109 gessimus.
1670 4022 1808 4091 Sed
1851 4024 2038 4092 Deus
2080 4033 2268 4109 petra
2310 4025 2529 4091 fortis-

578 4106 745 4174 sima
785 4115 1082 4176 conteret
1122 4109 1468 4176 draconem
1510 4120 1578 4176 et
1619 4115 1833 4177 totum
2056 4131 2172 4176 um
2214 4108 2524 4177 Satanae.

578 4193 903 4279 Cuperem
946 4193 1173 4259 videre
1231 4194 1599 4281 catalogum
1658 4204 1921 4262 tuarum
2004 4194 2524 4263 ucubrationum.

579 4279 749 4344 Nam
822 4280 1035 4346 rarius
1114 4278 1272 4345 talia
1346 4279 1418 4345 in
1495 4301 1645 4349 oras
1724 4294 1983 4350 nostras
2061 4283 2522 4366 importantur.

577 4364 797 4430 Multa
837 4375 995 4431 sunt
1035 4366 1103 4430 in
1147 4367 1406 4449 magnis
1442 4365 1603 4432 viris
1644 4368 1717 4433 in
1751 4369 1991 4452 quibus
2033 4367 2286 4434 Christi
2329 4369 2525 4454 spiri-

579 4461 686 4517 tus
744 4448 1094 4518 admodum
1154 4450 1589 4534 desideratur,
1635 4474 1673 4519 a
1746 4474 1831 4520 ue
1887 4453 2189 4537 inprimis
2230 4453 2523 4536 Emmo,

578 4535 749 4620 quod
793 4556 944 4602 cum
986 4537 1182 4605 venia
1222 4536 1520 4603 dixerim.
1800 4538 1881 4605 de
1934 4539 2040 4606 his
2084 4539 2373 4608 iudicent
2413 4563 2521 4608 ar·

577 4622 870 4708 gutiores
911 4621 1132 4689 animi.
1222 4621 1609 4690 Psalterium
1667 4633 1853 4691 tuum
1907 4624 2110 4691 semel
2165 4625 2303 4692 vidi
2345 4624 2522 4711 apud

2091 386 2620 458 EPIS'DOLAB
2669 390 3090 454 1615—1618

4466 392 4596 456 308

2643 574 2928 642 amicum
2968 573 3314 659 quendam,
3356 575 3510 661 quia
3551 582 3628 642 tu
3668 574 3836 642 illud
3877 574 4134 642 vertisti
4179 597 4263 641 ex
4309 574 4602 643 hebraea

2641 658 2874 745 lingua
2912 659 2988 725 in
3026 658 3321 728 latinum.
3340 663 3398 739 ὅ)
3484 658 3585 728 Cu
3667 681 3808 727 rem
3850 660 4113 728 habere.
4199 659 4379 741 Quid
4413 683 4600 730 nunc

2642 746 2715 810 iu
2756 743 3063 812 manibus
3105 752 3221 812 aut
3260 745 3332 811 in
3375 746 3558 832 prelo
3688 747 3840 813 beas
3894 746 4061 812 scire
4105 745 4325 813 velim.
4417 748 4598 813 Eam

2642 830 2849 898 habes
2902 831 3185 916 gratiam
3228 831 3405 911 (laus
3461 832 3635 906 Deo)
3705 840 3782 899 ut
3844 831 4255 899 sanctissime
4318 832 4602 900 colloces

2644 915 2843 983 horas
2884 926 3051 983 tuas.
3141 918 3361 1002 Atque
3401 918 3651 984 utinam
3697 915 3767 982 id
3808 917 4100 985 facerent
4155 917 4364 984 multa
4407 938 4603 1002 prae·

3383 1002 3578 1070 uibus
3631 1001 3897 1085 (horreo
3953 1002 4196 1074 dicere)
4253 1004 4603 1088 ingentem

2646 1002 2821 1068 clara
2860 1003 3160 1088 ingenia,
3213 1003 3284 1068 in

3415 1087 3478 1154 ei
3534 1090 3874 1173 comperio.
3966 1088 4098 1155 Alii
4158 1088 4241 1154 de
4297 1097 4603 1156 extremo

2645 1088 2919 1155 abusum
2979 1086 3304 1154 donorum

2646 1171 2750 1239 die
2793 1172 3151 1273 disputa-nt,
3195 1183 3264 1239 et
3306 1172 3388 1240 de
3422 1174 3692 1259 angelis,
3738 1174 3821 1240 de
3863 1174 3984 1239 filii
4023 1173 4152 1241 Dei
4195 1175 4416 1241 nescio
4460 1195 4606 1259 qua

2644 1265 2870 1325 coacta
2902 1258 3388 1326 incarnatione:
3446 1260 3613 1327 alius
3654 1279 3905 1345 quoque
3949 1258 4029 1325 de
4073 1260 4325 1326 iustitia
4367 1259 4606 1328 admo·

2644 1343 2801 1411 dum
2857 1343 3136 1412 ridicula
3187 1345 3439 1426 effutit,
3497 1366 3662 1429 quae
3717 1346 3926 1414 sancti
3981 1355 4202 1430 patres
4254 1367 4608 1431 nunquam

2642 1430 3068 1496 somniarunt.
3159 1429 3295 1498 Sed
3336 1450 3471 1496 non
3514 1430 3736 1498 dubito
3779 1442 3846 1497 te
3888 1431 4052 1498 haec
4093 1433 4375 1500 novisse.
4446 1435 4606 1498 An—

2643 1515 2861 1599 tiquus
2895 1515 3163 1583 coluber
3196 1537 3371 1582 nova
3401 1517 3711 1601 proponit
3743 1529 4038 1583 monstra
4065 1517 4387 1599 ecclesiae,
4423 1538 4607 1601 quae

2640 1600 2817 1701 haud
2861 1599 3057 1701 dubie
3099 1603 3400 1669 conficiet
3451 1602 3844 1670 fortissimus
3891 1602 4005 1669 ille
4058 1623 4265 1689 gygas
4279 1655 4296 1684 ,
4352 1605 4608 1687 spiritu

2642 1706 2774 1752 oris
2824 1708 2948 1753 sm.

2810 1771 2942 1840 Hic
3008 1771 3313 1839 audimus
3390 1774 3610 1860 colligi
3692 1774 3909 1842 nescio
3987 1794 4151 1858 quos
4229 1776 4604 1842 exercitus:

2638 1857 2849 1923 multa
2891 1856 2971 1924 de
3014 1857 3297 1925 Caesare
3341 1868 3747 1946 sparguntur
3787 1871 3856 1926 et
3908 1865 4217 1952 φιλοτιμίᾳ
4352 1860 4607 1927 berna—

2640 1942 2838 2009 tionis
2880 1963 3194 2010 summae.
3284 1944 3546 2012 Dicitur
3600 1955 3938 2030 praeterea
3990 1967 4168 2014 nunc
4225 1968 4268 2030 p
4295 1967 4419 2013 ane
4475 1946 4608 2013 de-

2639 2037 2970 2095 mutatum
2996 2030 3289 2095 animum
3303 2029 3339 2061 ⁴*
3380 2032 3541 2112 eius,
3588 2053 3663 2099 ac
3750 2052 3972 2099 rorsus
3994 2052 4345 2117 agnoscere
4388 2053 4610 2100 evan-

2641 2114 2796 2199 gelii
2829 2115 3193 2181 veritatem.
3262 2114 3339 2183 Si
3372 2119 3627 2201 quaerit
3661 2116 3717 2184 C
3767 2118 3909 2184 risti
3946 2117 4219 2203 gloriam
4257 2139 4340 2184 ex
4375 2118 4609 2198 corde,

2640 2207 2743 2266 est
2784 2200 2957 2284 quod
2999 2200 3096 2266 illi
3142 2202 3463 2287 gratuler:
3507 2203 3631 2269 hoc
3671 2205 3890 2287 ipsum
3936 2253 4524 2270 ..........
4586 2256 4606 2271 .

2640 2284 3047 2353 voluntatem
3089 2285 3234 2353 Dei.
3324 2286 3458 2355 Sed
3502 2289 3741 2356 scribes
3760 2340 3774 2365 ,
3839 2297 3991 2372 peto
4028 2288 4116 2353 ‘id
4171 2309 4609 2375 magnopere,

2637 2372 2769 2439 tuis
2812 2374 3058 2455 apertis
3104 2373 3344 2440 verbis.
3431 2374 3650 2440 Audio
3693 2376 3892 2459 recipi
3937 2387 4005 2441 et
4045 2375 4352 2441 Lutetiae
4407 2388 4477 2441 et
4517 2378 4615 2442 in

2639 2465 2774 2523 toto
2796 2477 3001 2542 regno
3025 2456 3384 2525 Christum.
3452 2458 3728 2527 Polonia
3769 2480 3944 2527 nunc
3972 2469 4228 2527 aestuat
4264 2459 4506 2548 [quoad
4520 2460 4602 2550 22]

2634 2551 2946 2627 papatum
2965 2593 2979 2621 ,
3050 2544 3402 2611 extrudere
3465 2546 3867 2612 meditantur
3934 2547 4285 2631 episcopos.
4381 2548 4611 2615 Fiant

2635 2629 2859 2694 omnia
2898 2631 2972 2695 in
3016 2630 3292 2715 gloriam
3337 2631 3482 2698 Dei.
3569 2632 3920 2718 Hungaria
3961 2654 4138 2699 nunc
4182 2640 4311 2700 stat
4352 2636 4422 2699 in
4467 2655 4610 2699 an·-

2633 2714 2816 2798 cipiti
2858 2716 3241 2782 certamine:
3287 2736 3406 2799 pro
3449 2717 3566 2782 illa
3586 2718 3847 2784 Helena
3889 2726 3955 2783 et
3997 2718 4311 2786 Turcicus
4353 2729 4609 2805 tyran-

2635 2821 2762 2866 nus
2806 2808 2874 2864 et
2959 2800 3177 2866 uidam
3225 2801 3339 2866 alii
3392 2810 3668 2869 certant.
3757 2803 4147 2870 Trucidatus
4200 2813 4300 2871 est
4356 2825 4608 2870 mona·

2635 2884 2798 2952 chus
2842 2907 2955 2969 qui
2996 2892 3139 2951 erat
3179 2885 3424 2953 electus
3466 2887 3806 2973 episcopus
3841 2898 3908 2955 et
3940 2889 4312 2969 cardinalis,
4355 2900 4430 2957 ut
4473 2892 4608 2957 vel

2634 2971 2728 3038 sic
2769 2970 3171 3038 stabiliretur
3210 2992 3489 3057 regnum
3524 2973 4079 3041 antichristorum.
4102 2977 4160 3060 ⁶)
4245 2975 4390 3043 Hoc
4432 2997 4608 3061 per-

2634 3066 2854 3142 empto
2879 3064 3264 3142 surrogatus
3307 3066 3409 3124 est
3451 3057 3636 3136 alius,
3684 3069 3753 3126 et
3787 3060 3968 3128 aliud
4003 3069 4202 3145 caput
4242 3083 4325 3128 ex
4368 3062 4612 3148 hydra

2631 3142 2931 3227 erumpit.
2989 3141 3126 3209 Sed
3149 3143 3335 3209 Deus
3375 3150 3478 3209 est
3501 3146 3911 3231 μακρόθνμος.
3970 3146 4153 3215 Haec
4194 3147 4359 3213 mihi
4387 3150 4608 3215 unica

2632 3236 2735 3295 est
2775 3227 3129 3295 consolatio
3172 3229 3342 3313 quod
3385 3229 3509 3298 hoc
3553 3252 3831 3316 regnum
3874 3254 4054 3300 nunc
4096 3233 4262 3300 bene
4304 3236 4608 3301 tinctum

2631 3314 2719 3381 sit
2782 3313 3112 3399 agnitione
3176 3315 3474 3394 virtutis,
3539 3317 3637 3382 ita
3697 3327 3774 3384 ut
3838 3319 4261 3387 circumcirca
4326 3320 4608 3388 'l'urcae

2632 3408 3082 3484 aspergantur.

2802 3483 3039 3552 Saluta
3080 3486 3358 3571 optimos
3401 3486 3580 3554 viros
3596 3540 3614 3568 ,
3672 3488 3910 3556 fratres
3967 3491 4038 3555 iu
4082 3491 4368 3557 Domino
4388 3543 4402 3566 ,
4450 3492 4608 3560 Dei

2631 3570 3040 3654 cooperarios
3083 3582 3231 3638 tuos
3274 3573 3347 3637 in
3390 3572 3686 3654 Christo,
3746 3583 3813 3641 et
3854 3585 4037 3642 orate
4079 3598 4196 3660 pro
4240 3577 4423 3644 nobis
4467 3580 4607 3661 qui

2632 3654 2945 3723 sudamus
2979 3678 3129 3724 cum
3165 3657 3310 3724 aliis
3342 3657 3416 3725 in
3449 3659 3790 3745 evangelio
3826 3660 4077 3729 Christi
4112 3661 4606 3733 laborantibus·

2629 3740 2736 3808 De
2775 3742 3045 3809 concilio
3088 3742 3476 3812 Tridentino
3518 3746 3577 3811 si
3618 3746 3881 3829 quidem
3923 3747 4174 3831 reliqua
4217 3749 4610 3832 scripturus

2630 3848 2703 3895 es
2743 3828 2912 3895 scire
2949 3828 3166 3895 velim.
3254 3829 3429 3896 Nam
3470 3830 3639 3897 liber
3683 3841 3838 3900 tuus
3890 3854 4021 3900 non
4078 3844 4180 3900 est
4221 3834 4603 3903 absolutus,

2630 3912 2816 3981 Vale.
2875 3917 2977 3981 24.
3022 3915 3256 3982 Marcii
3300 3937 3474 3983 anno
3519 3921 3619 3983 52.

3605 4052 3994 4119 Ambrosius
4035 4054 4407 4123 Moibanus.

2800 4219 2877 4288 Si
2931 4222 3088 4306 quid
3146 4224 3482 4289 literarum
3532 4223 3821 4292 volueris
3879 4223 3963 4290 ad

2627 4327 2735 4373 me
2791 4308 2948 4374 dare
2962 4359 2980 4387 ‚
3035 4309 3258 4376 mittes
3300 4308 3669 4376 Nurember
3875 4309 3959 4375 ad

2626 4393 3130 4473 concionatores,
3164 4396 3514 4480 praecipue
3548 4393 3631 4461 ad
3796 4396 3960 4463 Hie-

2627 4499 2983 4565 ronymum
3025 4479 3367 4546 Besoltmn.

2830 4701 3950 4785 &Talemvoym'ouomaodm'qqou
4163 4715 4588 4788 msqspoetam

2619 4771 2924 4852 habenas..
2966 4770 3257 4827 Fon-tasas
3517 4771 3783 4828 Pomm
4015 4771 4268 4828 Genevae
4299 4791 4604 4870 mpmqa'

568 4995 573 5001 ¹
775 4894 1075 5022 {wecilo
1114 4896 1855 5022 „obstupe-maai
1890 4898 2235 5024 hgclggon‘lla
2265 4897 2397 4982 §psa
2426 4916 2520 4971 ep.
2772 4977 2783 4989 .
2826 4908 2888 4974 6)
2922 4910 3204 4978 Loquetur
3236 4909 3305 4966 dc
3339 4905 3575 4980 Geor-9⁸0
3592 4909 4394 4990 Herennianum-osopo
4420 4916 4581 5000 Gru-

576 4983 1556 5161 xmabdsomsswffloeaa
1596 5006 1789 5093 reuda
1811 4966 2127 5094 Quen
2168 4975 2394 5095 m
2419 5038 2518 5095 do·
2619 4991 2958 5181 Qfer
3007 5047 3019 5060 ”
3183 5049 3196 5062 ’
3226 4984 3681 5119 comm
3710 4978 4260 5106 Wffxffl
4294 4990 4580 5124 mg:

579 5254 693 5294 oon·
780 5141 2521 5315 ”Qfiahao’ca'bivdeotnoqmwm31n
