<?xml version="1.0" encoding="UTF-8"?>
<!DOCTYPE html PUBLIC "-//W3C//DTD XHTML 1.0 Transitional//EN"
    "http://www.w3.org/TR/xhtml1/DTD/xhtml1-transitional.dtd">
<html xmlns="http://www.w3.org/1999/xhtml" xml:lang="en" lang="en">
 <head>
  <title>
</title>
<meta http-equiv="Content-Type" content="text/html;charset=utf-8" />
  <meta name='ocr-system' content='tesseract 3.04.00' />
  <meta name='ocr-capabilities' content='ocr_page ocr_carea ocr_par ocr_line ocrx_word'/>
</head>
<body>
  <div class='ocr_page' id='page_1' title='image "./ioanniscalvinio03unkngoog_0019.png"; bbox 0 0 4900 6167; ppageno 0'>
   <div class='ocr_carea' id='block_1_1' title="bbox 60 3259 70 3930">
    <p class='ocr_par' dir='ltr' id='par_1_1' title="bbox 60 3259 70 3930">
     <span class='ocr_line' id='line_1_1' title="bbox 60 3259 70 3930; baseline 0 0"><span class='ocrx_word' id='word_1_1' title='bbox 60 3259 70 3930; x_wconf 95' lang='lat' dir='ltr'><strong> </strong></span> 
     </span>
    </p>
   </div>
   <div class='ocr_carea' id='block_1_2' title="bbox 60 3259 71 3930">
    <p class='ocr_par' dir='ltr' id='par_1_2' title="bbox 60 3259 71 3930">
     <span class='ocr_line' id='line_1_2' title="bbox 60 3259 71 3930; baseline 0 0"><span class='ocrx_word' id='word_1_2' title='bbox 60 3259 71 3930; x_wconf 95' lang='lat' dir='ltr'><strong> </strong></span> 
     </span>
    </p>
   </div>
   <div class='ocr_carea' id='block_1_3' title="bbox 60 3259 71 3930">
    <p class='ocr_par' dir='ltr' id='par_1_3' title="bbox 60 3259 71 3930">
     <span class='ocr_line' id='line_1_3' title="bbox 60 3259 71 3930; baseline 0 0"><span class='ocrx_word' id='word_1_3' title='bbox 60 3259 71 3930; x_wconf 95' lang='lat' dir='ltr'><strong> </strong></span> 
     </span>
    </p>
   </div>
   <div class='ocr_carea' id='block_1_4' title="bbox 79 5393 90 6118">
    <p class='ocr_par' dir='ltr' id='par_1_4' title="bbox 79 5393 90 6118">
     <span class='ocr_line' id='line_1_4' title="bbox 79 5393 90 6118; baseline 0 0"><span class='ocrx_word' id='word_1_4' title='bbox 79 5393 90 6118; x_wconf 95' lang='lat' dir='ltr'><strong> </strong></span> 
     </span>
    </p>
   </div>
   <div class='ocr_carea' id='block_1_5' title="bbox 79 5393 90 6118">
    <p class='ocr_par' dir='ltr' id='par_1_5' title="bbox 79 5393 90 6118">
     <span class='ocr_line' id='line_1_5' title="bbox 79 5393 90 6118; baseline 0 0"><span class='ocrx_word' id='word_1_5' title='bbox 79 5393 90 6118; x_wconf 95' lang='lat' dir='ltr'><strong> </strong></span> 
     </span>
    </p>
   </div>
   <div class='ocr_carea' id='block_1_6' title="bbox 79 5393 90 6118">
    <p class='ocr_par' dir='ltr' id='par_1_6' title="bbox 79 5393 90 6118">
     <span class='ocr_line' id='line_1_6' title="bbox 79 5393 90 6118; baseline 0 0"><span class='ocrx_word' id='word_1_6' title='bbox 79 5393 90 6118; x_wconf 95' lang='lat' dir='ltr'><strong> </strong></span> 
     </span>
    </p>
   </div>
   <div class='ocr_carea' id='block_1_7' title="bbox 79 5393 90 6118">
    <p class='ocr_par' dir='ltr' id='par_1_7' title="bbox 79 5393 90 6118">
     <span class='ocr_line' id='line_1_7' title="bbox 79 5393 90 6118; baseline 0 0"><span class='ocrx_word' id='word_1_7' title='bbox 79 5393 90 6118; x_wconf 95' lang='lat' dir='ltr'><strong> </strong></span> 
     </span>
    </p>
   </div>
   <div class='ocr_carea' id='block_1_8' title="bbox 80 5393 90 6118">
    <p class='ocr_par' dir='ltr' id='par_1_8' title="bbox 80 5393 90 6118">
     <span class='ocr_line' id='line_1_8' title="bbox 80 5393 90 6118; baseline 0 0"><span class='ocrx_word' id='word_1_8' title='bbox 80 5393 90 6118; x_wconf 95' lang='lat' dir='ltr'><strong> </strong></span> 
     </span>
    </p>
   </div>
   <div class='ocr_carea' id='block_1_9' title="bbox 251 437 4210 514">
    <p class='ocr_par' dir='ltr' id='par_1_9' title="bbox 251 437 4210 514">
     <span class='ocr_line' id='line_1_9' title="bbox 251 437 4210 514; baseline 0.003 -14"><span class='ocrx_word' id='word_1_9' title='bbox 251 441 314 504; x_wconf 77' lang='grc'><strong>13</strong></span> <span class='ocrx_word' id='word_1_10' title='bbox 1927 443 2085 504; x_wconf 84' lang='grc'><strong>1551</strong></span> <span class='ocrx_word' id='word_1_11' title='bbox 2134 437 2517 507; x_wconf 79' lang='lat' dir='ltr'><strong>IANUAR.</strong></span> <span class='ocrx_word' id='word_1_12' title='bbox 4131 451 4210 514; x_wconf 84' lang='lat'><strong>14</strong></span> 
     </span>
    </p>
   </div>
   <div class='ocr_carea' id='block_1_10' title="bbox 385 627 1897 797">
    <p class='ocr_par' dir='ltr' id='par_1_10' title="bbox 385 627 1897 797">
     <span class='ocr_line' id='line_1_10' title="bbox 385 627 1792 700; baseline -0.001 -6"><span class='ocrx_word' id='word_1_13' title='bbox 385 628 645 694; x_wconf 82' lang='lat' dir='ltr'><strong>Eximio</strong></span> <span class='ocrx_word' id='word_1_14' title='bbox 685 627 940 694; x_wconf 77' lang='lat' dir='ltr'><strong>Christi</strong></span> <span class='ocrx_word' id='word_1_15' title='bbox 980 647 1171 695; x_wconf 82' lang='lat' dir='ltr'><strong>servo</strong></span> <span class='ocrx_word' id='word_1_16' title='bbox 1214 627 1452 700; x_wconf 73' lang='lat' dir='ltr'><strong>Ioanni</strong></span> <span class='ocrx_word' id='word_1_17' title='bbox 1496 627 1792 694; x_wconf 82' lang='lat' dir='ltr'><strong>Calvino.</strong></span> 
     </span>
     <span class='ocr_line' id='line_1_11' title="bbox 1566 730 1897 797; baseline -0.006 0"><span class='ocrx_word' id='word_1_18' title='bbox 1566 730 1897 797; x_wconf 76' lang='lat' dir='ltr'><strong>Genevae.</strong></span> 
     </span>
    </p>
   </div>
   <div class='ocr_carea' id='block_1_11' title="bbox 227 865 2158 4366">
    <p class='ocr_par' dir='ltr' id='par_1_11' title="bbox 230 865 2158 1706">
     <span class='ocr_line' id='line_1_12' title="bbox 386 865 2158 950; baseline -0.002 -15"><span class='ocrx_word' id='word_1_19' title='bbox 386 867 453 935; x_wconf 78' lang='lat' dir='ltr'><strong>S.</strong></span> <span class='ocrx_word' id='word_1_20' title='bbox 518 868 771 935; x_wconf 88' lang='lat' dir='ltr'><strong>Paulus</strong></span> <span class='ocrx_word' id='word_1_21' title='bbox 809 866 1026 935; x_wconf 72' lang='lat' dir='ltr'><strong>Com</strong></span> <span class='ocrx_word' id='word_1_22' title='bbox 1059 868 1278 935; x_wconf 87' lang='lat' dir='ltr'><strong>scriba</strong></span> <span class='ocrx_word' id='word_1_23' title='bbox 1311 867 1546 935; x_wconf 81' lang='lat' dir='ltr'><strong>Gallus</strong></span> <span class='ocrx_word' id='word_1_24' title='bbox 1571 871 1618 946; x_wconf 79' lang='grc' dir='ltr'><strong>ι)</strong></span> <span class='ocrx_word' id='word_1_25' title='bbox 1662 866 1778 950; x_wconf 88' lang='lat' dir='ltr'><strong>qui</strong></span> <span class='ocrx_word' id='word_1_26' title='bbox 1821 865 1995 950; x_wconf 85' lang='lat' dir='ltr'><strong>apud</strong></span> <span class='ocrx_word' id='word_1_27' title='bbox 2038 885 2158 932; x_wconf 89' lang='lat' dir='ltr'><strong>nos</strong></span> 
     </span>
     <span class='ocr_line' id='line_1_13' title="bbox 235 952 2158 1040; baseline -0.001 -21"><span class='ocrx_word' id='word_1_28' title='bbox 235 955 355 1039; x_wconf 75' lang='lat' dir='ltr'><strong>agit</strong></span> <span class='ocrx_word' id='word_1_29' title='bbox 392 956 646 1040; x_wconf 82' lang='lat' dir='ltr'><strong>rogavit</strong></span> <span class='ocrx_word' id='word_1_30' title='bbox 685 975 794 1019; x_wconf 93' lang='lat' dir='ltr'><strong>me</strong></span> <span class='ocrx_word' id='word_1_31' title='bbox 837 962 913 1020; x_wconf 86' lang='lat' dir='ltr'><strong>ut</strong></span> <span class='ocrx_word' id='word_1_32' title='bbox 946 954 1067 1022; x_wconf 81' lang='lat' dir='ltr'><strong>tibi</strong></span> <span class='ocrx_word' id='word_1_33' title='bbox 1131 952 1659 1022; x_wconf 73' lang='lat' dir='ltr'><strong>commendarem</strong></span> <span class='ocrx_word' id='word_1_34' title='bbox 1714 953 1960 1018; x_wconf 88' lang='lat' dir='ltr'><strong>sororis</strong></span> <span class='ocrx_word' id='word_1_35' title='bbox 2001 971 2158 1017; x_wconf 87' lang='lat' dir='ltr'><strong>suae</strong></span> 
     </span>
     <span class='ocr_line' id='line_1_14' title="bbox 235 1036 2157 1124; baseline -0.003 -17"><span class='ocrx_word' id='word_1_36' title='bbox 235 1040 434 1107; x_wconf 82' lang='lat' dir='ltr'><strong>uxoris</strong></span> <span class='ocrx_word' id='word_1_37' title='bbox 483 1059 776 1119; x_wconf 76' lang='lat' dir='ltr'><strong>causam,</strong></span> <span class='ocrx_word' id='word_1_38' title='bbox 835 1060 1003 1123; x_wconf 84' lang='lat' dir='ltr'><strong>quae</strong></span> <span class='ocrx_word' id='word_1_39' title='bbox 1058 1041 1287 1124; x_wconf 88' lang='lat' dir='ltr'><strong>nupsit</strong></span> <span class='ocrx_word' id='word_1_40' title='bbox 1328 1038 1599 1104; x_wconf 83' lang='lat' dir='ltr'><strong>Nicolao</strong></span> <span class='ocrx_word' id='word_1_41' title='bbox 1648 1036 1991 1105; x_wconf 68' lang='lat' dir='ltr'><strong>Thiobeleio</strong></span> <span class='ocrx_word' id='word_1_42' title='bbox 2044 1037 2157 1120; x_wconf 89' lang='lat' dir='ltr'><strong>qui</strong></span> 
     </span>
     <span class='ocr_line' id='line_1_15' title="bbox 234 1124 2157 1212; baseline -0.003 -19"><span class='ocrx_word' id='word_1_43' title='bbox 234 1125 387 1211; x_wconf 76' lang='lat' dir='ltr'><strong>apud</strong></span> <span class='ocrx_word' id='word_1_44' title='bbox 426 1147 543 1193; x_wconf 81' lang='lat' dir='ltr'><strong>vos</strong></span> <span class='ocrx_word' id='word_1_45' title='bbox 587 1128 742 1212; x_wconf 76' lang='lat' dir='ltr'><strong>agit</strong></span> <span class='ocrx_word' id='word_1_46' title='bbox 829 1126 1079 1192; x_wconf 88' lang='lat' dir='ltr'><strong>Parum</strong></span> <span class='ocrx_word' id='word_1_47' title='bbox 1136 1126 1448 1192; x_wconf 87' lang='lat' dir='ltr'><strong>convenit</strong></span> <span class='ocrx_word' id='word_1_48' title='bbox 1499 1126 1674 1190; x_wconf 89' lang='lat' dir='ltr'><strong>inter</strong></span> <span class='ocrx_word' id='word_1_49' title='bbox 1729 1124 2045 1189; x_wconf 89' lang='lat' dir='ltr'><strong>maritum</strong></span> <span class='ocrx_word' id='word_1_50' title='bbox 2089 1134 2157 1188; x_wconf 91' lang='lat' dir='ltr'><strong>et</strong></span> 
     </span>
     <span class='ocr_line' id='line_1_16' title="bbox 234 1209 2156 1295; baseline -0.003 -17"><span class='ocrx_word' id='word_1_51' title='bbox 234 1233 494 1289; x_wconf 82' lang='lat' dir='ltr'><strong>uxorem,</strong></span> <span class='ocrx_word' id='word_1_52' title='bbox 536 1212 811 1279; x_wconf 81' lang='lat' dir='ltr'><strong>fortasse</strong></span> <span class='ocrx_word' id='word_1_53' title='bbox 864 1212 1205 1295; x_wconf 90' lang='lat' dir='ltr'><strong>utriusque</strong></span> <span class='ocrx_word' id='word_1_54' title='bbox 1262 1211 1472 1293; x_wconf 89' lang='lat' dir='ltr'><strong>culpa.</strong></span> <span class='ocrx_word' id='word_1_55' title='bbox 1561 1209 1841 1275; x_wconf 81' lang='lat' dir='ltr'><strong>Audivit</strong></span> <span class='ocrx_word' id='word_1_56' title='bbox 1881 1229 2156 1274; x_wconf 80' lang='lat' dir='ltr'><strong>uxorem</strong></span> 
     </span>
     <span class='ocr_line' id='line_1_17' title="bbox 232 1294 2153 1382; baseline -0.002 -19"><span class='ocrx_word' id='word_1_57' title='bbox 232 1320 414 1381; x_wconf 81' lang='lat' dir='ltr'>nuper</span> <span class='ocrx_word' id='word_1_58' title='bbox 453 1318 494 1362; x_wconf 98' lang='lat' dir='ltr'><strong>a</strong></span> <span class='ocrx_word' id='word_1_59' title='bbox 542 1299 781 1364; x_wconf 84' lang='lat' dir='ltr'><strong>marito</strong></span> <span class='ocrx_word' id='word_1_60' title='bbox 835 1298 1183 1382; x_wconf 73' lang='lat' dir='ltr'><strong>aufugisse.</strong></span> <span class='ocrx_word' id='word_1_61' title='bbox 1272 1295 1661 1378; x_wconf 72' lang='lat' dir='ltr'><strong>suspicatur</strong></span> <span class='ocrx_word' id='word_1_62' title='bbox 1708 1294 1957 1361; x_wconf 77' lang='lat' dir='ltr'><strong>Paulus</strong></span> <span class='ocrx_word' id='word_1_63' title='bbox 2013 1315 2153 1359; x_wconf 91' lang='lat' dir='ltr'><strong>ma-</strong></span> 
     </span>
     <span class='ocr_line' id='line_1_18' title="bbox 232 1379 2153 1468; baseline -0.003 -19"><span class='ocrx_word' id='word_1_64' title='bbox 232 1385 405 1449; x_wconf 87' lang='lat' dir='ltr'><strong>ritum</strong></span> <span class='ocrx_word' id='word_1_65' title='bbox 437 1385 834 1451; x_wconf 82' lang='lat' dir='ltr'><strong>severiorem</strong></span> <span class='ocrx_word' id='word_1_66' title='bbox 868 1393 935 1449; x_wconf 90' lang='lat' dir='ltr'><strong>et</strong></span> <span class='ocrx_word' id='word_1_67' title='bbox 977 1381 1358 1468; x_wconf 82' lang='lat' dir='ltr'><strong>rigidiorem</strong></span> <span class='ocrx_word' id='word_1_68' title='bbox 1397 1402 1591 1465; x_wconf 86' lang='lat' dir='ltr'><strong>quam</strong></span> <span class='ocrx_word' id='word_1_69' title='bbox 1626 1381 1854 1447; x_wconf 83' lang='lat' dir='ltr'><strong>iuveni</strong></span> <span class='ocrx_word' id='word_1_70' title='bbox 1887 1379 2153 1445; x_wconf 90' lang='lat' dir='ltr'><strong>mulier-</strong></span> 
     </span>
     <span class='ocr_line' id='line_1_19' title="bbox 232 1465 2150 1552; baseline -0.003 -17"><span class='ocrx_word' id='word_1_71' title='bbox 232 1469 389 1535; x_wconf 83' lang='lat' dir='ltr'><strong>culae</strong></span> <span class='ocrx_word' id='word_1_72' title='bbox 429 1469 793 1536; x_wconf 83' lang='lat' dir='ltr'><strong>conveniat.</strong></span> <span class='ocrx_word' id='word_1_73' title='bbox 887 1468 1282 1535; x_wconf 84' lang='lat' dir='ltr'><strong>Admonebis</strong></span> <span class='ocrx_word' id='word_1_74' title='bbox 1323 1469 1530 1552; x_wconf 87' lang='lat' dir='ltr'><strong>igitur</strong></span> <span class='ocrx_word' id='word_1_75' title='bbox 1565 1468 1900 1533; x_wconf 86' lang='lat' dir='ltr'><strong>hominem</strong></span> <span class='ocrx_word' id='word_1_76' title='bbox 1934 1465 2150 1543; x_wconf 88' lang='lat' dir='ltr'><strong>officii,</strong></span> 
     </span>
     <span class='ocr_line' id='line_1_20' title="bbox 230 1550 2153 1706; baseline -0.002 -86"><span class='ocrx_word' id='word_1_77' title='bbox 230 1554 415 1706; x_wconf 58' lang='grc' dir='ltr'>ἓυοεᾶ</span> <span class='ocrx_word' id='word_1_78' title='bbox 476 1555 740 1640; x_wconf 89' lang='lat' dir='ltr'><strong>quidem</strong></span> <span class='ocrx_word' id='word_1_79' title='bbox 798 1556 918 1622; x_wconf 90' lang='lat' dir='ltr'><strong>tibi</strong></span> <span class='ocrx_word' id='word_1_80' title='bbox 962 1575 1160 1621; x_wconf 86' lang='lat' dir='ltr'><strong>causa</strong></span> <span class='ocrx_word' id='word_1_81' title='bbox 1224 1554 1565 1637; x_wconf 90' lang='lat' dir='ltr'><strong>utriusque</strong></span> <span class='ocrx_word' id='word_1_82' title='bbox 1607 1552 1935 1636; x_wconf 90' lang='lat' dir='ltr'><strong>postulare</strong></span> <span class='ocrx_word' id='word_1_83' title='bbox 1977 1550 2153 1618; x_wconf 83' lang='lat' dir='ltr'><strong>vide-</strong></span> 
     </span>
     <span class='ocr_line' id='line_1_21' title="bbox 262 1642 398 1706; baseline 0.007 -1"><span class='ocrx_word' id='word_1_84' title='bbox 262 1642 398 1706; x_wconf 90' lang='lat' dir='ltr'><strong>itur.</strong></span> 
     </span>
    </p>

    <p class='ocr_par' dir='ltr' id='par_1_12' title="bbox 227 1723 2152 3528">
     <span class='ocr_line' id='line_1_22' title="bbox 372 1723 2151 1811; baseline -0.002 -19"><span class='ocrx_word' id='word_1_85' title='bbox 372 1727 473 1792; x_wconf 90' lang='lat' dir='ltr'><strong>De</strong></span> <span class='ocrx_word' id='word_1_86' title='bbox 516 1727 713 1793; x_wconf 88' lang='lat' dir='ltr'><strong>rebus</strong></span> <span class='ocrx_word' id='word_1_87' title='bbox 748 1725 994 1793; x_wconf 88' lang='lat' dir='ltr'><strong>nostris</strong></span> <span class='ocrx_word' id='word_1_88' title='bbox 1027 1723 1183 1792; x_wconf 89' lang='lat' dir='ltr'><strong>audi</strong></span> <span class='ocrx_word' id='word_1_89' title='bbox 1224 1747 1449 1811; x_wconf 90' lang='lat' dir='ltr'><strong>pauca.</strong></span> <span class='ocrx_word' id='word_1_90' title='bbox 1521 1723 1842 1810; x_wconf 90' lang='lat' dir='ltr'><strong>Proposui</strong></span> <span class='ocrx_word' id='word_1_91' title='bbox 1886 1724 1954 1790; x_wconf 91' lang='lat' dir='ltr'><strong>in</strong></span> <span class='ocrx_word' id='word_1_92' title='bbox 2000 1744 2151 1808; x_wconf 91' lang='lat' dir='ltr'><strong>pro-</strong></span> 
     </span>
     <span class='ocr_line' id='line_1_23' title="bbox 229 1808 2151 1897; baseline -0.002 -20"><span class='ocrx_word' id='word_1_93' title='bbox 229 1811 379 1877; x_wconf 85' lang='lat' dir='ltr'><strong>ximo</strong></span> <span class='ocrx_word' id='word_1_94' title='bbox 434 1813 716 1879; x_wconf 75' lang='lat' dir='ltr'><strong>fratrum</strong></span> <span class='ocrx_word' id='word_1_95' title='bbox 780 1821 1113 1878; x_wconf 77' lang='lat' dir='ltr'><strong>conventu</strong></span> <span class='ocrx_word' id='word_1_96' title='bbox 1166 1814 1337 1897; x_wconf 90' lang='lat' dir='ltr'><strong>quod</strong></span> <span class='ocrx_word' id='word_1_97' title='bbox 1397 1811 1480 1878; x_wconf 91' lang='lat' dir='ltr'><strong>ad</strong></span> <span class='ocrx_word' id='word_1_98' title='bbox 1526 1822 1590 1878; x_wconf 85' lang='lat' dir='ltr'><strong>te</strong></span> <span class='ocrx_word' id='word_1_99' title='bbox 1634 1812 2027 1894; x_wconf 72' lang='lat' dir='ltr'><strong>scripseram</strong></span> <span class='ocrx_word' id='word_1_100' title='bbox 2070 1808 2151 1874; x_wconf 90' lang='lat' dir='ltr'><strong>de</strong></span> 
     </span>
     <span class='ocr_line' id='line_1_24' title="bbox 227 1894 2152 1982; baseline -0.001 -20"><span class='ocrx_word' id='word_1_101' title='bbox 227 1896 635 1965; x_wconf 86' lang='lat' dir='ltr'><strong>Beruensium</strong></span> <span class='ocrx_word' id='word_1_102' title='bbox 692 1897 921 1964; x_wconf 90' lang='lat' dir='ltr'><strong>edicto.</strong></span> <span class='ocrx_word' id='word_1_103' title='bbox 943 1899 1000 1976; x_wconf 60' lang='grc'><strong>2)</strong></span> <span class='ocrx_word' id='word_1_104' title='bbox 1086 1897 1299 1964; x_wconf 84' lang='lat' dir='ltr'><strong>Electi</strong></span> <span class='ocrx_word' id='word_1_105' title='bbox 1358 1918 1623 1964; x_wconf 89' lang='lat' dir='ltr'><strong>eramus</strong></span> <span class='ocrx_word' id='word_1_106' title='bbox 1669 1918 1789 1982; x_wconf 92' lang='lat' dir='ltr'><strong>ego</strong></span> <span class='ocrx_word' id='word_1_107' title='bbox 1847 1905 1914 1962; x_wconf 88' lang='lat' dir='ltr'><strong>et</strong></span> <span class='ocrx_word' id='word_1_108' title='bbox 1972 1894 2152 1961; x_wconf 65' lang='lat' dir='ltr'><strong>Besa</strong></span> 
     </span>
     <span class='ocr_line' id='line_1_25' title="bbox 228 1982 2151 2067; baseline -0.001 -19"><span class='ocrx_word' id='word_1_109' title='bbox 228 1993 289 2048; x_wconf 87' lang='lat' dir='ltr'><strong>ut</strong></span> <span class='ocrx_word' id='word_1_110' title='bbox 304 1983 586 2051; x_wconf 75' lang='lat' dir='ltr'><strong>Bel-nam</strong></span> <span class='ocrx_word' id='word_1_111' title='bbox 607 1984 779 2050; x_wconf 91' lang='lat' dir='ltr'><strong>hanc</strong></span> <span class='ocrx_word' id='word_1_112' title='bbox 802 1985 1012 2051; x_wconf 85' lang='lat' dir='ltr'><strong>acturi</strong></span> <span class='ocrx_word' id='word_1_113' title='bbox 1033 2004 1303 2050; x_wconf 85' lang='lat' dir='ltr'><strong>causam</strong></span> <span class='ocrx_word' id='word_1_114' title='bbox 1322 1984 1902 2067; x_wconf 86' lang='lat' dir='ltr'><strong>proficisceremur.</strong></span> <span class='ocrx_word' id='word_1_115' title='bbox 1968 1982 2151 2047; x_wconf 88' lang='lat' dir='ltr'><strong>Dum</strong></span> 
     </span>
     <span class='ocr_line' id='line_1_26' title="bbox 230 2066 2151 2154; baseline -0.002 -19"><span class='ocrx_word' id='word_1_116' title='bbox 230 2089 328 2135; x_wconf 82' lang='lat' dir='ltr'><strong>ucs</strong></span> <span class='ocrx_word' id='word_1_117' title='bbox 364 2068 443 2135; x_wconf 87' lang='lat' dir='ltr'><strong>ad</strong></span> <span class='ocrx_word' id='word_1_118' title='bbox 478 2069 652 2136; x_wconf 89' lang='lat' dir='ltr'><strong>hanc</strong></span> <span class='ocrx_word' id='word_1_119' title='bbox 684 2070 1081 2154; x_wconf 78' lang='lat' dir='ltr'><strong>legationem</strong></span> <span class='ocrx_word' id='word_1_120' title='bbox 1116 2089 1533 2153; x_wconf 89' lang='lat' dir='ltr'><strong>apparamus,</strong></span> <span class='ocrx_word' id='word_1_121' title='bbox 1578 2069 1751 2134; x_wconf 88' lang='lat' dir='ltr'><strong>redit</strong></span> <span class='ocrx_word' id='word_1_122' title='bbox 1770 2066 2151 2150; x_wconf 75' lang='lat' dir='ltr'><strong>Stephanus</strong></span> 
     </span>
     <span class='ocr_line' id='line_1_27' title="bbox 229 2153 2149 2239; baseline -0.002 -19"><span class='ocrx_word' id='word_1_123' title='bbox 229 2153 688 2239; x_wconf 66' lang='lat' dir='ltr'><strong>Louyooiuanue</strong></span> <span class='ocrx_word' id='word_1_124' title='bbox 708 2159 764 2233; x_wconf 82' lang='lat'><strong>⁸)</strong></span> <span class='ocrx_word' id='word_1_125' title='bbox 808 2156 1051 2237; x_wconf 83' lang='lat' dir='ltr'><strong>Berua,</strong></span> <span class='ocrx_word' id='word_1_126' title='bbox 1093 2156 1208 2239; x_wconf 84' lang='lat' dir='ltr'><strong>qui</strong></span> <span class='ocrx_word' id='word_1_127' title='bbox 1241 2155 1586 2222; x_wconf 76' lang='lat' dir='ltr'><strong>renunciat</strong></span> <span class='ocrx_word' id='word_1_128' title='bbox 1617 2153 1686 2220; x_wconf 88' lang='lat' dir='ltr'><strong>id</strong></span> <span class='ocrx_word' id='word_1_129' title='bbox 1720 2155 1852 2220; x_wconf 89' lang='lat' dir='ltr'><strong>iam</strong></span> <span class='ocrx_word' id='word_1_130' title='bbox 1888 2173 2149 2219; x_wconf 88' lang='lat' dir='ltr'><strong>erasum</strong></span> 
     </span>
     <span class='ocr_line' id='line_1_28' title="bbox 228 2237 2150 2324; baseline -0.001 -18"><span class='ocrx_word' id='word_1_131' title='bbox 228 2260 347 2306; x_wconf 82' lang='lat' dir='ltr'><strong>esse</strong></span> <span class='ocrx_word' id='word_1_132' title='bbox 383 2239 559 2324; x_wconf 87' lang='lat' dir='ltr'><strong>qnod</strong></span> <span class='ocrx_word' id='word_1_133' title='bbox 600 2261 723 2307; x_wconf 87' lang='lat' dir='ltr'><strong>nos</strong></span> <span class='ocrx_word' id='word_1_134' title='bbox 759 2242 1017 2308; x_wconf 85' lang='lat' dir='ltr'><strong>urebat:</strong></span> <span class='ocrx_word' id='word_1_135' title='bbox 1076 2262 1147 2309; x_wconf 85' lang='lat' dir='ltr'><strong>se</strong></span> <span class='ocrx_word' id='word_1_136' title='bbox 1192 2242 1432 2308; x_wconf 81' lang='lat' dir='ltr'><strong>vidisse</strong></span> <span class='ocrx_word' id='word_1_137' title='bbox 1476 2240 1875 2323; x_wconf 83' lang='lat' dir='ltr'><strong>exemplaria</strong></span> <span class='ocrx_word' id='word_1_138' title='bbox 1914 2237 2150 2323; x_wconf 88' lang='lat' dir='ltr'><strong>gallica</strong></span> 
     </span>
     <span class='ocr_line' id='line_1_29' title="bbox 230 2324 2148 2412; baseline -0.001 -22"><span class='ocrx_word' id='word_1_139' title='bbox 230 2324 362 2404; x_wconf 90' lang='lat' dir='ltr'><strong>duc,</strong></span> <span class='ocrx_word' id='word_1_140' title='bbox 413 2327 486 2392; x_wconf 88' lang='lat' dir='ltr'><strong>in</strong></span> <span class='ocrx_word' id='word_1_141' title='bbox 553 2346 834 2410; x_wconf 87' lang='lat' dir='ltr'><strong>quorum</strong></span> <span class='ocrx_word' id='word_1_142' title='bbox 890 2327 1098 2394; x_wconf 88' lang='lat' dir='ltr'><strong>altero</strong></span> <span class='ocrx_word' id='word_1_143' title='bbox 1153 2325 1222 2392; x_wconf 91' lang='lat' dir='ltr'><strong>id</strong></span> <span class='ocrx_word' id='word_1_144' title='bbox 1278 2327 1540 2412; x_wconf 90' lang='lat' dir='ltr'><strong>quidem</strong></span> <span class='ocrx_word' id='word_1_145' title='bbox 1595 2327 1913 2408; x_wconf 87' lang='lat' dir='ltr'><strong>scriptum</strong></span> <span class='ocrx_word' id='word_1_146' title='bbox 1956 2331 2148 2402; x_wconf 87' lang='lat' dir='ltr'><strong>esset,</strong></span> 
     </span>
     <span class='ocr_line' id='line_1_30' title="bbox 228 2410 2148 2492; baseline -0.001 -16"><span class='ocrx_word' id='word_1_147' title='bbox 228 2410 322 2476; x_wconf 85' lang='lat' dir='ltr'><strong>sed</strong></span> <span class='ocrx_word' id='word_1_148' title='bbox 379 2412 733 2480; x_wconf 88' lang='lat' dir='ltr'><strong>obductum</strong></span> <span class='ocrx_word' id='word_1_149' title='bbox 796 2413 1023 2492; x_wconf 88' lang='lat' dir='ltr'><strong>litura,</strong></span> <span class='ocrx_word' id='word_1_150' title='bbox 1097 2414 1167 2478; x_wconf 90' lang='lat' dir='ltr'><strong>in</strong></span> <span class='ocrx_word' id='word_1_151' title='bbox 1223 2413 1427 2479; x_wconf 90' lang='lat' dir='ltr'><strong>altero</strong></span> <span class='ocrx_word' id='word_1_152' title='bbox 1573 2413 1755 2478; x_wconf 91' lang='lat' dir='ltr'><strong>nitus</strong></span> <span class='ocrx_word' id='word_1_153' title='bbox 1818 2411 2148 2476; x_wconf 89' lang='lat' dir='ltr'><strong>omissum.</strong></span> 
     </span>
     <span class='ocr_line' id='line_1_31' title="bbox 228 2495 2149 2583; baseline 0.001 -23"><span class='ocrx_word' id='word_1_154' title='bbox 228 2495 400 2563; x_wconf 88' lang='lat' dir='ltr'><strong>Paulo</strong></span> <span class='ocrx_word' id='word_1_155' title='bbox 432 2507 586 2583; x_wconf 87' lang='lat' dir='ltr'><strong>post</strong></span> <span class='ocrx_word' id='word_1_156' title='bbox 618 2497 913 2565; x_wconf 75' lang='lat' dir='ltr'><strong>redditae</strong></span> <span class='ocrx_word' id='word_1_157' title='bbox 948 2507 1102 2565; x_wconf 89' lang='lat' dir='ltr'><strong>sunt</strong></span> <span class='ocrx_word' id='word_1_158' title='bbox 1136 2498 1302 2564; x_wconf 88' lang='lat' dir='ltr'><strong>mihi</strong></span> <span class='ocrx_word' id='word_1_159' title='bbox 1344 2497 1415 2564; x_wconf 88' lang='lat' dir='ltr'><strong><em>H</em></strong></span> <span class='ocrx_word' id='word_1_160' title='bbox 1586 2499 1598 2512; x_wconf 86' lang='lat'><strong><em>&#39;</em></strong></span> <span class='ocrx_word' id='word_1_161' title='bbox 1634 2497 1861 2563; x_wconf 89' lang='lat' dir='ltr'><strong>literae</strong></span> <span class='ocrx_word' id='word_1_162' title='bbox 1885 2498 1946 2574; x_wconf 87' lang='lat'><strong>⁴)</strong></span> <span class='ocrx_word' id='word_1_163' title='bbox 1985 2516 2149 2578; x_wconf 86' lang='lat' dir='ltr'><strong>quae</strong></span> 
     </span>
     <span class='ocr_line' id='line_1_32' title="bbox 229 2581 2150 2670; baseline -0.001 -24"><span class='ocrx_word' id='word_1_164' title='bbox 229 2581 326 2649; x_wconf 89' lang='lat' dir='ltr'><strong>hoc</strong></span> <span class='ocrx_word' id='word_1_165' title='bbox 364 2584 579 2668; x_wconf 88' lang='lat' dir='ltr'><strong>ipsum</strong></span> <span class='ocrx_word' id='word_1_166' title='bbox 620 2584 834 2670; x_wconf 90' lang='lat' dir='ltr'><strong>magis</strong></span> <span class='ocrx_word' id='word_1_167' title='bbox 873 2586 1364 2652; x_wconf 88' lang='lat' dir='ltr'><strong>confirmarunt.</strong></span> <span class='ocrx_word' id='word_1_168' title='bbox 1430 2584 1565 2649; x_wconf 88' lang='lat' dir='ltr'><strong>Eas</strong></span> <span class='ocrx_word' id='word_1_169' title='bbox 1609 2581 1692 2649; x_wconf 91' lang='lat' dir='ltr'><strong>ad</strong></span> <span class='ocrx_word' id='word_1_170' title='bbox 1736 2591 1803 2647; x_wconf 92' lang='lat' dir='ltr'><strong>te</strong></span> <span class='ocrx_word' id='word_1_171' title='bbox 1846 2582 2040 2646; x_wconf 91' lang='lat' dir='ltr'><strong>mitto</strong></span> <span class='ocrx_word' id='word_1_172' title='bbox 2076 2589 2150 2646; x_wconf 90' lang='lat' dir='ltr'><strong>ut</strong></span> 
     </span>
     <span class='ocr_line' id='line_1_33' title="bbox 230 2667 2148 2755; baseline -0.001 -22"><span class='ocrx_word' id='word_1_173' title='bbox 230 2688 292 2733; x_wconf 81' lang='lat' dir='ltr'><strong>ex</strong></span> <span class='ocrx_word' id='word_1_174' title='bbox 330 2671 406 2737; x_wconf 86' lang='lat' dir='ltr'><strong>iis</strong></span> <span class='ocrx_word' id='word_1_175' title='bbox 439 2669 653 2736; x_wconf 89' lang='lat' dir='ltr'><strong>intelli</strong></span> <span class='ocrx_word' id='word_1_176' title='bbox 808 2670 965 2755; x_wconf 91' lang='lat' dir='ltr'><strong>quid</strong></span> <span class='ocrx_word' id='word_1_177' title='bbox 998 2672 1142 2755; x_wconf 89' lang='lat' dir='ltr'><strong>ipse</strong></span> <span class='ocrx_word' id='word_1_178' title='bbox 1183 2671 1442 2746; x_wconf 88' lang='lat' dir='ltr'><strong>sentiat,</strong></span> <span class='ocrx_word' id='word_1_179' title='bbox 1488 2679 1881 2751; x_wconf 81' lang='lat' dir='ltr'><strong>excusetquc</strong></span> <span class='ocrx_word' id='word_1_180' title='bbox 1918 2668 1986 2731; x_wconf 91' lang='lat' dir='ltr'><strong>in</strong></span> <span class='ocrx_word' id='word_1_181' title='bbox 2025 2667 2148 2732; x_wconf 91' lang='lat' dir='ltr'><strong>hac</strong></span> 
     </span>
     <span class='ocr_line' id='line_1_34' title="bbox 231 2753 2146 2839; baseline -0.001 -20"><span class='ocrx_word' id='word_1_182' title='bbox 231 2763 340 2820; x_wconf 83' lang='lat' dir='ltr'><strong>tota</strong></span> <span class='ocrx_word' id='word_1_183' title='bbox 378 2777 482 2835; x_wconf 91' lang='lat' dir='ltr'><strong>re,</strong></span> <span class='ocrx_word' id='word_1_184' title='bbox 529 2769 599 2822; x_wconf 91' lang='lat' dir='ltr'><strong>et</strong></span> <span class='ocrx_word' id='word_1_185' title='bbox 685 2778 722 2822; x_wconf 90' lang='lat' dir='ltr'><strong>e</strong></span> <span class='ocrx_word' id='word_1_186' title='bbox 765 2757 1039 2823; x_wconf 90' lang='lat' dir='ltr'><strong>sublatis</strong></span> <span class='ocrx_word' id='word_1_187' title='bbox 1082 2756 1255 2839; x_wconf 89' lang='lat' dir='ltr'><strong>apud</strong></span> <span class='ocrx_word' id='word_1_188' title='bbox 1301 2777 1421 2821; x_wconf 80' lang='lat' dir='ltr'><strong>vos</strong></span> <span class='ocrx_word' id='word_1_189' title='bbox 1466 2755 1643 2820; x_wconf 88' lang='lat' dir='ltr'><strong>feriis</strong></span> <span class='ocrx_word' id='word_1_190' title='bbox 1685 2753 1839 2836; x_wconf 90' lang='lat' dir='ltr'><strong>quid</strong></span> <span class='ocrx_word' id='word_1_191' title='bbox 1884 2754 2146 2818; x_wconf 88' lang='lat' dir='ltr'><strong>scribat.</strong></span> 
     </span>
     <span class='ocr_line' id='line_1_35' title="bbox 228 2836 2147 2925; baseline 0 -20"><span class='ocrx_word' id='word_1_192' title='bbox 228 2836 449 2908; x_wconf 83' lang='lat' dir='ltr'><strong>Scribis</strong></span> <span class='ocrx_word' id='word_1_193' title='bbox 483 2851 548 2908; x_wconf 92' lang='lat' dir='ltr'><strong>te</strong></span> <span class='ocrx_word' id='word_1_194' title='bbox 582 2842 951 2908; x_wconf 90' lang='lat' dir='ltr'><strong>inconsulto</strong></span> <span class='ocrx_word' id='word_1_195' title='bbox 992 2842 1260 2908; x_wconf 87' lang='lat' dir='ltr'><strong>factum.</strong></span> <span class='ocrx_word' id='word_1_196' title='bbox 1331 2842 1514 2925; x_wconf 83' lang='lat' dir='ltr'><strong>Ergo</strong></span> <span class='ocrx_word' id='word_1_197' title='bbox 1557 2860 1691 2904; x_wconf 92' lang='lat' dir='ltr'><strong>non</strong></span> <span class='ocrx_word' id='word_1_198' title='bbox 1720 2859 1953 2921; x_wconf 88' lang='lat' dir='ltr'><strong>parum</strong></span> <span class='ocrx_word' id='word_1_199' title='bbox 1998 2859 2147 2921; x_wconf 87' lang='lat' dir='ltr'><strong>pec·-</strong></span> 
     </span>
     <span class='ocr_line' id='line_1_36' title="bbox 227 2924 2148 3010; baseline -0.001 -20"><span class='ocrx_word' id='word_1_200' title='bbox 227 2935 420 2992; x_wconf 81' lang='lat' dir='ltr'><strong>oatum</strong></span> <span class='ocrx_word' id='word_1_201' title='bbox 458 2939 561 2993; x_wconf 86' lang='lat' dir='ltr'><strong>est</strong></span> <span class='ocrx_word' id='word_1_202' title='bbox 604 2950 644 2993; x_wconf 89' lang='lat' dir='ltr'><strong>a</strong></span> <span class='ocrx_word' id='word_1_203' title='bbox 686 2930 922 2994; x_wconf 82' lang='lat' dir='ltr'><strong>vestris</strong></span> <span class='ocrx_word' id='word_1_204' title='bbox 964 2926 1362 3004; x_wconf 88' lang='lat' dir='ltr'><strong>hominibus,</strong></span> <span class='ocrx_word' id='word_1_205' title='bbox 1406 2924 1577 3010; x_wconf 90' lang='lat' dir='ltr'><strong>quod</strong></span> <span class='ocrx_word' id='word_1_206' title='bbox 1613 2925 1696 2991; x_wconf 93' lang='lat' dir='ltr'><strong>de</strong></span> <span class='ocrx_word' id='word_1_207' title='bbox 1730 2925 2011 3009; x_wconf 83' lang='lat' dir='ltr'><strong>negotiis</strong></span> <span class='ocrx_word' id='word_1_208' title='bbox 2046 2945 2148 2989; x_wconf 91' lang='lat' dir='ltr'><strong>re·</strong></span> 
     </span>
     <span class='ocr_line' id='line_1_37' title="bbox 227 3008 2151 3094; baseline -0.002 -17"><span class='ocrx_word' id='word_1_209' title='bbox 227 3008 457 3094; x_wconf 78' lang='lat' dir='ltr'><strong>ligicm’s</strong></span> <span class='ocrx_word' id='word_1_210' title='bbox 533 3021 831 3079; x_wconf 81' lang='lat' dir='ltr'><strong>statuant</strong></span> <span class='ocrx_word' id='word_1_211' title='bbox 906 3014 1095 3079; x_wconf 78' lang='lat' dir='ltr'><strong>vobis</strong></span> <span class='ocrx_word' id='word_1_212' title='bbox 1157 3012 1575 3078; x_wconf 79' lang='lat' dir='ltr'><strong>inconsultis:</strong></span> <span class='ocrx_word' id='word_1_213' title='bbox 1697 3032 1821 3076; x_wconf 91' lang='lat' dir='ltr'><strong>uae</strong></span> <span class='ocrx_word' id='word_1_214' title='bbox 1881 3032 1988 3076; x_wconf 91' lang='lat' dir='ltr'><strong>res</strong></span> <span class='ocrx_word' id='word_1_215' title='bbox 2050 3017 2151 3075; x_wconf 90' lang='lat' dir='ltr'><strong>est</strong></span> 
     </span>
     <span class='ocr_line' id='line_1_38' title="bbox 230 3096 2150 3183; baseline -0.001 -21"><span class='ocrx_word' id='word_1_216' title='bbox 230 3099 477 3183; x_wconf 83' lang='lat' dir='ltr'><strong>exempli</strong></span> <span class='ocrx_word' id='word_1_217' title='bbox 511 3119 646 3165; x_wconf 89' lang='lat' dir='ltr'><strong>non</strong></span> <span class='ocrx_word' id='word_1_218' title='bbox 694 3098 863 3165; x_wconf 91' lang='lat' dir='ltr'><strong>boni.</strong></span> <span class='ocrx_word' id='word_1_219' title='bbox 930 3098 1077 3166; x_wconf 84' lang='lat' dir='ltr'><strong>Scis</strong></span> <span class='ocrx_word' id='word_1_220' title='bbox 1121 3096 1277 3183; x_wconf 89' lang='lat' dir='ltr'><strong>quid</strong></span> <span class='ocrx_word' id='word_1_221' title='bbox 1321 3120 1361 3163; x_wconf 91' lang='lat' dir='ltr'><strong>a</strong></span> <span class='ocrx_word' id='word_1_222' title='bbox 1398 3096 1641 3165; x_wconf 88' lang='lat' dir='ltr'><strong>nostris</strong></span> <span class='ocrx_word' id='word_1_223' title='bbox 1731 3116 1806 3163; x_wconf 91' lang='lat' dir='ltr'><strong>ac</strong></span> <span class='ocrx_word' id='word_1_224' title='bbox 1849 3098 1919 3161; x_wconf 91' lang='lat' dir='ltr'><strong>in</strong></span> <span class='ocrx_word' id='word_1_225' title='bbox 1964 3107 2150 3179; x_wconf 86' lang='lat' dir='ltr'><strong>parte</strong></span> 
     </span>
     <span class='ocr_line' id='line_1_39' title="bbox 230 3182 2149 3269; baseline -0.003 -18"><span class='ocrx_word' id='word_1_226' title='bbox 230 3185 525 3267; x_wconf 78' lang='lat' dir='ltr'><strong>requirere</strong></span> <span class='ocrx_word' id='word_1_227' title='bbox 583 3184 927 3252; x_wconf 87' lang='lat' dir='ltr'><strong>soleamus.</strong></span> <span class='ocrx_word' id='word_1_228' title='bbox 1018 3183 1413 3269; x_wconf 79' lang='lat' dir='ltr'><strong>Quanquam</strong></span> <span class='ocrx_word' id='word_1_229' title='bbox 1472 3205 1604 3248; x_wconf 91' lang='lat' dir='ltr'><strong>non</strong></span> <span class='ocrx_word' id='word_1_230' title='bbox 1670 3183 1938 3267; x_wconf 88' lang='lat' dir='ltr'><strong>ignoras</strong></span> <span class='ocrx_word' id='word_1_231' title='bbox 1991 3182 2149 3266; x_wconf 88' lang='lat' dir='ltr'><strong>quid</strong></span> 
     </span>
     <span class='ocr_line' id='line_1_40' title="bbox 237 3269 2149 3357; baseline -0.001 -22"><span class='ocrx_word' id='word_1_232' title='bbox 237 3285 333 3352; x_wconf 77' lang='lat' dir='ltr'><strong>ego</strong></span> <span class='ocrx_word' id='word_1_233' title='bbox 364 3269 442 3335; x_wconf 93' lang='lat' dir='ltr'><strong>de</strong></span> <span class='ocrx_word' id='word_1_234' title='bbox 484 3278 623 3337; x_wconf 89' lang='lat' dir='ltr'><strong>toto</strong></span> <span class='ocrx_word' id='word_1_235' title='bbox 666 3271 792 3337; x_wconf 91' lang='lat' dir='ltr'><strong>hoc</strong></span> <span class='ocrx_word' id='word_1_236' title='bbox 828 3271 1090 3357; x_wconf 89' lang='lat' dir='ltr'><strong>negotio</strong></span> <span class='ocrx_word' id='word_1_237' title='bbox 1133 3270 1434 3347; x_wconf 87' lang='lat' dir='ltr'><strong>sentiam,</strong></span> <span class='ocrx_word' id='word_1_238' title='bbox 1479 3277 1700 3334; x_wconf 89' lang='lat' dir='ltr'><strong>tamen</strong></span> <span class='ocrx_word' id='word_1_239' title='bbox 1749 3288 1893 3333; x_wconf 91' lang='lat' dir='ltr'><strong>meo</strong></span> <span class='ocrx_word' id='word_1_240' title='bbox 1936 3269 2149 3335; x_wconf 91' lang='lat' dir='ltr'><strong>consi-</strong></span> 
     </span>
     <span class='ocr_line' id='line_1_41' title="bbox 237 3351 2150 3423; baseline 0 -5"><span class='ocrx_word' id='word_1_241' title='bbox 237 3351 309 3419; x_wconf 89' lang='lat' dir='ltr'><strong>lic</strong></span> <span class='ocrx_word' id='word_1_242' title='bbox 340 3355 549 3423; x_wconf 87' lang='lat' dir='ltr'><strong>idnon</strong></span> <span class='ocrx_word' id='word_1_243' title='bbox 587 3358 683 3423; x_wconf 86' lang='lat' dir='ltr'><strong>ita</strong></span> <span class='ocrx_word' id='word_1_244' title='bbox 714 3358 957 3423; x_wconf 83' lang='lat' dir='ltr'><strong>factum</strong></span> <span class='ocrx_word' id='word_1_245' title='bbox 981 3357 1212 3423; x_wconf 85' lang='lat' dir='ltr'><strong>fuisset</strong></span> <span class='ocrx_word' id='word_1_246' title='bbox 1245 3355 1486 3422; x_wconf 90' lang='lat' dir='ltr'><strong>multas</strong></span> <span class='ocrx_word' id='word_1_247' title='bbox 1526 3354 1610 3420; x_wconf 91' lang='lat' dir='ltr'><strong>ob</strong></span> <span class='ocrx_word' id='word_1_248' title='bbox 1644 3373 1893 3420; x_wconf 87' lang='lat' dir='ltr'><strong>causas.</strong></span> <span class='ocrx_word' id='word_1_249' title='bbox 1958 3354 2150 3420; x_wconf 85' lang='lat' dir='ltr'><strong>Nosti</strong></span> 
     </span>
     <span class='ocr_line' id='line_1_42' title="bbox 232 3440 1725 3528; baseline -0.002 -21"><span class='ocrx_word' id='word_1_250' title='bbox 232 3440 584 3521; x_wconf 80' lang='lat' dir='ltr'><strong>quibuscum</strong></span> <span class='ocrx_word' id='word_1_251' title='bbox 626 3443 912 3528; x_wconf 87' lang='lat' dir='ltr'><strong>ingeniis</strong></span> <span class='ocrx_word' id='word_1_252' title='bbox 956 3442 1143 3509; x_wconf 90' lang='lat' dir='ltr'><strong>nobis</strong></span> <span class='ocrx_word' id='word_1_253' title='bbox 1180 3440 1563 3509; x_wconf 90' lang='lat' dir='ltr'><strong>luctandum</strong></span> <span class='ocrx_word' id='word_1_254' title='bbox 1608 3447 1725 3507; x_wconf 89' lang='lat' dir='ltr'><strong>est.</strong></span> 
     </span>
    </p>

    <p class='ocr_par' dir='ltr' id='par_1_13' title="bbox 233 3525 2152 4279">
     <span class='ocr_line' id='line_1_43' title="bbox 370 3525 2150 3610; baseline -0.003 -15"><span class='ocrx_word' id='word_1_255' title='bbox 370 3529 564 3596; x_wconf 74' lang='lat' dir='ltr'><strong>Mitto</strong></span> <span class='ocrx_word' id='word_1_256' title='bbox 629 3537 697 3595; x_wconf 93' lang='lat' dir='ltr'><strong>et</strong></span> <span class='ocrx_word' id='word_1_257' title='bbox 761 3529 1093 3595; x_wconf 67' lang='lat' dir='ltr'><strong>Zerkiroeae</strong></span> <span class='ocrx_word' id='word_1_258' title='bbox 1154 3528 1413 3607; x_wconf 86' lang='lat' dir='ltr'><strong>literas,</strong></span> <span class='ocrx_word' id='word_1_259' title='bbox 1491 3525 1732 3610; x_wconf 90' lang='lat' dir='ltr'><strong>quibus</strong></span> <span class='ocrx_word' id='word_1_260' title='bbox 1798 3544 2150 3610; x_wconf 85' lang='lat' dir='ltr'><strong>cognosces</strong></span> 
     </span>
     <span class='ocr_line' id='line_1_44' title="bbox 235 3610 2152 3699; baseline -0.002 -20"><span class='ocrx_word' id='word_1_261' title='bbox 235 3631 402 3696; x_wconf 81' lang='lat' dir='ltr'><strong>quam</strong></span> <span class='ocrx_word' id='word_1_262' title='bbox 441 3616 531 3682; x_wconf 90' lang='lat' dir='ltr'><strong>sit</strong></span> <span class='ocrx_word' id='word_1_263' title='bbox 574 3613 992 3699; x_wconf 90' lang='lat' dir='ltr'><strong>perturbatus</strong></span> <span class='ocrx_word' id='word_1_264' title='bbox 1048 3613 1258 3680; x_wconf 89' lang='lat' dir='ltr'><strong>bonus</strong></span> <span class='ocrx_word' id='word_1_265' title='bbox 1311 3614 1417 3681; x_wconf 81' lang='lat' dir='ltr'><strong>vir</strong></span> <span class='ocrx_word' id='word_1_266' title='bbox 1448 3612 1531 3678; x_wconf 89' lang='lat' dir='ltr'><strong>iis</strong></span> <span class='ocrx_word' id='word_1_267' title='bbox 1573 3632 1742 3695; x_wconf 87' lang='lat' dir='ltr'><strong>quae</strong></span> <span class='ocrx_word' id='word_1_268' title='bbox 1785 3610 2073 3677; x_wconf 90' lang='lat' dir='ltr'><strong>nunciat.</strong></span> <span class='ocrx_word' id='word_1_269' title='bbox 2091 3612 2152 3691; x_wconf 71' lang='lat'><strong>⁶)</strong></span> 
     </span>
     <span class='ocr_line' id='line_1_45' title="bbox 236 3696 2152 3784; baseline -0.001 -21"><span class='ocrx_word' id='word_1_270' title='bbox 236 3699 445 3784; x_wconf 80' lang='lat' dir='ltr'><strong>Accepi</strong></span> <span class='ocrx_word' id='word_1_271' title='bbox 497 3700 725 3767; x_wconf 92' lang='lat' dir='ltr'><strong>eodem</strong></span> <span class='ocrx_word' id='word_1_272' title='bbox 784 3699 889 3766; x_wconf 92' lang='lat' dir='ltr'><strong>die</strong></span> <span class='ocrx_word' id='word_1_273' title='bbox 936 3699 1099 3766; x_wconf 90' lang='lat' dir='ltr'><strong>alias</strong></span> <span class='ocrx_word' id='word_1_274' title='bbox 1154 3720 1194 3763; x_wconf 89' lang='lat' dir='ltr'><strong>a</strong></span> <span class='ocrx_word' id='word_1_275' title='bbox 1252 3698 1535 3765; x_wconf 69' lang='lat' dir='ltr'><strong>Sultzero</strong></span> <span class='ocrx_word' id='word_1_276' title='bbox 1598 3696 1889 3780; x_wconf 84' lang='lat' dir='ltr'><strong>eiusdem</strong></span> <span class='ocrx_word' id='word_1_277' title='bbox 1943 3715 2152 3780; x_wconf 87' lang='lat' dir='ltr'><strong>paene</strong></span> 
     </span>
     <span class='ocr_line' id='line_1_46' title="bbox 236 3783 2151 3869; baseline -0.003 -18"><span class='ocrx_word' id='word_1_278' title='bbox 236 3787 608 3869; x_wconf 80' lang='lat' dir='ltr'><strong>argumenti,</strong></span> <span class='ocrx_word' id='word_1_279' title='bbox 658 3805 819 3869; x_wconf 87' lang='lat' dir='ltr'><strong>quas</strong></span> <span class='ocrx_word' id='word_1_280' title='bbox 883 3787 1081 3852; x_wconf 91' lang='lat' dir='ltr'><strong>etiam</strong></span> <span class='ocrx_word' id='word_1_281' title='bbox 1139 3784 1221 3851; x_wconf 93' lang='lat' dir='ltr'><strong>ad</strong></span> <span class='ocrx_word' id='word_1_282' title='bbox 1266 3793 1334 3850; x_wconf 91' lang='lat' dir='ltr'><strong>te</strong></span> <span class='ocrx_word' id='word_1_283' title='bbox 1377 3785 1584 3849; x_wconf 90' lang='lat' dir='ltr'><strong>mitto.</strong></span> <span class='ocrx_word' id='word_1_284' title='bbox 1674 3783 1809 3848; x_wconf 84' lang='lat' dir='ltr'><strong>Eas</strong></span> <span class='ocrx_word' id='word_1_285' title='bbox 1852 3783 1964 3849; x_wconf 91' lang='lat' dir='ltr'><strong>ubi</strong></span> <span class='ocrx_word' id='word_1_286' title='bbox 2007 3801 2151 3865; x_wconf 90' lang='lat' dir='ltr'><strong>per-</strong></span> 
     </span>
     <span class='ocr_line' id='line_1_47' title="bbox 234 3866 2150 3954; baseline -0.003 -16"><span class='ocrx_word' id='word_1_287' title='bbox 234 3866 438 3954; x_wconf 73' lang='lat' dir='ltr'><strong>legeris</strong></span> <span class='ocrx_word' id='word_1_288' title='bbox 499 3872 764 3938; x_wconf 89' lang='lat' dir='ltr'><strong>remitte</strong></span> <span class='ocrx_word' id='word_1_289' title='bbox 823 3892 1066 3937; x_wconf 92' lang='lat' dir='ltr'><strong>omnes.</strong></span> <span class='ocrx_word' id='word_1_290' title='bbox 1169 3870 1398 3936; x_wconf 85' lang='lat' dir='ltr'><strong>Nostri</strong></span> <span class='ocrx_word' id='word_1_291' title='bbox 1469 3878 1538 3935; x_wconf 87' lang='lat' dir='ltr'><strong>te</strong></span> <span class='ocrx_word' id='word_1_292' title='bbox 1595 3889 1823 3935; x_wconf 88' lang='lat' dir='ltr'><strong>omnes</strong></span> <span class='ocrx_word' id='word_1_293' title='bbox 1889 3868 2150 3935; x_wconf 84' lang='lat' dir='ltr'><strong>salvum</strong></span> 
     </span>
     <span class='ocr_line' id='line_1_48' title="bbox 233 3953 2149 4054; baseline 0.001 -36"><span class='ocrx_word' id='word_1_294' title='bbox 233 3956 475 4054; x_wconf 81' lang='lat' dir='ltr'><strong>cupiunt</strong></span> <span class='ocrx_word' id='word_1_295' title='bbox 525 3977 680 4024; x_wconf 88' lang='lat' dir='ltr'><strong>cum</strong></span> <span class='ocrx_word' id='word_1_296' title='bbox 734 3957 867 4023; x_wconf 88' lang='lat' dir='ltr'><strong>tuis</strong></span> <span class='ocrx_word' id='word_1_297' title='bbox 937 3958 1326 4042; x_wconf 79' lang='lat' dir='ltr'><strong>symmystis</strong></span> <span class='ocrx_word' id='word_1_298' title='bbox 1395 3963 1463 4022; x_wconf 90' lang='lat' dir='ltr'><strong>et</strong></span> <span class='ocrx_word' id='word_1_299' title='bbox 1529 3955 1753 4022; x_wconf 88' lang='lat' dir='ltr'><strong>amicis</strong></span> <span class='ocrx_word' id='word_1_300' title='bbox 1825 3953 2149 4032; x_wconf 87' lang='lat' dir='ltr'><strong>omnibus,</strong></span> 
     </span>
     <span class='ocr_line' id='line_1_49' title="bbox 234 4037 2151 4122; baseline -0.001 -17"><span class='ocrx_word' id='word_1_301' title='bbox 234 4038 440 4122; x_wconf 77' lang='lat' dir='ltr'><strong>quibus</strong></span> <span class='ocrx_word' id='word_1_302' title='bbox 482 4062 633 4108; x_wconf 92' lang='lat' dir='ltr'><strong>meo</strong></span> <span class='ocrx_word' id='word_1_303' title='bbox 677 4043 938 4109; x_wconf 91' lang='lat' dir='ltr'><strong>nomine</strong></span> <span class='ocrx_word' id='word_1_304' title='bbox 993 4041 1268 4109; x_wconf 86' lang='lat' dir='ltr'><strong>salutem</strong></span> <span class='ocrx_word' id='word_1_305' title='bbox 1328 4039 1688 4107; x_wconf 88' lang='lat' dir='ltr'><strong>nunciabis.</strong></span> <span class='ocrx_word' id='word_1_306' title='bbox 1780 4037 2043 4105; x_wconf 81' lang='lat' dir='ltr'><strong>Salutat</strong></span> <span class='ocrx_word' id='word_1_307' title='bbox 2087 4047 2151 4104; x_wconf 89' lang='lat' dir='ltr'><strong>te</strong></span> 
     </span>
     <span class='ocr_line' id='line_1_50' title="bbox 234 4126 2151 4279; baseline -0.001 -88"><span class='ocrx_word' id='word_1_308' title='bbox 234 4145 387 4279; x_wconf 61' lang='lat' dir='ltr'><strong>tlucii</strong></span> <span class='ocrx_word' id='word_1_309' title='bbox 434 4128 903 4196; x_wconf 88' lang='lat' dir='ltr'><strong>officiosissime</strong></span> <span class='ocrx_word' id='word_1_310' title='bbox 919 4180 937 4207; x_wconf 91' lang='lat'>‚</span> <span class='ocrx_word' id='word_1_311' title='bbox 994 4137 1062 4193; x_wconf 90' lang='lat' dir='ltr'><strong>et</strong></span> <span class='ocrx_word' id='word_1_312' title='bbox 1117 4128 1375 4196; x_wconf 86' lang='lat' dir='ltr'><strong>filiolae.</strong></span> <span class='ocrx_word' id='word_1_313' title='bbox 1478 4126 1664 4192; x_wconf 86' lang='lat' dir='ltr'><strong>Vale.</strong></span> <span class='ocrx_word' id='word_1_314' title='bbox 1751 4126 2151 4191; x_wconf 82' lang='lat' dir='ltr'><strong>Lausannae</strong></span> 
     </span>
    </p>

    <p class='ocr_par' dir='ltr' id='par_1_14' title="bbox 266 4216 1977 4366">
     <span class='ocr_line' id='line_1_51' title="bbox 266 4216 725 4281; baseline 0.007 -6"><span class='ocrx_word' id='word_1_315' title='bbox 266 4216 316 4276; x_wconf 85' lang='lat'><strong>0.</strong></span> <span class='ocrx_word' id='word_1_316' title='bbox 389 4236 490 4281; x_wconf 77' lang='lat' dir='ltr'><strong>an.</strong></span> <span class='ocrx_word' id='word_1_317' title='bbox 544 4218 725 4279; x_wconf 83' lang='lat'><strong>1551.</strong></span> 
     </span>
     <span class='ocr_line' id='line_1_52' title="bbox 1176 4296 1977 4366; baseline -0.006 0"><span class='ocrx_word' id='word_1_318' title='bbox 1176 4300 1361 4366; x_wconf 80' lang='lat' dir='ltr'><strong>&#39;I&#39;uus</strong></span> <span class='ocrx_word' id='word_1_319' title='bbox 1403 4299 1644 4364; x_wconf 85' lang='lat' dir='ltr'><strong>Petrus</strong></span> <span class='ocrx_word' id='word_1_320' title='bbox 1690 4296 1977 4362; x_wconf 85' lang='lat' dir='ltr'><strong>Viretus.</strong></span> 
     </span>
    </p>
   </div>
   <div class='ocr_carea' id='block_1_12' title="bbox 314 4459 613 4470">
    <p class='ocr_par' dir='ltr' id='par_1_15' title="bbox 314 4459 613 4470">
     <span class='ocr_line' id='line_1_53' title="bbox 314 4459 613 4470; baseline 0.01 -5"><span class='ocrx_word' id='word_1_321' title='bbox 314 4459 613 4470; x_wconf 46' lang='lat' dir='ltr'><strong>m*—</strong></span> 
     </span>
    </p>
   </div>
   <div class='ocr_carea' id='block_1_13' title="bbox 234 4536 2155 5223">
    <p class='ocr_par' dir='ltr' id='par_1_16' title="bbox 234 4536 2155 5223">
     <span class='ocr_line' id='line_1_54' title="bbox 234 4536 2152 4610; baseline -0.001 -19"><span class='ocrx_word' id='word_1_322' title='bbox 234 4536 390 4595; x_wconf 73' lang='lat'><strong>1488.</strong></span> <span class='ocrx_word' id='word_1_323' title='bbox 416 4542 468 4610; x_wconf 92' lang='lat'><strong>1)</strong></span> <span class='ocrx_word' id='word_1_324' title='bbox 504 4541 832 4596; x_wconf 58' lang='lat' dir='ltr'><strong>Bonam</strong></span> <span class='ocrx_word' id='word_1_325' title='bbox 872 4537 1128 4607; x_wconf 68' lang='lat' dir='ltr'><strong>publicus</strong></span> <span class='ocrx_word' id='word_1_326' title='bbox 1160 4537 1312 4606; x_wconf 76' lang='lat' dir='ltr'><strong>apud</strong></span> <span class='ocrx_word' id='word_1_327' title='bbox 1349 4536 1777 4591; x_wconf 54' lang='lat' dir='ltr'><strong>amaneum</strong></span> <span class='ocrx_word' id='word_1_328' title='bbox 1811 4537 2152 4603; x_wconf 66' lang='lat' dir='ltr'><strong>secretas-aas,</strong></span> 
     </span>
     <span class='ocr_line' id='line_1_55' title="bbox 236 4607 2152 4693; baseline 0.001 -33"><span class='ocrx_word' id='word_1_329' title='bbox 236 4608 475 4666; x_wconf 50' lang='lat' dir='ltr'><strong>*alian</strong></span> <span class='ocrx_word' id='word_1_330' title='bbox 508 4612 533 4693; x_wconf 51' lang='lat'><strong>‚⁶</strong></span> <span class='ocrx_word' id='word_1_331' title='bbox 604 4615 744 4676; x_wconf 73' lang='lat' dir='ltr'><strong>om,</strong></span> <span class='ocrx_word' id='word_1_332' title='bbox 779 4608 920 4689; x_wconf 68' lang='lat' dir='ltr'><strong>sicat</strong></span> <span class='ocrx_word' id='word_1_333' title='bbox 953 4607 1370 4674; x_wconf 60' lang='lat' dir='ltr'><strong>demumr-is,</strong></span> <span class='ocrx_word' id='word_1_334' title='bbox 1405 4609 1563 4661; x_wconf 69' lang='lat' dir='ltr'><strong>euius</strong></span> <span class='ocrx_word' id='word_1_335' title='bbox 1594 4620 1789 4660; x_wconf 67' lang='lat' dir='ltr'><strong>nomen</strong></span> <span class='ocrx_word' id='word_1_336' title='bbox 1822 4607 2001 4673; x_wconf 66' lang='lat' dir='ltr'><strong>ipsum</strong></span> <span class='ocrx_word' id='word_1_337' title='bbox 2036 4619 2152 4661; x_wconf 81' lang='lat' dir='ltr'><strong>cor·</strong></span> 
     </span>
     <span class='ocr_line' id='line_1_56' title="bbox 410 4672 1818 4815; baseline -0.007 -10"><span class='ocrx_word' id='word_1_338' title='bbox 410 4749 473 4815; x_wconf 78' lang='lat'><strong>2)</strong></span> <span class='ocrx_word' id='word_1_339' title='bbox 507 4748 658 4804; x_wconf 71' lang='lat' dir='ltr'><strong>circa</strong></span> <span class='ocrx_word' id='word_1_340' title='bbox 684 4682 918 4814; x_wconf 51' lang='grc' dir='ltr'><strong>ρίοαιωιι</strong></span> <span class='ocrx_word' id='word_1_341' title='bbox 953 4672 1134 4799; x_wconf 41' lang='lat' dir='ltr'><strong>cretas</strong></span> <span class='ocrx_word' id='word_1_342' title='bbox 1165 4742 1576 4798; x_wconf 61' lang='lat' dir='ltr'><strong>mandendae.</strong></span> <span class='ocrx_word' id='word_1_343' title='bbox 1806 4801 1818 4813; x_wconf 55' lang='lat'>‚</span> 
     </span>
     <span class='ocr_line' id='line_1_57' title="bbox 412 4810 2153 4885; baseline -0.006 -12"><span class='ocrx_word' id='word_1_344' title='bbox 412 4818 472 4885; x_wconf 77' lang='lat'><strong>8)</strong></span> <span class='ocrx_word' id='word_1_345' title='bbox 512 4817 588 4872; x_wconf 80' lang='lat' dir='ltr'><strong>In</strong></span> <span class='ocrx_word' id='word_1_346' title='bbox 620 4814 1102 4872; x_wconf 55' lang='lat' dir='ltr'><strong>Aurelian-enam</strong></span> <span class='ocrx_word' id='word_1_347' title='bbox 1147 4810 1345 4866; x_wconf 68' lang='lat' dir='ltr'><strong>amu·</strong></span> <span class='ocrx_word' id='word_1_348' title='bbox 1387 4811 1636 4879; x_wconf 64' lang='lat' dir='ltr'><strong>familia,</strong></span> <span class='ocrx_word' id='word_1_349' title='bbox 1679 4825 1817 4881; x_wconf 74' lang='lat' dir='ltr'><strong>quae</strong></span> <span class='ocrx_word' id='word_1_350' title='bbox 1849 4814 1901 4864; x_wconf 75' lang='lat' dir='ltr'><strong>et</strong></span> <span class='ocrx_word' id='word_1_351' title='bbox 1934 4810 2153 4864; x_wconf 74' lang='lat' dir='ltr'><strong>comita·</strong></span> 
     </span>
     <span class='ocr_line' id='line_1_58' title="bbox 238 4879 2155 4952; baseline -0.004 -12"><span class='ocrx_word' id='word_1_352' title='bbox 238 4888 330 4940; x_wconf 73' lang='grc' dir='ltr'><strong>Μι</strong></span> <span class='ocrx_word' id='word_1_353' title='bbox 362 4888 771 4943; x_wconf 63' lang='lat' dir='ltr'><strong>Nemetacum</strong></span> <span class='ocrx_word' id='word_1_354' title='bbox 808 4881 1141 4952; x_wconf 67' lang='lat' dir='ltr'><strong>possidebat,</strong></span> <span class='ocrx_word' id='word_1_355' title='bbox 1183 4879 1391 4935; x_wconf 71' lang='lat' dir='ltr'><strong>nullum</strong></span> <span class='ocrx_word' id='word_1_356' title='bbox 1427 4880 1590 4935; x_wconf 67' lang='lat' dir='ltr'><strong>hum</strong></span> <span class='ocrx_word' id='word_1_357' title='bbox 1635 4881 1876 4934; x_wconf 70' lang='lat' dir='ltr'><strong>nominis</strong></span> <span class='ocrx_word' id='word_1_358' title='bbox 1918 4884 2155 4935; x_wconf 67' lang='lat' dir='ltr'><strong>recesset</strong></span> 
     </span>
     <span class='ocr_line' id='line_1_59' title="bbox 240 4946 1485 5036; baseline -0.002 -30"><span class='ocrx_word' id='word_1_359' title='bbox 240 4955 328 5010; x_wconf 75' lang='lat' dir='ltr'><strong>Art</strong></span> <span class='ocrx_word' id='word_1_360' title='bbox 357 4956 421 5012; x_wconf 77' lang='lat' dir='ltr'><strong>de</strong></span> <span class='ocrx_word' id='word_1_361' title='bbox 450 4955 668 5022; x_wconf 63' lang='grc' dir='ltr'><strong><em>οέῆβσ</em></strong></span> <span class='ocrx_word' id='word_1_362' title='bbox 701 4954 779 5036; x_wconf 68' lang='grc' dir='ltr'><strong>ῑςε</strong></span> <span class='ocrx_word' id='word_1_363' title='bbox 812 4952 966 5007; x_wconf 70' lang='lat' dir='ltr'><strong>dam</strong></span> <span class='ocrx_word' id='word_1_364' title='bbox 1000 4949 1082 5006; x_wconf 80' lang='lat' dir='ltr'><strong>ed.</strong></span> <span class='ocrx_word' id='word_1_365' title='bbox 1124 4946 1256 5004; x_wconf 82' lang='grc'><strong>1818</strong></span> <span class='ocrx_word' id='word_1_366' title='bbox 1301 4947 1358 5001; x_wconf 88' lang='lat' dir='ltr'><strong>T.</strong></span> <span class='ocrx_word' id='word_1_367' title='bbox 1405 4946 1485 5003; x_wconf 81' lang='lat'><strong>16.</strong></span> 
     </span>
     <span class='ocr_line' id='line_1_60' title="bbox 243 5025 2152 5223; baseline -0.006 -73"><span class='ocrx_word' id='word_1_368' title='bbox 243 5025 475 5217; x_wconf 43' lang='lat' dir='ltr'><strong>5⁸1oess</strong></span> <span class='ocrx_word' id='word_1_369' title='bbox 571 5090 777 5216; x_wconf 38' lang='lat' dir='ltr'><strong>asebna</strong></span> <span class='ocrx_word' id='word_1_370' title='bbox 809 5061 1963 5223; x_wconf 47' lang='lat' dir='ltr'><strong>szdfflssbgcmdmtur.</strong></span> <span class='ocrx_word' id='word_1_371' title='bbox 2023 5082 2152 5139; x_wconf 78' lang='lat' dir='ltr'><strong>Zer-</strong></span> 
     </span>
    </p>
   </div>
   <div class='ocr_carea' id='block_1_14' title="bbox 977 5346 1381 5360">
    <p class='ocr_par' dir='ltr' id='par_1_17' title="bbox 977 5346 1381 5360">
     <span class='ocr_line' id='line_1_61' title="bbox 977 5346 1381 5360; baseline 0 807"><span class='ocrx_word' id='word_1_372' title='bbox 977 5346 1381 5360; x_wconf 95' lang='lat' dir='ltr'><strong> </strong></span> 
     </span>
    </p>
   </div>
   <div class='ocr_carea' id='block_1_15' title="bbox 2194 628 2222 5394">
    <p class='ocr_par' dir='ltr' id='par_1_18' title="bbox 2194 628 2222 5394">
     <span class='ocr_line' id='line_1_62' title="bbox 2194 628 2222 5394; baseline 0 0"><span class='ocrx_word' id='word_1_373' title='bbox 2194 628 2222 5394; x_wconf 95' lang='lat' dir='ltr'><strong> </strong></span> 
     </span>
    </p>
   </div>
   <div class='ocr_carea' id='block_1_16' title="bbox 2746 627 3727 838">
    <p class='ocr_par' dir='ltr' id='par_1_19' title="bbox 2746 627 3727 838">
     <span class='ocr_line' id='line_1_63' title="bbox 3142 627 3337 699; baseline 0.01 -2"><span class='ocrx_word' id='word_1_374' title='bbox 3142 627 3337 699; x_wconf 72' lang='lat'><strong>1484.</strong></span> 
     </span>
     <span class='ocr_line' id='line_1_64' title="bbox 2746 762 3727 838; baseline 0.008 -7"><span class='ocrx_word' id='word_1_375' title='bbox 2746 762 3227 834; x_wconf 81' lang='lat' dir='ltr'><strong>&#39;I&#39;OSSANUS</strong></span> <span class='ocrx_word' id='word_1_376' title='bbox 3264 767 3727 838; x_wconf 82' lang='lat' dir='ltr'><strong>FARELLO.</strong></span> 
     </span>
    </p>
   </div>
   <div class='ocr_carea' id='block_1_17' title="bbox 2257 934 4209 1108">
    <p class='ocr_par' dir='ltr' id='par_1_20' title="bbox 2257 934 4209 1108">
     <span class='ocr_line' id='line_1_65' title="bbox 2431 934 4209 1027; baseline 0.006 -27"><span class='ocrx_word' id='word_1_377' title='bbox 2431 934 3450 1022; x_wconf 72' lang='lat' dir='ltr'><strong>Alluditadqmedamprivata</strong></span> <span class='ocrx_word' id='word_1_378' title='bbox 3500 942 4209 1027; x_wconf 71' lang='lat' dir='ltr'><strong>eiusneyotiaetoal-</strong></span> 
     </span>
     <span class='ocr_line' id='line_1_66' title="bbox 2257 1020 3965 1108; baseline 0.005 -23"><span class='ocrx_word' id='word_1_379' title='bbox 2257 1020 2394 1086; x_wconf 72' lang='lat' dir='ltr'><strong>vini</strong></span> <span class='ocrx_word' id='word_1_380' title='bbox 2435 1021 2745 1086; x_wconf 70' lang='lat' dir='ltr'><strong>iudicium</strong></span> <span class='ocrx_word' id='word_1_381' title='bbox 2786 1024 2862 1088; x_wconf 79' lang='lat' dir='ltr'><strong>de</strong></span> <span class='ocrx_word' id='word_1_382' title='bbox 2901 1025 3053 1090; x_wconf 74' lang='lat' dir='ltr'><strong>duce</strong></span> <span class='ocrx_word' id='word_1_383' title='bbox 3100 1022 3533 1108; x_wconf 66' lang='lat' dir='ltr'><strong>christophoro</strong></span> <span class='ocrx_word' id='word_1_384' title='bbox 3572 1029 3965 1094; x_wconf 76' lang='lat' dir='ltr'><strong>commendat.</strong></span> 
     </span>
    </p>
   </div>
   <div class='ocr_carea' id='block_1_18' title="bbox 2310 1191 4158 1268">
    <p class='ocr_par' dir='ltr' id='par_1_21' title="bbox 2310 1191 4158 1268">
     <span class='ocr_line' id='line_1_67' title="bbox 2310 1191 4158 1268; baseline 0.006 -25"><span class='ocrx_word' id='word_1_385' title='bbox 2310 1191 2667 1260; x_wconf 78' lang='lat' dir='ltr'><strong>(Excerptum</strong></span> <span class='ocrx_word' id='word_1_386' title='bbox 2704 1210 2771 1246; x_wconf 84' lang='lat' dir='ltr'><strong>ex</strong></span> <span class='ocrx_word' id='word_1_387' title='bbox 2808 1194 3145 1265; x_wconf 83' lang='lat' dir='ltr'><strong>autographo</strong></span> <span class='ocrx_word' id='word_1_388' title='bbox 3179 1194 3320 1252; x_wconf 88' lang='lat' dir='ltr'><strong>Bibl.</strong></span> <span class='ocrx_word' id='word_1_389' title='bbox 3353 1203 3633 1267; x_wconf 77' lang='lat' dir='ltr'><strong>pastorum</strong></span> <span class='ocrx_word' id='word_1_390' title='bbox 3668 1197 4158 1268; x_wconf 74' lang='lat' dir='ltr'><strong>Neocomensim)</strong></span> 
     </span>
    </p>
   </div>
   <div class='ocr_carea' id='block_1_19' title="bbox 2250 1362 4209 3630">
    <p class='ocr_par' dir='ltr' id='par_1_22' title="bbox 2256 1362 4209 1599">
     <span class='ocr_line' id='line_1_68' title="bbox 2430 1362 4209 1438; baseline 0.007 -13"><span class='ocrx_word' id='word_1_391' title='bbox 2430 1362 2848 1430; x_wconf 82' lang='lat' dir='ltr'><strong>Fidelissimc</strong></span> <span class='ocrx_word' id='word_1_392' title='bbox 2892 1364 3142 1432; x_wconf 80' lang='lat' dir='ltr'><strong>Christi</strong></span> <span class='ocrx_word' id='word_1_393' title='bbox 3200 1388 3393 1433; x_wconf 80' lang='lat' dir='ltr'><strong>servo</strong></span> <span class='ocrx_word' id='word_1_394' title='bbox 3429 1368 3764 1434; x_wconf 81' lang='lat' dir='ltr'><strong>Guilelmo</strong></span> <span class='ocrx_word' id='word_1_395' title='bbox 3796 1369 4060 1435; x_wconf 82' lang='lat' dir='ltr'><strong>Farello</strong></span> <span class='ocrx_word' id='word_1_396' title='bbox 4103 1391 4209 1438; x_wconf 88' lang='lat' dir='ltr'><strong>ec-</strong></span> 
     </span>
     <span class='ocr_line' id='line_1_69' title="bbox 2256 1446 4207 1598; baseline 0.005 -85"><span class='ocrx_word' id='word_1_397' title='bbox 2256 1446 2497 1598; x_wconf 55' lang='lat' dir='ltr'><strong>clesilae</strong></span> <span class='ocrx_word' id='word_1_398' title='bbox 2542 1448 3008 1516; x_wconf 89' lang='lat' dir='ltr'><strong>Neocomensis</strong></span> <span class='ocrx_word' id='word_1_399' title='bbox 3066 1454 3315 1536; x_wconf 89' lang='lat' dir='ltr'><strong>pastori</strong></span> <span class='ocrx_word' id='word_1_400' title='bbox 3369 1453 3559 1520; x_wconf 86' lang='lat' dir='ltr'><strong>fratri</strong></span> <span class='ocrx_word' id='word_1_401' title='bbox 3624 1461 3692 1520; x_wconf 93' lang='lat' dir='ltr'><strong>et</strong></span> <span class='ocrx_word' id='word_1_402' title='bbox 3734 1456 3943 1521; x_wconf 89' lang='lat' dir='ltr'><strong>amico</strong></span> <span class='ocrx_word' id='word_1_403' title='bbox 3985 1455 4207 1522; x_wconf 84' lang='lat' dir='ltr'><strong>obscr-</strong></span> 
     </span>
     <span class='ocr_line' id='line_1_70' title="bbox 2258 1553 2494 1599; baseline 0.008 -2"><span class='ocrx_word' id='word_1_404' title='bbox 2258 1553 2391 1598; x_wconf 83' lang='lat' dir='ltr'><strong>van</strong></span> <span class='ocrx_word' id='word_1_405' title='bbox 2438 1556 2494 1599; x_wconf 91' lang='grc'><strong>0.</strong></span> 
     </span>
    </p>

    <p class='ocr_par' dir='ltr' id='par_1_23' title="bbox 3703 1625 4032 1694">
     <span class='ocr_line' id='line_1_71' title="bbox 3703 1625 4032 1694; baseline 0.009 -3"><span class='ocrx_word' id='word_1_406' title='bbox 3703 1625 3769 1691; x_wconf 87' lang='lat' dir='ltr'>N</span> <span class='ocrx_word' id='word_1_407' title='bbox 3769 1628 4032 1694; x_wconf 89' lang='lat' dir='ltr'><strong>eocomi.</strong></span> 
     </span>
    </p>

    <p class='ocr_par' dir='ltr' id='par_1_24' title="bbox 2254 1844 4208 2014">
     <span class='ocr_line' id='line_1_72' title="bbox 2425 1844 4203 1932; baseline 0.006 -24"><span class='ocrx_word' id='word_1_408' title='bbox 2425 1844 2575 1929; x_wconf 83' lang='lat' dir='ltr'><strong>Ego</strong></span> <span class='ocrx_word' id='word_1_409' title='bbox 2638 1852 3008 1929; x_wconf 87' lang='lat' dir='ltr'><strong>postremas</strong></span> <span class='ocrx_word' id='word_1_410' title='bbox 3061 1854 3210 1913; x_wconf 91' lang='lat' dir='ltr'><strong>tuas</strong></span> <span class='ocrx_word' id='word_1_411' title='bbox 3263 1846 3490 1913; x_wconf 88' lang='lat' dir='ltr'><strong>literas</strong></span> <span class='ocrx_word' id='word_1_412' title='bbox 3533 1851 3751 1932; x_wconf 90' lang='lat' dir='ltr'><strong>accepi</strong></span> <span class='ocrx_word' id='word_1_413' title='bbox 3794 1869 4024 1917; x_wconf 87' lang='lat' dir='ltr'><strong>mense</strong></span> <span class='ocrx_word' id='word_1_414' title='bbox 4066 1852 4131 1917; x_wconf 92' lang='lat' dir='ltr'>N</span> <span class='ocrx_word' id='word_1_415' title='bbox 4132 1873 4203 1918; x_wconf 91' lang='lat' dir='ltr'><strong>o-</strong></span> 
     </span>
     <span class='ocr_line' id='line_1_73' title="bbox 2254 1929 4208 2014; baseline 0.005 -21"><span class='ocrx_word' id='word_1_416' title='bbox 2254 1929 2507 1994; x_wconf 81' lang='lat' dir='ltr'><strong>vembri</strong></span> <span class='ocrx_word' id='word_1_417' title='bbox 2525 1980 2542 2011; x_wconf 92' lang='lat'><strong>,</strong></span> <span class='ocrx_word' id='word_1_418' title='bbox 2603 1930 2676 1996; x_wconf 91' lang='lat' dir='ltr'><strong>in</strong></span> <span class='ocrx_word' id='word_1_419' title='bbox 2739 1930 2973 2014; x_wconf 87' lang='lat' dir='ltr'><strong>quibus</strong></span> <span class='ocrx_word' id='word_1_420' title='bbox 3028 1940 3105 1998; x_wconf 89' lang='lat' dir='ltr'><strong>tu</strong></span> <span class='ocrx_word' id='word_1_421' title='bbox 3156 1931 3238 1998; x_wconf 93' lang='lat' dir='ltr'><strong>de</strong></span> <span class='ocrx_word' id='word_1_422' title='bbox 3280 1933 3649 1999; x_wconf 89' lang='lat' dir='ltr'><strong>consobrini</strong></span> <span class='ocrx_word' id='word_1_423' title='bbox 3708 1944 3777 2001; x_wconf 91' lang='lat' dir='ltr'><strong>et</strong></span> <span class='ocrx_word' id='word_1_424' title='bbox 3818 1935 4096 2002; x_wconf 90' lang='lat' dir='ltr'><strong>aliorum</strong></span> <span class='ocrx_word' id='word_1_425' title='bbox 4138 1936 4208 2003; x_wconf 92' lang='lat' dir='ltr'><strong>id</strong></span> 
     </span>
    </p>

    <p class='ocr_par' dir='ltr' id='par_1_25' title="bbox 2338 2015 4208 2105">
     <span class='ocr_line' id='line_1_74' title="bbox 2338 2015 4208 2105; baseline 0.005 -25"><span class='ocrx_word' id='word_1_426' title='bbox 2338 2016 2516 2082; x_wconf 87' lang='lat' dir='ltr'><strong>neris</strong></span> <span class='ocrx_word' id='word_1_427' title='bbox 2557 2015 2976 2100; x_wconf 89' lang='lat' dir='ltr'><strong>improbitate</strong></span> <span class='ocrx_word' id='word_1_428' title='bbox 3028 2019 3463 2102; x_wconf 87' lang='lat' dir='ltr'><strong>conquereris.</strong></span> <span class='ocrx_word' id='word_1_429' title='bbox 3493 2023 3544 2098; x_wconf 85' lang='lat'><strong>¹)</strong></span> <span class='ocrx_word' id='word_1_430' title='bbox 3634 2018 3819 2101; x_wconf 79' lang='lat' dir='ltr'><strong>Quos</strong></span> <span class='ocrx_word' id='word_1_431' title='bbox 3860 2042 4089 2105; x_wconf 88' lang='lat' dir='ltr'><strong>precor</strong></span> <span class='ocrx_word' id='word_1_432' title='bbox 4132 2032 4208 2089; x_wconf 91' lang='lat' dir='ltr'><strong>ut</strong></span> 
     </span>
    </p>

    <p class='ocr_par' dir='ltr' id='par_1_26' title="bbox 2250 2101 4208 3541">
     <span class='ocr_line' id='line_1_75' title="bbox 2322 2101 4205 2195; baseline 0.005 -29"><span class='ocrx_word' id='word_1_433' title='bbox 2322 2101 2583 2168; x_wconf 89' lang='lat' dir='ltr'><strong>ominus</strong></span> <span class='ocrx_word' id='word_1_434' title='bbox 2626 2103 2812 2168; x_wconf 90' lang='lat' dir='ltr'><strong>Deus</strong></span> <span class='ocrx_word' id='word_1_435' title='bbox 2861 2102 2946 2168; x_wconf 88' lang='lat' dir='ltr'><strong>ad</strong></span> <span class='ocrx_word' id='word_1_436' title='bbox 2998 2103 3255 2189; x_wconf 87' lang='lat' dir='ltr'><strong>frugem</strong></span> <span class='ocrx_word' id='word_1_437' title='bbox 3317 2103 3653 2170; x_wconf 91' lang='lat' dir='ltr'><strong>meliorem</strong></span> <span class='ocrx_word' id='word_1_438' title='bbox 3707 2127 4015 2174; x_wconf 82' lang='lat' dir='ltr'><strong>revocare</strong></span> <span class='ocrx_word' id='word_1_439' title='bbox 4061 2108 4205 2195; x_wconf 89' lang='lat' dir='ltr'><strong>dig-</strong></span> 
     </span>
     <span class='ocr_line' id='line_1_76' title="bbox 2254 2187 4204 2273; baseline 0.005 -21"><span class='ocrx_word' id='word_1_440' title='bbox 2254 2195 2468 2253; x_wconf 89' lang='lat' dir='ltr'><strong>netur.</strong></span> <span class='ocrx_word' id='word_1_441' title='bbox 2555 2187 2731 2254; x_wconf 90' lang='lat' dir='ltr'><strong>Nam</strong></span> <span class='ocrx_word' id='word_1_442' title='bbox 2794 2209 3198 2273; x_wconf 86' lang='lat' dir='ltr'><strong>quanquam,</strong></span> <span class='ocrx_word' id='word_1_443' title='bbox 3265 2190 3404 2256; x_wconf 86' lang='lat' dir='ltr'><strong>sive</strong></span> <span class='ocrx_word' id='word_1_444' title='bbox 3461 2189 3643 2256; x_wconf 90' lang='lat' dir='ltr'><strong>illius</strong></span> <span class='ocrx_word' id='word_1_445' title='bbox 3699 2210 3964 2258; x_wconf 86' lang='lat' dir='ltr'><strong>causam</strong></span> <span class='ocrx_word' id='word_1_446' title='bbox 3981 2245 3998 2272; x_wconf 87' lang='lat'><strong>,</strong></span> <span class='ocrx_word' id='word_1_447' title='bbox 4062 2195 4204 2262; x_wconf 81' lang='lat' dir='ltr'><strong>sive</strong></span> 
     </span>
     <span class='ocr_line' id='line_1_77' title="bbox 2252 2271 4205 2363; baseline 0.005 -26"><span class='ocrx_word' id='word_1_448' title='bbox 2252 2271 2713 2352; x_wconf 68' lang='lat' dir='ltr'><strong>Barbarimm,</strong></span> <span class='ocrx_word' id='word_1_449' title='bbox 2759 2275 2897 2341; x_wconf 87' lang='lat' dir='ltr'><strong>sive</strong></span> <span class='ocrx_word' id='word_1_450' title='bbox 2939 2274 3261 2341; x_wconf 75' lang='lat' dir='ltr'><strong>Gar-inum</strong></span> <span class='ocrx_word' id='word_1_451' title='bbox 3281 2280 3339 2353; x_wconf 74' lang='grc'><strong>2)</strong></span> <span class='ocrx_word' id='word_1_452' title='bbox 3376 2283 3492 2342; x_wconf 88' lang='lat' dir='ltr'><strong>aut</strong></span> <span class='ocrx_word' id='word_1_453' title='bbox 3532 2277 3675 2343; x_wconf 88' lang='lat' dir='ltr'><strong>eius</strong></span> <span class='ocrx_word' id='word_1_454' title='bbox 3709 2299 3985 2346; x_wconf 85' lang='lat' dir='ltr'><strong>uxorem</strong></span> <span class='ocrx_word' id='word_1_455' title='bbox 4018 2300 4205 2363; x_wconf 90' lang='lat' dir='ltr'><strong>spec-</strong></span> 
     </span>
     <span class='ocr_line' id='line_1_78' title="bbox 2253 2359 4206 2444; baseline 0.004 -20"><span class='ocrx_word' id='word_1_456' title='bbox 2253 2365 2371 2437; x_wconf 87' lang='lat' dir='ltr'><strong>tes,</strong></span> <span class='ocrx_word' id='word_1_457' title='bbox 2418 2379 2552 2424; x_wconf 91' lang='lat' dir='ltr'><strong>non</strong></span> <span class='ocrx_word' id='word_1_458' title='bbox 2597 2359 2938 2426; x_wconf 87' lang='lat' dir='ltr'><strong>habuerim</strong></span> <span class='ocrx_word' id='word_1_459' title='bbox 2982 2360 3158 2444; x_wconf 88' lang='lat' dir='ltr'><strong>quod</strong></span> <span class='ocrx_word' id='word_1_460' title='bbox 3191 2360 3444 2428; x_wconf 90' lang='lat' dir='ltr'><strong>homini</strong></span> <span class='ocrx_word' id='word_1_461' title='bbox 3479 2361 3561 2428; x_wconf 93' lang='lat' dir='ltr'><strong>de</strong></span> <span class='ocrx_word' id='word_1_462' title='bbox 3594 2362 3823 2429; x_wconf 89' lang='lat' dir='ltr'><strong>multis</strong></span> <span class='ocrx_word' id='word_1_463' title='bbox 3856 2364 4206 2432; x_wconf 90' lang='lat' dir='ltr'><strong>horrendis</strong></span> 
     </span>
     <span class='ocr_line' id='line_1_79' title="bbox 2250 2445 4207 2535; baseline 0.005 -27"><span class='ocrx_word' id='word_1_464' title='bbox 2250 2445 2520 2529; x_wconf 86' lang='lat' dir='ltr'><strong>flagitiis</strong></span> <span class='ocrx_word' id='word_1_465' title='bbox 2562 2452 2865 2512; x_wconf 89' lang='lat' dir='ltr'><strong>accusato</strong></span> <span class='ocrx_word' id='word_1_466' title='bbox 2926 2445 3255 2526; x_wconf 83' lang='lat' dir='ltr'><strong>faverem,</strong></span> <span class='ocrx_word' id='word_1_467' title='bbox 3320 2455 3544 2514; x_wconf 90' lang='lat' dir='ltr'><strong>tamen</strong></span> <span class='ocrx_word' id='word_1_468' title='bbox 3596 2448 3961 2515; x_wconf 90' lang='lat' dir='ltr'><strong>multorum</strong></span> <span class='ocrx_word' id='word_1_469' title='bbox 4004 2471 4207 2535; x_wconf 88' lang='lat' dir='ltr'><strong>super</strong></span> 
     </span>
     <span class='ocr_line' id='line_1_80' title="bbox 2253 2530 4206 2602; baseline 0.004 -7"><span class='ocrx_word' id='word_1_470' title='bbox 2253 2550 2331 2595; x_wconf 87' lang='lat' dir='ltr'><strong>ea</strong></span> <span class='ocrx_word' id='word_1_471' title='bbox 2372 2550 2445 2595; x_wconf 89' lang='lat' dir='ltr'><strong>re</strong></span> <span class='ocrx_word' id='word_1_472' title='bbox 2490 2531 2840 2598; x_wconf 87' lang='lat' dir='ltr'><strong>sententiis</strong></span> <span class='ocrx_word' id='word_1_473' title='bbox 2899 2541 2967 2597; x_wconf 90' lang='lat' dir='ltr'><strong>et</strong></span> <span class='ocrx_word' id='word_1_474' title='bbox 3027 2531 3288 2600; x_wconf 88' lang='lat' dir='ltr'><strong>iudiciis</strong></span> <span class='ocrx_word' id='word_1_475' title='bbox 3349 2530 3589 2599; x_wconf 90' lang='lat' dir='ltr'><strong>auditis</strong></span> <span class='ocrx_word' id='word_1_476' title='bbox 3639 2534 3846 2600; x_wconf 89' lang='lat' dir='ltr'><strong>fateor</strong></span> <span class='ocrx_word' id='word_1_477' title='bbox 3888 2556 3996 2601; x_wconf 90' lang='lat' dir='ltr'><strong>me</strong></span> <span class='ocrx_word' id='word_1_478' title='bbox 4038 2558 4206 2602; x_wconf 90' lang='lat' dir='ltr'><strong>non-</strong></span> 
     </span>
     <span class='ocr_line' id='line_1_81' title="bbox 2251 2616 4201 2710; baseline 0.004 -30"><span class='ocrx_word' id='word_1_479' title='bbox 2251 2636 2595 2698; x_wconf 89' lang='lat' dir='ltr'><strong>nunquam</strong></span> <span class='ocrx_word' id='word_1_480' title='bbox 2650 2616 3142 2699; x_wconf 87' lang='lat' dir='ltr'><strong>subdubitasse,</strong></span> <span class='ocrx_word' id='word_1_481' title='bbox 3186 2639 3268 2684; x_wconf 93' lang='lat' dir='ltr'><strong>ne</strong></span> <span class='ocrx_word' id='word_1_482' title='bbox 3311 2619 3546 2685; x_wconf 85' lang='lat' dir='ltr'><strong>fratres</strong></span> <span class='ocrx_word' id='word_1_483' title='bbox 3588 2620 3687 2684; x_wconf 87' lang='lat' dir='ltr'><strong>tui</strong></span> <span class='ocrx_word' id='word_1_484' title='bbox 3728 2616 4126 2710; x_wconf 56' lang='lat' dir='ltr'><strong>aspendum]</strong></span> <span class='ocrx_word' id='word_1_485' title='bbox 4146 2623 4201 2705; x_wconf 77' lang='lat'><strong>⁸)</strong></span> 
     </span>
     <span class='ocr_line' id='line_1_82' title="bbox 2252 2702 4200 2788; baseline 0.005 -23"><span class='ocrx_word' id='word_1_486' title='bbox 2252 2722 2518 2766; x_wconf 79' lang='lat' dir='ltr'><strong>carnem</strong></span> <span class='ocrx_word' id='word_1_487' title='bbox 2563 2702 2645 2768; x_wconf 92' lang='lat' dir='ltr'><strong>ob</strong></span> <span class='ocrx_word' id='word_1_488' title='bbox 2688 2724 2796 2769; x_wconf 89' lang='lat' dir='ltr'><strong>res</strong></span> <span class='ocrx_word' id='word_1_489' title='bbox 2839 2705 3132 2787; x_wconf 87' lang='lat' dir='ltr'><strong>privatas</strong></span> <span class='ocrx_word' id='word_1_490' title='bbox 3174 2704 3244 2769; x_wconf 89' lang='lat' dir='ltr'><strong>in</strong></span> <span class='ocrx_word' id='word_1_491' title='bbox 3280 2703 3465 2770; x_wconf 90' lang='lat' dir='ltr'><strong>illum</strong></span> <span class='ocrx_word' id='word_1_492' title='bbox 3502 2705 3864 2788; x_wconf 85' lang='lat' dir='ltr'><strong>asperiores</strong></span> <span class='ocrx_word' id='word_1_493' title='bbox 3907 2708 4200 2775; x_wconf 83' lang='lat' dir='ltr'><strong>fuissent.</strong></span> 
     </span>
     <span class='ocr_line' id='line_1_83' title="bbox 2252 2786 4205 2875; baseline 0.005 -24"><span class='ocrx_word' id='word_1_494' title='bbox 2252 2786 2332 2851; x_wconf 93' lang='lat' dir='ltr'><strong>In</strong></span> <span class='ocrx_word' id='word_1_495' title='bbox 2376 2808 2509 2869; x_wconf 88' lang='lat' dir='ltr'><strong>qua</strong></span> <span class='ocrx_word' id='word_1_496' title='bbox 2551 2808 2624 2852; x_wconf 89' lang='lat' dir='ltr'><strong>re</strong></span> <span class='ocrx_word' id='word_1_497' title='bbox 2669 2789 2724 2852; x_wconf 91' lang='lat' dir='ltr'><strong>si</strong></span> <span class='ocrx_word' id='word_1_498' title='bbox 2768 2787 2927 2871; x_wconf 89' lang='lat' dir='ltr'><strong>quid</strong></span> <span class='ocrx_word' id='word_1_499' title='bbox 3013 2790 3268 2866; x_wconf 64' lang='lat' dir='ltr'><strong>secavi,</strong></span> <span class='ocrx_word' id='word_1_500' title='bbox 3316 2791 3614 2875; x_wconf 87' lang='lat' dir='ltr'><strong>ignoscat</strong></span> <span class='ocrx_word' id='word_1_501' title='bbox 3671 2792 3836 2857; x_wconf 91' lang='lat' dir='ltr'><strong>mihi</strong></span> <span class='ocrx_word' id='word_1_502' title='bbox 3878 2793 4205 2860; x_wconf 90' lang='lat' dir='ltr'><strong>Dominus</strong></span> 
     </span>
     <span class='ocr_line' id='line_1_84' title="bbox 2250 2811 4204 2964; baseline 0.004 -26"><span class='ocrx_word' id='word_1_503' title='bbox 2250 2873 2454 2938; x_wconf 90' lang='lat' dir='ltr'><strong>Deus.</strong></span> <span class='ocrx_word' id='word_1_504' title='bbox 2549 2871 2647 2938; x_wconf 84' lang='lat' dir='ltr'><strong>Ad</strong></span> <span class='ocrx_word' id='word_1_505' title='bbox 2688 2873 2812 2940; x_wconf 90' lang='lat' dir='ltr'><strong>hoc</strong></span> <span class='ocrx_word' id='word_1_506' title='bbox 2861 2811 3162 2941; x_wconf 53' lang='grc' dir='ltr'><strong>Οαᾶοηαε</strong></span> <span class='ocrx_word' id='word_1_507' title='bbox 3206 2884 3430 2941; x_wconf 88' lang='lat' dir='ltr'><strong>noster</strong></span> <span class='ocrx_word' id='word_1_508' title='bbox 3471 2897 3683 2961; x_wconf 90' lang='lat' dir='ltr'><strong>nuper</strong></span> <span class='ocrx_word' id='word_1_509' title='bbox 3724 2877 3808 2942; x_wconf 90' lang='lat' dir='ltr'><strong>ad</strong></span> <span class='ocrx_word' id='word_1_510' title='bbox 3852 2900 3957 2944; x_wconf 93' lang='lat' dir='ltr'><strong>me</strong></span> <span class='ocrx_word' id='word_1_511' title='bbox 4000 2881 4204 2964; x_wconf 91' lang='lat' dir='ltr'><strong>scrip-</strong></span> 
     </span>
     <span class='ocr_line' id='line_1_85' title="bbox 2251 2958 4206 3046; baseline 0.006 -24"><span class='ocrx_word' id='word_1_512' title='bbox 2251 2958 2356 3037; x_wconf 89' lang='lat' dir='ltr'><strong>sit,</strong></span> <span class='ocrx_word' id='word_1_513' title='bbox 2402 2966 2593 3024; x_wconf 88' lang='lat' dir='ltr'><strong>tuum</strong></span> <span class='ocrx_word' id='word_1_514' title='bbox 2638 2980 2781 3026; x_wconf 90' lang='lat' dir='ltr'><strong>esse</strong></span> <span class='ocrx_word' id='word_1_515' title='bbox 2815 2961 3162 3027; x_wconf 89' lang='lat' dir='ltr'><strong>consilium</strong></span> <span class='ocrx_word' id='word_1_516' title='bbox 3198 2969 3272 3027; x_wconf 90' lang='lat' dir='ltr'><strong>ut</strong></span> <span class='ocrx_word' id='word_1_517' title='bbox 3313 2961 3466 3028; x_wconf 90' lang='lat' dir='ltr'><strong>duci</strong></span> <span class='ocrx_word' id='word_1_518' title='bbox 3502 2971 3727 3029; x_wconf 87' lang='lat' dir='ltr'><strong>nostro</strong></span> <span class='ocrx_word' id='word_1_519' title='bbox 3770 2960 4206 3046; x_wconf 64' lang='lat' dir='ltr'><strong>christophoro</strong></span> 
     </span>
     <span class='ocr_line' id='line_1_86' title="bbox 2252 3043 4207 3132; baseline 0.004 -22"><span class='ocrx_word' id='word_1_520' title='bbox 2252 3043 2453 3110; x_wconf 87' lang='lat' dir='ltr'><strong>addat</strong></span> <span class='ocrx_word' id='word_1_521' title='bbox 2494 3044 2789 3125; x_wconf 88' lang='lat' dir='ltr'><strong>calcaria,</strong></span> <span class='ocrx_word' id='word_1_522' title='bbox 2834 3045 2950 3112; x_wconf 90' lang='lat' dir='ltr'><strong>sed</strong></span> <span class='ocrx_word' id='word_1_523' title='bbox 2993 3068 3065 3113; x_wconf 93' lang='lat' dir='ltr'><strong>se</strong></span> <span class='ocrx_word' id='word_1_524' title='bbox 3108 3046 3337 3112; x_wconf 90' lang='lat' dir='ltr'><strong>multis</strong></span> <span class='ocrx_word' id='word_1_525' title='bbox 3381 3045 3462 3113; x_wconf 94' lang='lat' dir='ltr'><strong>de</strong></span> <span class='ocrx_word' id='word_1_526' title='bbox 3502 3049 3738 3128; x_wconf 89' lang='lat' dir='ltr'><strong>causis,</strong></span> <span class='ocrx_word' id='word_1_527' title='bbox 3783 3070 3946 3132; x_wconf 87' lang='lat' dir='ltr'><strong>quas</strong></span> <span class='ocrx_word' id='word_1_528' title='bbox 3980 3052 4207 3117; x_wconf 89' lang='lat' dir='ltr'><strong>scribit</strong></span> 
     </span>
     <span class='ocr_line' id='line_1_87' title="bbox 2252 3130 4207 3216; baseline 0.004 -21"><span class='ocrx_word' id='word_1_529' title='bbox 2252 3138 2321 3195; x_wconf 92' lang='lat' dir='ltr'><strong>et</strong></span> <span class='ocrx_word' id='word_1_530' title='bbox 2362 3151 2484 3216; x_wconf 91' lang='lat' dir='ltr'><strong>ego</strong></span> <span class='ocrx_word' id='word_1_531' title='bbox 2527 3130 2833 3216; x_wconf 87' lang='lat' dir='ltr'><strong>approbo,</strong></span> <span class='ocrx_word' id='word_1_532' title='bbox 2878 3132 2946 3198; x_wconf 91' lang='lat' dir='ltr'><strong>in</strong></span> <span class='ocrx_word' id='word_1_533' title='bbox 2993 3132 3255 3199; x_wconf 85' lang='lat' dir='ltr'><strong>diversa</strong></span> <span class='ocrx_word' id='word_1_534' title='bbox 3296 3154 3440 3199; x_wconf 84' lang='lat' dir='ltr'><strong>csse</strong></span> <span class='ocrx_word' id='word_1_535' title='bbox 3481 3133 3827 3200; x_wconf 89' lang='lat' dir='ltr'><strong>sententia.</strong></span> <span class='ocrx_word' id='word_1_536' title='bbox 3916 3135 4089 3201; x_wconf 90' lang='lat' dir='ltr'><strong>Nam</strong></span> <span class='ocrx_word' id='word_1_537' title='bbox 4132 3144 4207 3202; x_wconf 90' lang='lat' dir='ltr'><strong>ut</strong></span> 
     </span>
     <span class='ocr_line' id='line_1_88' title="bbox 2252 3216 4208 3390; baseline 0.003 -21"><span class='ocrx_word' id='word_1_538' title='bbox 2252 3216 2902 3390; x_wconf 48' lang='lat' dir='ltr'><strong>assaumis</strong></span> <span class='ocrx_word' id='word_1_539' title='bbox 2946 3217 3911 3388; x_wconf 48' lang='lat' dir='ltr'><strong>mmmm,</strong></span> <span class='ocrx_word' id='word_1_540' title='bbox 3956 3230 4023 3286; x_wconf 61' lang='lat'><strong>⁰⁸</strong></span> <span class='ocrx_word' id='word_1_541' title='bbox 4060 3242 4208 3305; x_wconf 59' lang='lat' dir='ltr'><strong>p...</strong></span> 
     </span>
     <span class='ocr_line' id='line_1_89' title="bbox 2261 3389 4205 3477; baseline 0.004 -26"><span class='ocrx_word' id='word_1_542' title='bbox 2261 3424 2978 3438; x_wconf 86' lang='lat'>——————</span> <span class='ocrx_word' id='word_1_543' title='bbox 3021 3390 3293 3474; x_wconf 88' lang='lat' dir='ltr'><strong>Raptim</strong></span> <span class='ocrx_word' id='word_1_544' title='bbox 3336 3389 3814 3477; x_wconf 82' lang='lat' dir='ltr'><strong>Mombelgardi</strong></span> <span class='ocrx_word' id='word_1_545' title='bbox 3864 3396 3960 3459; x_wconf 92' lang='grc'><strong>11.</strong></span> <span class='ocrx_word' id='word_1_546' title='bbox 4006 3392 4205 3460; x_wconf 89' lang='lat' dir='ltr'><strong>Ianu-</strong></span> 
     </span>
     <span class='ocr_line' id='line_1_90' title="bbox 2255 3473 2611 3541; baseline 0.008 -3"><span class='ocrx_word' id='word_1_547' title='bbox 2255 3473 2378 3539; x_wconf 88' lang='lat' dir='ltr'><strong>arii</strong></span> <span class='ocrx_word' id='word_1_548' title='bbox 2427 3479 2611 3541; x_wconf 83' lang='lat'><strong>1551.</strong></span> 
     </span>
    </p>

    <p class='ocr_par' dir='ltr' id='par_1_27' title="bbox 3336 3561 4031 3630">
     <span class='ocr_line' id='line_1_91' title="bbox 3336 3561 4031 3630; baseline 0.001 -2"><span class='ocrx_word' id='word_1_549' title='bbox 3336 3561 3516 3629; x_wconf 75' lang='lat' dir='ltr'><strong>Tuus</strong></span> <span class='ocrx_word' id='word_1_550' title='bbox 3557 3562 3636 3628; x_wconf 91' lang='lat' dir='ltr'><strong>P.</strong></span> <span class='ocrx_word' id='word_1_551' title='bbox 3683 3562 4031 3630; x_wconf 65' lang='lat' dir='ltr'><strong>Toaeanus.</strong></span> 
     </span>
    </p>
   </div>
   <div class='ocr_carea' id='block_1_20' title="bbox 3027 3855 3437 3869">
    <p class='ocr_par' dir='ltr' id='par_1_28' title="bbox 3027 3855 3437 3869">
     <span class='ocr_line' id='line_1_92' title="bbox 3027 3855 3437 3869; baseline -0.002 -2"><span class='ocrx_word' id='word_1_552' title='bbox 3027 3855 3437 3869; x_wconf 56' lang='lat' dir='ltr'><strong>m</strong></span> 
     </span>
    </p>
   </div>
   <div class='ocr_carea' id='block_1_21' title="bbox 2443 4068 4203 4466">
    <p class='ocr_par' dir='ltr' id='par_1_29' title="bbox 2443 4068 4203 4466">
     <span class='ocr_line' id='line_1_93' title="bbox 3139 4068 3333 4140; baseline 0.005 -1"><span class='ocrx_word' id='word_1_553' title='bbox 3139 4068 3333 4140; x_wconf 72' lang='lat'><strong>1485.</strong></span> 
     </span>
     <span class='ocr_line' id='line_1_94' title="bbox 2628 4206 3817 4276; baseline 0.002 -2"><span class='ocrx_word' id='word_1_554' title='bbox 2628 4207 3136 4275; x_wconf 83' lang='lat' dir='ltr'>HALLERUS</span> <span class='ocrx_word' id='word_1_555' title='bbox 3182 4206 3817 4276; x_wconf 82' lang='lat' dir='ltr'><strong>BULLINGERO.</strong></span> 
     </span>
     <span class='ocr_line' id='line_1_95' title="bbox 2443 4378 4203 4466; baseline 0.002 -20"><span class='ocrx_word' id='word_1_556' title='bbox 2443 4380 2728 4466; x_wconf 61' lang='lat' dir='ltr'><strong>Veryevii</strong></span> <span class='ocrx_word' id='word_1_557' title='bbox 2808 4384 3022 4446; x_wconf 72' lang='lat' dir='ltr'><strong>contra</strong></span> <span class='ocrx_word' id='word_1_558' title='bbox 3093 4378 3377 4446; x_wconf 69' lang='lat' dir='ltr'><strong>Matium</strong></span> <span class='ocrx_word' id='word_1_559' title='bbox 3434 4380 3755 4461; x_wconf 61' lang='lat' dir='ltr'><strong>emptum.</strong></span> <span class='ocrx_word' id='word_1_560' title='bbox 3869 4380 4203 4450; x_wconf 75' lang='lat' dir='ltr'><strong>Decretum</strong></span> 
     </span>
    </p>
   </div>
   <div class='ocr_carea' id='block_1_22' title="bbox 2255 4465 4203 4624">
    <p class='ocr_par' dir='ltr' id='par_1_30' title="bbox 2255 4465 4203 4624">
     <span class='ocr_line' id='line_1_96' title="bbox 2257 4465 4203 4544; baseline -0.001 -7"><span class='ocrx_word' id='word_1_561' title='bbox 2257 4469 2683 4537; x_wconf 71' lang='lat' dir='ltr'><strong>Bernmsium</strong></span> <span class='ocrx_word' id='word_1_562' title='bbox 2733 4466 2811 4532; x_wconf 78' lang='lat' dir='ltr'><strong>de</strong></span> <span class='ocrx_word' id='word_1_563' title='bbox 2865 4486 3040 4532; x_wconf 66' lang='lat' dir='ltr'><strong>mace</strong></span> <span class='ocrx_word' id='word_1_564' title='bbox 3094 4465 3546 4544; x_wconf 71' lang='lat' dir='ltr'><strong>exosctdanda,</strong></span> <span class='ocrx_word' id='word_1_565' title='bbox 3626 4466 4073 4534; x_wconf 62' lang='lat' dir='ltr'><strong>&amp;encomium</strong></span> <span class='ocrx_word' id='word_1_566' title='bbox 4127 4471 4203 4536; x_wconf 80' lang='lat' dir='ltr'><strong>de</strong></span> 
     </span>
     <span class='ocr_line' id='line_1_97' title="bbox 2255 4552 2931 4624; baseline -0.013 1"><span class='ocrx_word' id='word_1_567' title='bbox 2255 4556 2461 4624; x_wconf 76' lang='lat' dir='ltr'><strong>natali</strong></span> <span class='ocrx_word' id='word_1_568' title='bbox 2503 4552 2769 4621; x_wconf 76' lang='lat' dir='ltr'><strong>Domini</strong></span> <span class='ocrx_word' id='word_1_569' title='bbox 2809 4552 2931 4617; x_wconf 78' lang='lat' dir='ltr'><strong>die.</strong></span> 
     </span>
    </p>
   </div>
   <div class='ocr_carea' id='block_1_23' title="bbox 2260 4720 4201 4859">
    <p class='ocr_par' dir='ltr' id='par_1_31' title="bbox 2260 4720 4201 4859">
     <span class='ocr_line' id='line_1_98' title="bbox 2260 4720 4201 4796; baseline -0.001 -14"><span class='ocrx_word' id='word_1_570' title='bbox 2260 4728 2369 4794; x_wconf 76' lang='lat' dir='ltr'><strong>(Ex</strong></span> <span class='ocrx_word' id='word_1_571' title='bbox 2417 4731 2647 4795; x_wconf 77' lang='lat' dir='ltr'><strong>autogra</strong></span> <span class='ocrx_word' id='word_1_572' title='bbox 2723 4739 2756 4777; x_wconf 95' lang='grc'><strong>0</strong></span> <span class='ocrx_word' id='word_1_573' title='bbox 2810 4722 2949 4777; x_wconf 87' lang='lat' dir='ltr'><strong>Bibl.</strong></span> <span class='ocrx_word' id='word_1_574' title='bbox 3003 4721 3156 4776; x_wconf 80' lang='lat' dir='ltr'><strong>civic.</strong></span> <span class='ocrx_word' id='word_1_575' title='bbox 3203 4720 3381 4784; x_wconf 79' lang='lat' dir='ltr'><strong>Turio.</strong></span> <span class='ocrx_word' id='word_1_576' title='bbox 3440 4720 3593 4776; x_wconf 72' lang='lat' dir='ltr'><strong>MSS.</strong></span> <span class='ocrx_word' id='word_1_577' title='bbox 3650 4722 3714 4776; x_wconf 76' lang='lat' dir='ltr'><strong>F.</strong></span> <span class='ocrx_word' id='word_1_578' title='bbox 3767 4721 3836 4776; x_wconf 76' lang='lat'><strong>62</strong></span> <span class='ocrx_word' id='word_1_579' title='bbox 3879 4725 4009 4779; x_wconf 90' lang='lat' dir='ltr'><strong>olim</strong></span> <span class='ocrx_word' id='word_1_580' title='bbox 4059 4724 4201 4796; x_wconf 75' lang='lat' dir='ltr'><strong>Epp-</strong></span> 
     </span>
     <span class='ocr_line' id='line_1_99' title="bbox 2666 4788 3837 4859; baseline -0.003 -13"><span class='ocrx_word' id='word_1_581' title='bbox 2666 4808 2773 4848; x_wconf 85' lang='lat' dir='ltr'><strong>om.</strong></span> <span class='ocrx_word' id='word_1_582' title='bbox 2805 4790 2891 4859; x_wconf 77' lang='lat'><strong>2⁷,</strong></span> <span class='ocrx_word' id='word_1_583' title='bbox 2926 4791 3018 4846; x_wconf 72' lang='lat'><strong>101.</strong></span> <span class='ocrx_word' id='word_1_584' title='bbox 3051 4788 3171 4845; x_wconf 78' lang='lat'><strong>816.</strong></span> <span class='ocrx_word' id='word_1_585' title='bbox 3207 4817 3270 4829; x_wconf 94' lang='lat'>—</span> <span class='ocrx_word' id='word_1_586' title='bbox 3309 4789 3521 4845; x_wconf 77' lang='lat' dir='ltr'><strong>simler.</strong></span> <span class='ocrx_word' id='word_1_587' title='bbox 3556 4789 3683 4845; x_wconf 84' lang='lat' dir='ltr'><strong>Vol.</strong></span> <span class='ocrx_word' id='word_1_588' title='bbox 3722 4789 3837 4858; x_wconf 74' lang='lat'><strong>¹14.)</strong></span> 
     </span>
    </p>
   </div>
   <div class='ocr_carea' id='block_1_24' title="bbox 2257 4934 2664 4945">
    <p class='ocr_par' dir='ltr' id='par_1_32' title="bbox 2257 4934 2664 4945">
     <span class='ocr_line' id='line_1_100' title="bbox 2257 4934 2664 4945; baseline 0 1222"><span class='ocrx_word' id='word_1_589' title='bbox 2257 4934 2664 4945; x_wconf 95' lang='lat' dir='ltr'><strong> </strong></span> 
     </span>
    </p>
   </div>
   <div class='ocr_carea' id='block_1_25' title="bbox 2256 5012 4201 5417">
    <p class='ocr_par' dir='ltr' id='par_1_33' title="bbox 2256 5012 4201 5222">
     <span class='ocr_line' id='line_1_101' title="bbox 2256 5012 4201 5083; baseline 0 -10"><span class='ocrx_word' id='word_1_590' title='bbox 2256 5018 2528 5083; x_wconf 66' lang='lat' dir='ltr'><strong>uam)</strong></span> <span class='ocrx_word' id='word_1_591' title='bbox 2563 5012 4201 5080; x_wconf 58' lang='lat' dir='ltr'><strong>Hacderefflnosaln‘biboieoemmfflm‚etom·</strong></span> 
     </span>
     <span class='ocr_line' id='line_1_102' title="bbox 2256 5080 3809 5222; baseline -0.004 -14"><span class='ocrx_word' id='word_1_592' title='bbox 2256 5088 2391 5143; x_wconf 42' lang='lat'><strong>”⁸³⁰</strong></span> <span class='ocrx_word' id='word_1_593' title='bbox 2423 5087 2702 5222; x_wconf 51' lang='lat' dir='ltr'><strong>“ifi‘vsoel</strong></span> <span class='ocrx_word' id='word_1_594' title='bbox 2775 5191 2788 5205; x_wconf 91' lang='lat'><strong>.</strong></span> <span class='ocrx_word' id='word_1_595' title='bbox 2825 5149 2943 5206; x_wconf 64' lang='lat' dir='ltr'><strong>vss.</strong></span> <span class='ocrx_word' id='word_1_596' title='bbox 2980 5080 3261 5206; x_wconf 48' lang='lat' dir='ltr'><strong>ww</strong></span> <span class='ocrx_word' id='word_1_597' title='bbox 3294 5080 3391 5135; x_wconf 54' lang='grc' dir='ltr'><strong>Μ</strong></span> <span class='ocrx_word' id='word_1_598' title='bbox 3423 5097 3537 5138; x_wconf 73' lang='lat'>’⁸⁰⁹⁸</span> <span class='ocrx_word' id='word_1_599' title='bbox 3572 5081 3809 5152; x_wconf 49' lang='lat' dir='ltr'><strong>‘&#39;mm‘&#39;</strong></span> 
     </span>
    </p>

    <p class='ocr_par' dir='ltr' id='par_1_34' title="bbox 2258 5221 4199 5417">
     <span class='ocr_line' id='line_1_103' title="bbox 2462 5221 3044 5290; baseline -0.003 -13"><span class='ocrx_word' id='word_1_600' title='bbox 2462 5222 2525 5290; x_wconf 82' lang='grc'><strong>3)</strong></span> <span class='ocrx_word' id='word_1_601' title='bbox 2560 5221 2754 5277; x_wconf 70' lang='lat' dir='ltr'><strong>chana</strong></span> <span class='ocrx_word' id='word_1_602' title='bbox 2786 5221 3044 5277; x_wconf 64' lang='lat' dir='ltr'><strong>laurata.</strong></span> 
     </span>
     <span class='ocr_line' id='line_1_104' title="bbox 2258 5285 4199 5417; baseline 0.001 -71"><span class='ocrx_word' id='word_1_603' title='bbox 2258 5289 2521 5417; x_wconf 42' lang='lat' dir='ltr'><strong>Parate)</strong></span> <span class='ocrx_word' id='word_1_604' title='bbox 2560 5288 2641 5346; x_wconf 71' lang='lat' dir='ltr'><strong>Et</strong></span> <span class='ocrx_word' id='word_1_605' title='bbox 2672 5305 2807 5345; x_wconf 68' lang='lat' dir='ltr'><strong>nanc</strong></span> <span class='ocrx_word' id='word_1_606' title='bbox 2842 5288 3042 5345; x_wconf 68' lang='lat' dir='ltr'><strong>Nostri</strong></span> <span class='ocrx_word' id='word_1_607' title='bbox 3072 5286 3762 5353; x_wconf 65' lang='lat' dir='ltr'><strong>anctiunfm&#39;ue</strong></span> <span class='ocrx_word' id='word_1_608' title='bbox 3796 5285 4005 5344; x_wconf 64' lang='lat' dir='ltr'><strong>ditm-is</strong></span> <span class='ocrx_word' id='word_1_609' title='bbox 4036 5305 4199 5360; x_wconf 69' lang='lat' dir='ltr'><strong>quam</strong></span> 
     </span>
    </p>
   </div>
  </div>
 </body>
</html>
