4900 6167
230 439 327 502 129

227 621 289 690 si
344 620 422 686 de
470 620 738 687 illorum
808 620 1028 686 animo
1078 619 1204 684 hac
1254 620 1326 685 in
1625 617 1866 685 certior
1916 638 2149 698 essem,

228 725 497 775 curarem
552 715 629 771 ut
686 713 753 771 et
804 706 1121 772 viaticum
1172 705 1308 771 illis
1409 713 1632 770 aretur
1684 710 1752 771 et
1806 704 2153 771 honestam

230 793 465 859 demum
530 791 639 857 hic
703 790 1142 857 conditionem
1207 788 1547 855 haberent.
1635 788 1966 874 Cuperem
2030 810 2154 855 nos

232 877 515 963 plurimos
549 897 693 943 esse
727 876 839 960 qui
858 875 1037 943 idem
1070 877 1143 942 in
1163 876 1454 942 Domino
1488 875 1885 943 sentiremus
1929 880 1997 941 et
2039 873 2155 939 do-

236 982 514 1031 caremus.

372 1046 660 1113 Domino
704 1066 745 1111 a
788 1045 1024 1126 Breda,
1065 1048 1256 1112 fratri
1299 1047 1385 1112 D.
1435 1045 1720 1126 Fallesii,
1763 1044 1913 1111 dedi
1955 1064 2155 1128 quae·

238 1135 361 1201 dam
396 1135 469 1198 in
510 1131 840 1198 mandatis
875 1131 959 1198 ad
1015 1145 1080 1199 te
1123 1143 1193 1197 et
1246 1131 1330 1198 ad
1371 1130 1456 1197 D.
1509 1130 1873 1198 Calvinum.-
1930 1129 2157 1197 credes

239 1221 412 1304 igimr
465 1226 584 1283 aut
636 1218 829 1284 alteri
869 1218 1130 1284 illorum
1187 1226 1304 1283 aut
1359 1218 1637 1300 utrique.
1724 1216 1914 1296 Vale,
1956 1217 2161 1281 frater

238 1308 293 1371 in
325 1303 607 1369 Domino
651 1303 1103 1382 dilectissime,
1161 1312 1230 1369 et
1269 1324 1377 1369 me
1418 1323 1659 1385 quaeso
1702 1300 1877 1385 apud
1920 1302 2159 1367 fratres

240 1388 381 1474 quod
421 1411 555 1454 non
598 1389 875 1473 singulis
919 1389 1217 1466 scribam,
1275 1389 1580 1471 inprimis
1622 1408 1783 1454 vero
1827 1385 2003 1471 apud
2046 1406 2159 1470 pa·

241 1485 380 1542 trem
419 1483 726 1541 nostrum
769 1473 855 1539 D.
908 1473 1318 1554 Pellicamcm,
1362 1482 1692 1540 excusato.
1782 1472 1968 1538 Deus
2002 1471 2159 1554 opt.

240 1561 388 1627 Max.
426 1567 651 1626 servet
695 1567 764 1625 et
803 1557 1128 1644 gubernet
1168 1568 1423 1626 vestras
1466 1559 1793 1638 ccclesias,
1837 1565 2164 1623 vestram-

243 1667 343 1729 que
381 1647 574 1711 istam
610 1653 908 1710 mutuam
942 1645 1431 1711 consensionem
1472 1666 1594 1728 per
1625 1645 1934 1728 spiritum
1968 1663 2166 1708 suum

242 1730 525 1815 provehat
568 1738 637 1795 et
679 1730 1083 1810 corroboret,
1142 1729 1226 1796 ad
1284 1731 1568 1796 nominis
1620 1731 1726 1795 sui
1770 1727 1981 1795 divini
2023 1727 2163 1812 glo-

242 1818 394 1882 riam.
493 1817 729 1882 Amen.
831 1815 1166 1882 Dominus
1244 1825 1471 1882 noster
1536 1814 1832 1897 prerus
1897 1821 2169 1880 strenue

242 1924 338 1968 suo
376 1922 645 1967 munere
687 1902 1005 1986 fungitur.
1080 1902 1325 1968 Nostra
1366 1903 1568 1966 etiam
1614 1900 1904 1979 ecclesia,
1950 1901 2167 1984 gratia

244 1986 371 2067 Deo,
427 1986 935 2069 multiplicatur,
995 2008 1130 2052 non
1186 1997 1415 2052 tamen
1457 1988 1602 2052 sine
1640 2008 1884 2071 magna
1924 1985 2165 2051 Phari-

246 2075 535 2222 {nieorum
614 2073 1061 2139 reluctatione.
1148 2072 1402 2138 Iterum
1463 2072 1629 2138 vale.
1737 2070 2030 2137 Londini
2111 2074 2169 2134 7.

275 2160 397 2223 unii
445 2162 628 2224 1551.

1038 2243 1221 2308 Τιιυε
1264 2250 1550 2326 quantus
1592 2250 1695 2309 est

1358 2345 1642 2412 Ioannes
1685 2365 1725 2409 a
1767 2344 1997 2411 Lasco.

1093 2752 1281 2822 14⁰8.

671 2906 1241 2975 BADUELLUS
1286 2862 1723 2974 cALVINo.
1774 2893 1831 2968 ’.

400 3079 921 3146 Commentariun·
960 3081 1031 3144 in
1054 3078 1337 3145 Iesaiam
1369 3078 1642 3144 nondum
1683 3077 1926 3159 accepit.
1999 3075 2176 3142 Gom-

253 3167 469 3233 mant
498 3166 872 3250 popularem
914 3185 1103 3231 suum
1138 3165 1461 3249 yymnasii
1506 3162 1939 3229 Narbonensis
1983 3162 2175 3228 Late-

253 3252 355 3317 tiae
390 3257 696 3330 rectorem,
740 3273 783 3317 a
830 3249 1087 3316 Calvino
1129 3250 1388 3315 meliora
1423 3249 1812 3316 edocendam.
1871 3248 2021 3333 Ipse
2052 3268 2177 3331 pro

254 3339 487 3419 {uapore
529 3337 835 3422 Iaaeyduni
875 3335 1098 3415 haeret,
1144 3337 1259 3402 etsi
1292 3335 1546 3400 invita-3.

532 3508 647 3572 (Ex
682 3501 1022 3576 autographo
1057 3506 1187 3560 Cod.
1223 3505 1428 3559 Genev.
1465 3503 1583 3570 115,
1618 3504 1709 3560 fol.
1745 3503 1860 3571 24.)

254 3675 620 3744 Doctissimo
672 3680 820 3744 viro
878 3683 1075 3761 atque
1133 3675 1562 3761 integerrimo
1618 3674 1873 3742 homini
1916 3676 2001 3741 D.
2050 3674 2176 3740 Oa-

256 3763 373 3828 rolo
424 3765 718 3831 Passelio
773 3763 981 3830 amico
1039 3783 1157 3828 suo
1211 3762 1282 3827 in
1341 3762 1630 3828 Domino
1686 3761 1975 3827 maxime
2032 3759 2180 3825 dili-

796 3848 1010 3934 gendo
1054 3855 1121 3912 et
1163 3846 1592 3914 observando.

399 3986 529 4067 Qui
574 3988 772 4052 istinc
825 3986 908 4051 ad
968 4006 1087 4051 nos
1140 3983 1479 4049 redierunt
1533 3983 1703 4049 mihi
1762 3984 2181 4059 nunciarunt,

254 4079 306 4135 te
342 4073 879 4138 commentarium
922 4080 1116 4135 tuum
1160 4091 1358 4152 quem
1400 4070 1472 4134 in
1494 4070 1763 4135 Esaiam
1786 4068 2102 4151 scripsisti
2130 4069 2181 4150 ¹)

250 4156 320 4220 ad
358 4179 460 4224 me
499 4157 861 4223 missurum
896 4165 1093 4238 atque
1135 4155 1296 4221 adeo
1332 4164 1471 4221 tum
1512 4156 1793 4220 mittere.
1860 4154 2009 4219 Hoc
2044 4174 2186 4218 mu-

252 4262 355 4309 nus
392 4245 587 4328 longe
627 4241 797 4307 mihi
852 4242 1302 4326 gratissimum
1356 4242 1438 4306 ab
1482 4241 1875 4306 amicissimo
1918 4239 2184 4304 homine

246 4331 585 4407 profectum
629 4325 925 4393 nondum
970 4328 1218 4413 accepi:
1276 4327 1389 4392 sed
1449 4336 1671 4392 tamen
1713 4347 1860 4391 eam
1903 4347 1943 4390 a
2036 4345 2184 4390 osco

243 4434 498 4499 amoque
541 4414 1025 4480 humanitatem
1068 4423 1282 4491 tuam,
1340 4425 1408 4478 et
1446 4433 1556 4478 eas
1600 4412 1846 4498 gratias
1889 4412 1943 4475 ti
1990 4411 2015 4474 i
2059 4430 2182 4494 ago

243 4502 411 4580 quasi
451 4502 587 4566 iam
629 4499 797 4565 liber
840 4497 1008 4564 mihi
1048 4498 1345 4564 redditus
1388 4506 1579 4564 esset.

398 4584 531 4666 Qui
590 4585 716 4650 has
770 4585 996 4650 literas
1050 4583 1172 4649 tibi
1227 4581 1515 4647 reddidit
1565 4591 1668 4649 est
1724 4580 2186 4664 σνμπατροώτης

246 4688 489 4736 summa
559 4670 729 4735 mihi
793 4668 1081 4735 amicitia
1142 4667 1713 4749 familiaritateque
1778 4665 2182 4745 coniunctus,

247 4752 535 4822 Lutetiae
591 4755 961 4838 praefectus
1016 4754 1078 4818 ei
1134 4754 1481 4837 gymnasio
1539 4753 1712 4837 quod
1754 4752 2185 4819 Narbonense

244 4841 619 4924 appellatur.
706 4839 778 4906 Is
822 4841 1012 4905 venit
1064 4860 1238 4904 nunc
1281 4837 1346 4902 N
1347 4858 1616 4904 emauso
1672 4837 1891 4924 patria
1939 4844 2183 4916 nostra,

246 4946 319 4989 ex
361 4949 481 5010 quo
522 4926 826 4992 intellexi
883 4927 1202 4990 rationem
1254 4943 1473 4988 rerum
1532 4945 1832 4989 mearum
1891 4921 2183 4987 nondum

250 5010 330 5072 lta
382 5035 520 5079 esse
576 5013 1003 5078 constitutam
1072 5019 1149 5074 ut
1205 5030 1461 5074 mecum
1520 5011 1651 5074 mei
1708 5011 1832 5076 hoc
1890 5017 2184 5091 tempore

248 5199 486 5266 usal)
523 5200 609 5267 01.
658 5215 800 5269 quae
844 5198 1235 5255 adnotavimw
1278 5196 1355 5251 ad
1394 5195 1469 5253 N.
1507 5195 1642 5251 1459
1676 5202 1790 5254 not.
1829 5197 1861 5252 7
1905 5195 2185 5254 etad&-

254 5269 463 5350 westie
506 5270 698 5326 σηπία
730 5268 973 5324 eiusdem
1014 5266 1276 5337 epistolae
1321 5281 1394 5321 m.
1428 5264 1663 5334 Martia,
1711 5267 1905 5337 Aprili
1936 5271 1989 5324 et
2022 5265 2188 5323 Maio

385 5423 595 5481 caveai
624 5439 810 5493 opera.
892 5422 1008 5478 Vol.
1046 5420 1142 5477 xl
1156 5422 1215 5477 V.

2037 433 2195 496 1551
2239 430 2425 499 IUN.

4107 436 4240 503 130

2254 619 2427 686 istuc
2470 615 2557 683 ad
2610 636 2732 683 vos
2774 616 3003 684 venire
3057 616 3331 700 possint.
3417 615 3610 683 Uxor
3649 618 3920 702 quidem
3960 641 4040 686 ac
4077 640 4238 689 cae—

2257 706 2384 770 teri
2434 703 2632 770 amici
2702 701 2956 767 nullam
3013 700 3426 800 diligentiam
3479 705 4050 785 praetermittunt,
4107 706 4236 773 sed

2256 791 2585 856 bonorum
2626 786 2920 853 venditio
2964 786 3249 853 diffioflis
3283 796 3404 865 est,
3449 789 3841 871 praesertim
3883 789 4117 857 domus
4152 812 4236 860 ac

2257 872 2539 958 praedii,
2598 878 2868 958 propter
2911 880 3284 956 emptorum
3325 872 3545 939 nescio
3598 893 3797 958 quam
3840 874 4229 944 tarditatem

2260 960 2408 1027 sive
2470 958 2963 1025 dubitationem.
3081 957 3228 1042 Ego
3288 957 3559 1023 Domini
3622 958 4078 1041 providentiae
4147 981 4227 1027 ac

2259 1045 2416 1112 fidei
2476 1051 2692 1110 totum
2747 1043 3090 1127 negotium
3152 1044 3450 1109 commisi
3492 1064 3570 1108 ao
3621 1042 3884 1109 tradidi.
3973 1046 4046 1111 Is
4103 1066 4228 1129 pro

2262 1151 2385 1197 sua
2446 1130 2770 1212 sapientia
2825 1128 3247 1211 bonitateque
3306 1129 3632 1212 gubernet
3694 1140 3764 1194 et
3828 1130 4227 1212 moderetur,

2261 1213 2436 1300 quod
2479 1236 2670 1299 spero
2711 1215 3044 1279 facturum
3087 1215 3221 1278 tuis
3265 1214 3642 1280 admonitus
3684 1215 4008 1297 precibus.

2437 1302 2542 1365 Tu
2587 1321 2672 1366 ex
2711 1300 2839 1366 isto
2883 1307 3098 1364 totum
3141 1305 3389 1364 statum
3430 1320 3658 1365 rerum
3700 1321 4001 1366 mearum
4042 1301 4237 1369 facile

2265 1385 2618 1470 intelliges.
2691 1386 3095 1469 Magnopere
3138 1393 3205 1450 te
3248 1405 3406 1468 rogo
3450 1391 3527 1448 ut
3559 1404 3681 1468 pro
3725 1393 3838 1450 tua
3881 1392 4235 1452 consuetu-

2268 1472 2422 1538 dine
2464 1491 2853 1553 summaque
2893 1469 3244 1553 prudentia
3285 1490 3438 1535 eum
3480 1490 3749 1535 moneas
3792 1470 3875 1536 iis
3912 1469 3994 1536 de
4035 1471 4236 1538 rebus

2267 1579 2436 1642 quae
2481 1557 2566 1622 ad
2608 1557 2814 1639 ipsius
2859 1555 3141 1619 salutem
3183 1565 3252 1619 et
3286 1555 3568 1638 gloriam
3588 1554 3717 1620 Dei
3755 1557 4047 1621 maxime
4128 1578 4236 1622 er·

2268 1646 2502 1708 tinent.
2591 1641 2768 1707 Nam
2811 1642 2881 1705 in
2924 1661 3004 1704 ea
3067 1640 3402 1723 gymnasii
3469 1641 3880 1723 praefectura
3933 1662 4072 1706 non
4119 1662 4234 1706 um

2268 1739 2371 1794 est
2434 1727 2687 1793 solutus
2752 1747 2828 1792 ac
2896 1725 3214 1791 liberatus
3280 1745 3359 1790 ea
3436 1726 3785 1804 servitute,
3854 1747 4025 1809 quae
4080 1747 4237 1793 cum

2269 1834 2531 1879 summa
2552 1811 2960 1896 turpitudine
2994 1811 3462 1893 impietateque
3484 1811 3833 1876 coniuncta
3866 1819 3986 1876 est.
4055 1812 4238 1878 Eum

2273 1899 2287 1913 '
2343 1900 2475 1963 'tur
2515 1898 2614 1963 ita
2655 1896 2918 1962 erudies
2961 1903 3158 1979 atque
3202 1895 3583 1961 admonebis
3600 1945 3615 1972 ,
3685 1906 3758 1961 ut
3800 1916 3952 1962 cum
3999 1899 4236 1963 timore

2341 1984 2545 2049 omini
2609 1982 2694 2048 ad
2751 2002 2963 2065 genus
3028 1981 3205 2048 vitae
3261 2001 3336 2046 ac
3371 1981 3756 2047 institutum
3820 1993 4236 2047 commutan-

2271 2067 2432 2134 dum
2478 2068 2563 2135 ad
2606 2088 2727 2132 sua
2768 2066 2990 2133 studia
3031 2072 3417 2131 revertatur.
3506 2065 3839 2131 Existimo
3885 2089 4058 2144 eum,
4103 2088 4239 2150 qua

2272 2163 2375 2221 est
2414 2161 2674 2219 natura‘
2702 2153 3011 2231 bonitate,
3054 2151 3244 2216 facile
3287 2151 3409 2216 tibi
3453 2151 4082 2234 obtemperaturum.

2446 2239 2594 2324 Ego
2638 2237 2796 2303 dum
2838 2259 2945 2302 res
2990 2257 3188 2303 meae
3243 2237 3741 2302 constituuntur
3783 2257 3863 2302 ea
3906 2236 4128 2303 studia
4171 2245 4241 2303 et

2273 2325 2490 2391 officia
2533 2323 2842 2390 ecclesiae
2885 2322 2994 2387 hic
3051 2322 3395 2405 praestabo
3438 2341 3606 2404 quae
3648 2327 3891 2404 potero.
3983 2323 4242 2389 Tantus

2272 2417 2375 2476 est
2418 2408 2890 2492 discipulorum
2932 2428 3250 2473 numerus
3293 2413 3369 2471 ut
3410 2427 3450 2472 a
3483 2405 3673 2472 nobis
3707 2414 3975 2490 propter
4017 2407 4244 2472 multi-

2273 2495 2575 2560 tudinem
2617 2495 2693 2558 in
2751 2499 3030 2577 quatuor
3082 2492 3323 2558 classes
3364 2492 3456 2557 sit
3498 2491 3908 2558 distributus.
3930 2495 3987 2577 ²)
4074 2493 4244 2559 Pro-

2274 2582 2458 2646 xima
2522 2577 2788 2662 quidem
2852 2577 2960 2644 die
3025 2576 3353 2644 dominica
3416 2576 3643 2661 plures
3751 2599 3909 2642 uam
3974 2584 4240 2643 centum

2272 2665 2757 2750 quinquaginta
2812 2663 2897 2730 ad
2956 2663 3359 2730 audiendum
3418 2670 3486 2727 et
3537 2683 3698 2728 oran
3791 2684 3860 2727 m
3915 2683 4127 2727 unum
4170 2664 4245 2729 in

2274 2751 2495 2818 locum
2537 2756 3010 2816 convenerunt.
3100 2746 3295 2829 Quod
3339 2769 3460 2832 ego
3503 2745 3745 2814 idcirco
3788 2747 3873 2813 ad
3915 2754 3985 2814 te
4029 2746 4245 2814 scribo

2274 2843 2351 2901 ut
2414 2847 2491 2901 tu
2535 2836 2821 2901 Domino
2888 2836 3134 2919 gratias
3195 2855 3382 2919 agas,
3446 2854 3729 2917 eumque
3786 2852 3936 2898 ores
3983 2841 4059 2899 ut
4119 2853 4247 2900 nos

2276 2928 2466 3072 regiat
2491 2927 2561 2986 et
2580 2919 2902 2986 defendat.
2974 2918 3144 2985 Vale
3188 2920 3262 2983 in
3288 2918 3595 2985 Domino.
3659 2918 3979 3003 Lugduni
4023 2919 4243 2987 subito

2278 3031 2325 3072 x
2406 3028 2564 3072 unn.

3299 3089 3483 3154 Tuus
3525 3088 3690 3170 App.
3736 3086 4075 3155 ClaudiuS.

3169 3531 3366 3602 149⁹.

2808 3667 3218 3737 VIRETUS
3241 3611 3720 3734 ”FARELLQ

2461 3842 2757 3924 Epistola
2793 3841 3126 3923 funeribus
3171 3839 3367 3921 plena
3420 3843 3476 3904 et
3531 3838 3809 3904 luctuosa
3858 3841 4031 3920 peste
4069 3837 4252 3903 Lau-

2284 3948 2528 3995 sannae
2565 3929 2830 4012 φανίας
2871 3927 3192 3993 saeviente.
3281 3922 3490 3987 Habet
3541 3927 3598 3987 et
3651 3922 3962 4004 quaedam
4018 3922 4106 3989 ad
4148 3943 4255 3990 res

2287 4014 2682 4099 Anylicanas
2725 4018 2783 4079 et
2825 4014 2912 4080 ad
2958 4012 3302 4122 Per-riuum
3340 4009 3709 4089 spectantia.

2288 4185 2398 4252 (Ex
2433 4183 2770 4255 autographo
2813 4171 3198 4240 Bibliothecae
3226 4181 3508 4248 pastorum
3553 4176 4022 4256 Neocomensium.
4105 4179 4249 4251 Epp.

2925 4250 3108 4305 Vireti
3141 4248 3269 4301 fasc.
3305 4247 3377 4300 V.
3413 4247 3481 4300 N.
3517 4245 3595 4313 9.)

2459 4407 2720 4490 Insigni
2775 4404 2929 4470 Iesu
2993 4402 3247 4469 Christi
3319 4423 3512 4467 servo
3567 4399 3928 4466 Guilielmo
3987 4400 4255 4467 Farello

2288 4493 2756 4560 Neocomensis
2800 4489 3110 4556 ecclesiae
3162 4489 3407 4573 pastori
3465 4486 3658 4552 fratri
3716 4495 3784 4550 et
3838 4493 4255 4571 symmystae

2290 4598 2489 4663 quam
2534 4576 2889 4645 carissimo.

3743 4656 3807 4721 N
3810 4656 4075 4721 eocomi.

2462 4799 2536 4868 S.
2624 4797 2822 4865 Redii
2865 4797 3009 4862 heri
3053 4794 3355 4871 Geneva‚
3410 4791 3523 4858 ubi
3567 4813 3702 4858 non
3745 4791 3934 4858 licuit
3973 4812 4093 4875 per
4133 4810 4252 4856 ne-

2290 4888 2471 4972 gotia
2511 4886 2785 4952 haerere
2828 4881 3081 4948 tamdiu
3123 4879 3438 4964 quamdiu
3482 4886 3625 4943 erat
3665 4879 3737 4942 in
3776 4880 4014 4943 animo.

2496 5055 2559 5120 2)
2594 5053 2690 5108 Λᾶ
2721 5054 2857 5108 haec
2887 5049 3228 5107 illustranda
3259 5048 3478 5115 faciunt
3513 5062 3654 5117 quae
3680 5044 3909 5125 praebet
3940 5039 4092 5124 ῌίει.
4120 5042 4246 5124 eccl.

2290 5124 2369 5180 ad
2413 5142 2464 5179 a.
2516 5122 2649 5178 1551
2699 5122 2767 5178 de
2804 5121 3037 5178 claudio
3070 5119 3330 5178 Monier:
3376 5118 3422 5173 11
3461 5118 3627 5172 estoit
3661 5130 3798 5168 venu
3835 5131 3868 5165 a
3915 5110 4057 5192 Lgon
4091 5116 4248 5166 aiant

2291 5196 2490 5263 charge
2526 5194 2595 5247 de
2614 5194 2877 5262 quelques
2912 5192 3100 5245 enfans
3118 5190 3190 5243 du
3226 5189 3353 5257 lieu,
3386 5184 3455 5240 ou
3489 5186 3530 5238 il
3565 5184 3737 5262 servit
3770 5181 3804 5234 a
3836 5180 4126 5249 plusieurs,
4163 5180 4244 5234 les

2292 5263 2626 5316 assemblant
2657 5279 2759 5331 par
2791 5262 2990 5331 petitos
3024 5268 3251 5328 troupes
3286 5272 3426 5326 pour
3472 5252 3619 5323 pricr
3654 5251 3796 5303 Dreu
3830 5254 3890 5302 et
3934 5263 4077 5317 pour
4120 5248 4244 5304 lom·

2292 5331 2702 5400 communiquer
2732 5345 2795 5384 ce
2829 5328 2962 5399 qu’il
2993 5328 3145 5384 avoit
3176 5341 3354 5381 recen.
