4900 6167
346 440 473 502 ’11⁷

350 623 589 711 quibus
630 625 894 695 assidue
938 624 1237 705 desudas,
1290 623 1563 691 laedam.
1652 620 1807 689 Non
1848 624 2168 690 iusseram
2224 623 2307 688 il-

348 712 493 778 lum
546 732 786 797 urgere
838 731 961 777 nec
1017 712 1360 790 festinare,
1415 733 1536 777 nec
1593 730 1782 776 meus
1837 717 1998 786 erat,
2059 708 2177 775 sed
2219 708 2305 774 D.

352 798 625 864 Ioannis
672 796 947 867 Cumaei
987 805 1057 863 et
1097 797 1372 884 aliorum
1417 816 1670 880 quoque
1716 794 2308 880 Argentinensium

350 883 657 950 nuncius.
724 882 855 950 Die
888 885 1087 949 tertia
1119 904 1314 966 quam
1335 882 1779 968 Argentinam
1822 880 2306 964 appulissem,2)

352 968 587 1036 videns
626 991 735 1035 me
778 969 1020 1035 falsum
1063 989 1182 1054 spe
1223 968 1513 1034 familiae
1573 966 1730 1033 illuc
1774 965 2100 1033 eruendae
2142 987 2309 1049 quae

354 1055 494 1122 sola
536 1075 740 1122 causa
782 1057 998 1122 fuerat
1033 1066 1105 1119 ut
1147 1056 1392 1120 omissa
1411 1053 1717 1139 Tubinga
1758 1052 1913 1118 illuc
1961 1052 2306 1128 venissem,

354 1142 581 1207 statim
625 1162 775 1208 eum
815 1141 1004 1208 libris
1047 1140 1420 1225 'l'ubingam
1464 1140 1792 1223 profectus
1836 1138 2105 1204 fuissem
2120 1190 2138 1218 ‚
2181 1138 2310 1203 nisi

354 1227 881 1312 Argentinenses
936 1227 1097 1293 duos
1141 1225 1439 1310 publicos
1497 1246 1697 1309 equos
1740 1246 1889 1291 cum
1934 1224 2148 1307 equite
2193 1245 2311 1289 suo

350 1311 897 1393 commodassent,
941 1322 1021 1378 ut
1061 1313 1392 1396 principes
1429 1312 1637 1377 veluti
1671 1330 1921 1376 sacram
1957 1309 2310 1376 anchoram

350 1398 625 1465 adirem.
729 1399 1037 1466 Calendis
1092 1397 1400 1464 Octobris
1459 1399 1529 1462 in
1594 1395 1874 1462 comitiis
1938 1395 2311 1479 principum

348 1484 818 1568 Hailprunnae
840 1489 894 1565 ³)
930 1507 970 1550 a
1000 1483 1543 1550 christianissimo
1576 1480 1737 1548 duce
1776 1480 2313 1565 Wirtemberyensi

350 1570 827 1654 benignissime
884 1579 1257 1653 susceptus,
1328 1570 1448 1633 vix
1512 1569 1695 1652 potui
1757 1569 1915 1651 quin
1977 1588 2313 1633 manerem

350 1676 508 1723 cum
551 1656 683 1722 illo.
750 1656 959 1722 Manu
993 1657 1320 1739 prehensa
1365 1676 1472 1720 me
1516 1654 1651 1720 suis
1687 1652 2077 1721 consiliariis
2121 1651 2311 1720 Stut-

352 1741 653 1827 gardiam
696 1742 935 1808 deinde
956 1741 1329 1825 Tubingam
1365 1739 1817 1805 deducendum
1853 1737 2173 1816 tradente,
2218 1758 2315 1804 se-

351 1849 481 1912 que
524 1828 749 1894 omnia
791 1848 950 1912 erga
989 1828 1278 1911 reliquos
1312 1828 1640 1910 prinsipes
1682 1838 1751 1889 et
1793 1845 2014 1907 regem
2039 1824 2313 1890 Gallum

352 1912 811 1981 confecturum
899 1936 1019 1981 sua
1118 1912 1555 1980 sollicitudine
1648 1912 1917 1995 suisque
1994 1909 2313 1993 impensis

354 2000 767 2084 suscipiente,
812 2001 1080 2064 omnino
1124 2010 1345 2064 tamen
1390 1998 1567 2064 volui
1613 2006 1913 2081 coeptum
1974 1995 2100 2061 iter
2141 1996 2314 2080 ipse-

353 2098 495 2151 met
536 2084 892 2151 absolvere.
961 2087 1117 2150 Mea
1139 2085 1460 2151 interesse
1504 2084 1700 2148 etiam
1744 2082 2051 2166 putabam
2078 2082 2315 2148 Lanat-

349 2172 647 2256 9ravium
687 2172 902 2256 ipsum
954 2171 1192 2250 videre,
1236 2170 1643 2254 liberumque
1688 2168 1852 2233 mihi
1897 2189 2037 2233 esse
2063 2170 2312 2251 Argen-

356 2258 567 2323 tinam
596 2258 816 2409 ffi
850 2256 1108 2342 regredi
1169 2265 1245 2321 ut
1287 2277 1436 2322 cum
1482 2256 1654 2322 bona
1694 2254 1872 2319 illius
1916 2255 2010 2319 rei
2058 2253 2314 2320 ublicae

356 2344 575 2427 gratia
645 2343 659 2357 '
818 2364 1015 2422 erem,
1040 2343 1372 2426 librosque
1393 2341 1802 2409 adducerem.
1842 2276 2316 2424 Landgmavius

353 2429 652 2494 maxima
710 2429 1165 2495 munificentia
1219 2450 1325 2493 me
1382 2428 1638 2510 excepit
1694 2437 1764 2491 et
1804 2426 2071 2491 omnino
2114 2426 2316 2490 etiam

356 2514 508 2600 plus
551 2536 748 2599 quam
793 2514 1034 2599 duplici
1101 2515 1377 2580 aliorum
1433 2510 1760 2596 stipendio
1824 2533 1931 2576 me
1969 2511 2209 2594 Marpu
2295 2511 2309 2525 '

356 2602 646 2667 retinere
685 2608 960 2666 conatus
1003 2609 1120 2675 est,
1166 2599 1339 2684 quod
1375 2600 1617 2665 factum
1656 2605 1829 2664 esset
1863 2597 1988 2662 nisi
2033 2594 2169 2661 dux
2203 2597 2248 2661 il
2277 2618 2314 2662 e

354 2688 825 2770 praevenisset.
915 2686 1312 2752 Pensionem
1373 2695 1594 2750 tamen
1650 2702 1939 2748 annuam
1997 2682 2161 2747 mihi
2209 2704 2316 2769 pe-

356 2780 499 2837 tere
542 2772 796 2837 nolenti
867 2771 1045 2837 dedit
1100 2780 1168 2837 et
1230 2771 1634 2855 prorogavit,
1693 2770 2005 2835 maiorem
2050 2778 2314 2835 centum

360 2878 711 2924 aureorum
768 2861 1148 2942 pensionem
1216 2856 1544 2940 pollicitus
1597 2855 1734 2920 filio
1788 2875 1934 2920 meo
1990 2854 2313 2938 primoge-

358 2944 503 3010 nito
547 2944 606 3008 si
649 2943 836 3011 illum
874 2945 935 3009 ei
980 2941 1403 3011 concederem
1446 2940 1808 3025 Marpurgi.
1896 2941 2085 3007 Duos
2128 2938 2314 3005 addi-

362 3028 459 3094 dit
499 3030 744 3096 milites
831 3030 903 3096 ui
945 3050 1051 3095 me
1087 3030 1226 3095 suis
1261 3029 1575 3113 impensis
1609 3025 1693 3092 ad
1715 3028 1779 3091 A
2102 3024 2314 3093 Saxo-

360 3116 513 3181 niae
536 3115 771 3182 ducem
836 3124 1106 3182 ucereut
1139 3127 1207 3180 et
1238 3114 1648 3180 reducerent.
1714 3113 1814 3178 Re
1861 3119 2124 3178 euntem
2163 3110 2317 3177 Wil-

356 3200 600 3268 helmus
621 3201 1116 3287 Landtgravius
1150 3202 1370 3266 iunior
1412 3220 1583 3265 novo
1626 3208 1694 3263 et
1734 3207 1965 3263 contra
2006 3197 2317 3283 hyemem

358 3287 819 3370 percommodo
878 3288 1253 3374 germanico
1296 3284 1527 3351 habitu
1578 3304 1682 3349 me
1713 3284 2001 3362 donavit,
2046 3292 2113 3348 et
2132 3284 2317 3349 Mar-

359 3392 650 3458 purgum
695 3395 846 3440 cum
902 3373 1289 3440 consiliariis
1346 3371 1553 3456 patris
1604 3369 1816 3448 misit,
1873 3367 1986 3435 ubi
2040 3369 2114 3433 in
2166 3388 2318 3436 arco

364 3457 590 3525 decem
656 3459 884 3526 diebus
949 3479 1296 3526 causarum
1374 3456 1653 3541 negotiis
1729 3454 2052 3522 conclusis
2119 3453 2317 3521 biduo

364 3544 628 3611 substiti
671 3545 1172 3627 Haidelbergae,
1209 3551 1287 3609 ut
1329 3545 1530 3609 etiam
1571 3541 1860 3607 Palatini
1908 3540 2208 3607 electoris
2251 3550 2320 3607 et

408 3630 638 3698 iissimi
664 3631 927 3698 Hem-ici
956 3631 1239 3697 otthonis
1272 3630 1499 3696 literas
1541 3627 1868 3694 haberem.
1934 3626 2129 3692 Redii
2164 3648 2317 3693 cum

388 3716 573 3783 iteris
633 3718 923 3801 quinque
989 3717 1377 3802 principum,
1402 3718 1460 3798 ⁴)
1526 3714 1762 3797 quibus
1827 3723 2099 3798 rogatur
2165 3714 2316 3779 Rex

360 3804 744 3885 permittere
786 3822 893 3868 me
936 3824 1080 3869 esse
1132 3803 1203 3867 in
1249 3801 1637 3877 Germania,
1694 3809 1764 3866 et
1805 3819 2080 3864 uxorem
2125 3810 2195 3863 et
2237 3799 2318 3863 li-

361 3887 552 3953 beros
592 3908 784 3972 posse
826 3889 999 3955 bona
1040 3887 1242 3953 libere
1280 3885 1568 3952 vendere
1611 3894 1680 3950 et
1733 3884 1817 3952 ad
1860 3906 1966 3951 me
2009 3885 2150 3951 sine
2191 3886 2317 3949 im-

360 3971 738 4057 pedimento
783 3974 1108 4041 accedere.
1176 3971 1399 4055 Quum
1443 3972 1849 4058 Argentinae
1895 3991 2026 4036 non
2064 3972 2314 4053 potuis-

361 4080 502 4125 sem
545 4068 651 4126 sat
693 4058 1027 4126 commode
1071 4067 1139 4126 et
1180 4069 1320 4124 tuto
1355 4079 1472 4142 per
1514 4079 1723 4123 unum
1766 4058 1980 4123 civem
2023 4066 2124 4121 tot
2164 4057 2314 4121 lite-

360 4163 470 4211 ras
514 4146 686 4230 Regi
730 4147 1024 4226 mittere,
1084 4168 1153 4211 re
1209 4144 1619 4211 senatoribus
1663 4144 1977 4228 exposita,
2035 4151 2100 4207 et
2141 4143 2315 4226 peri-

359 4230 509 4297 culo
561 4252 787 4298 morae
856 4233 962 4300 cui
1026 4252 1146 4315 per
1215 4231 1444 4296 ducem
1502 4229 1690 4294 illum
1744 4238 2198 4296 occurreretur
2257 4228 2315 4295 si

404 4327 663 4402 rompte
704 4316 884 4383 illius
929 4317 1249 4384 desiderio
1295 4317 1752 4393 satisfacerem,
1796 4315 2058 4381 veniam
2095 4315 2178 4380 ad
2234 4313 2312 4379 il-

384 4423 497 4467 um
541 4402 928 4469 transeundi
982 4424 1130 4469 cum
1186 4403 1359 4468 bona
1416 4402 1630 4487 gratia
1686 4400 1941 4466 obtinui
2000 4408 2067 4466 et
2126 4400 2312 4466 libris

563 4676 623 4740 2)
668 4678 758 4731 Au
802 4677 937 4733 mois
994 4677 1063 4731 de
1108 4676 1429 4748 Septembre
1477 4674 1670 4742 (1553)
1726 4675 1765 4729 il
1824 4676 1938 4746 prit
1993 4678 2044 4730 le
2099 4677 2312 4731 chemin

357 4746 730 4816 d'Allemagne
767 4762 899 4800 avec
934 4762 1021 4799 ses
1056 4747 1223 4801 livres
1242 4752 1299 4799 et
1333 4746 1518 4799 arriva
1552 4745 1586 4798 a
1603 4745 1949 4814 Strasbourg,
1986 4745 2054 4799 oti
2088 4747 2129 4799 il
2164 4746 2316 4800 avoit

359 4816 477 4869 este
512 4833 583 4885 ap
658 4816 727 4868 lle
761 4832 831 4870 en
868 4816 1072 4884 qualite
1089 4816 1159 4869 de
1191 4815 1481 4869 conseiller
1525 4820 1582 4867 et
1615 4813 1925 4882 professeur
1959 4831 2027 4868 en
2063 4815 2211 4868 droit
2245 4816 2315 4869 de

360 4884 589 4954 laBepu
630 4885 792 4952 lique,
869 4903 931 4937 ar
966 4883 1293 4938 l’entremise
1327 4884 1395 4937 de
1421 4883 1646 4952 Iacquos
1665 4883 1949 4936 sturmius.
2007 4883 2315 4952 (Brodeau,

366 4952 490 5034 Vie-
516 4951 585 5007 de
634 4951 715 5007 du
830 4953 1030 5034 enlin.)
1112 4952 1269 5008 Iden·
1311 4955 1515 5008 narrat
1558 4966 1702 5033 quae
1753 4950 2012 5022 deinceps
2056 4953 2200 5022 loyes
2245 4953 2314 5009 de

551 5022 823 5077 massis
854 5026 907 5076 a
940 5022 1137 5077 ieme
1163 5037 1271 5091 por
1307 5020 1669 5076 Germanum
1700 5019 1867 5087 tado.

567 5090 601 5144 3
660 5090 885 5160 Satur,
933 5090 1440 5147 Gesek.d.Hsst.
1498 5086 2313 5147 ῐν.17ι.17.38.1ιαωω-

358 5159 740 5230 nitiapn'die
772 5159 1088 5285 Idusfiipt.
1122 5159 1392 5215 celebrata
1420 5156 1801 5239 ruisseodocet,
1837 5157 1937 5212 ubi
1968 5157 2088 5214 dnm
2121 5158 2313 5215 Chris·

356 5369 678 5439 aer-pm·
682 5372 721 5424 t.
795 5341 1089 5436 (Bo-olicae
1116 5311 1440 5439 pf'fflm
1468 5295 1739 5351 am
1776 5311 1889 5366 ’ω
1922 5311 1985 5351 ⁶⁰
2019 5296 2315 5367 “am

2057 436 2222 501 1558
2266 433 2674 502 Dnomffl.

4240 443 4368 503 718

2411 623 2778 708 Tubingam
2850 625 2935 687 28
3006 621 3399 688 Novembris
3454 624 3723 688 remotis
3740 675 3754 699 ,
3821 624 4108 692 calendis
4163 626 4367 693 huius

2412 711 2660 776 mensis
2718 706 3147 793 Stutgardiae
3203 707 3429 774 literas
3486 709 3766 794 principi
3824 709 4367 797 Wrtemberyenst‘

2413 794 2584 875 dedi,
2628 795 2742 878 qui
2784 814 2902 859 suo
2946 801 3013 858 et
3054 791 3423 877 principum
3466 795 3733 860 nomine
3777 795 4070 881 legatum
4110 798 4191 862 ad
4235 798 4368 864 Re-

2412 902 2563 966 gem
2587 880 2858 947 Gallum
2903 879 3097 946 misit.
3169 878 3487 946 Omnium
3532 900 3850 948 consensu
3892 882 4148 966 primus
4183 883 4369 951 locus

2414 966 2832 1051 professionis
2874 965 3118 1030 iurium
3175 964 3364 1031 datus
3418 974 3517 1031 est
3574 967 3738 1032 mihi
3783 967 4138 1053 Tubingae.
4231 971 4367 1037 De-

2413 1054 2584 1119 cima
2625 1061 2854 1118 octava
2910 1050 3107 1115 huius
3165 1051 3411 1116 mensis
3462 1051 3683 1136 legere
3724 1055 3936 1137 coepi,
3995 1056 4170 1119 omni
4218 1075 4366 1122 aea-

2415 1138 2634 1205 demia
2676 1146 3106 1204 concurrente
3163 1145 3228 1202 et
3271 1137 3646 1221 gratulante
3690 1141 3994 1222 apparuit
4036 1161 4143 1204 me
4186 1149 4368 1207 recte

2413 1224 2721 1290 exordiri.
2809 1222 3108 1300 Interim,
3154 1221 3309 1288 dum
3355 1222 3585 1289 domus
3624 1225 4005 1308 professoris
4046 1226 4211 1291 mihi
4255 1248 4369 1312 ap-

2414 1319 2714 1395 paratur,
2771 1330 2892 1394 per
2929 1308 3051 1374 has
3093 1308 3291 1374 ferias
3333 1310 3485 1375 veni
3543 1311 3945 1394 Augustam,
4005 1314 4368 1379 amicorum

2415 1419 2577 1481 quos
2619 1395 2710 1462 ibi
2753 1394 2995 1461 multos
3030 1393 3239 1460 habeo
3274 1393 3605 1461 salutandi
3651 1416 3862 1462 causa.
3948 1398 4118 1464 Heie
4157 1398 4368 1483 pluri-

2416 1504 2560 1549 mas
2599 1482 2828 1548 literas
2868 1481 2952 1546 ad
2988 1481 3336 1565 Reginam,
3395 1480 3721 1565 principes
3764 1482 4041 1560 aulicos,
4107 1493 4175 1549 et
4214 1504 4368 1569 prc-

2415 1590 2598 1635 ceres
2620 1568 2879 1635 Galliae
2900 1565 3134 1644 scrib0,
3179 1575 3252 1631 ut
3272 1567 3664 1651 principales
3687 1566 3942 1633 illorum
3982 1569 4205 1636 literas
4251 1592 4367 1637 ne-

2460 1675 2543 1720 ue
2587 1664 2703 1720 aut
2745 1655 2826 1719 ab
2871 1653 3170 1719 hostibus
3229 1652 3398 1718 clam
3453 1655 3773 1737 supprimi
3816 1653 3921 1719 vel
3964 1656 4285 1740 intercipi.
4310 1656 4368 1739 ι5)

2483 1739 2736 1805 onnihil
2793 1737 2875 1803 de
2920 1737 3145 1805 Gallia
3201 1758 3405 1821 spero.
3508 1737 3773 1805 Interea
3830 1761 3962 1805 non
4002 1741 4199 1807 inane
4243 1763 4368 1808 nec

2418 1826 2736 1891 surdum*
2775 1826 2902 1890 erit
2945 1846 3130 1890 exem
3181 1825 3337 1899 lum,
3383 1845 3656 1890 uxorem
3700 1845 3849 1891 cum
3894 1826 4118 1892 liberis
4158 1829 4370 1912 capite

2415 1912 2634 1978 levato
2656 1933 2806 1978 cum
2841 1910 3133 1978 facultati
3180 1932 3256 1976 us
3294 1932 3455 1993 quas
3488 1910 3794 1995 colligere
3826 1913 4066 1996 poterit
4100 1912 4182 1978 ad
4218 1936 4368 1998 pro-

2417 2006 2732 2062 testantes
2772 1997 2989 2080 palam
3034 1996 3354 2062 accedere.
3447 1993 3638 2077 Quod
3675 1997 3802 2063 nisi
3846 2000 3978 2077 fiat,
4024 2020 4370 2066 recurrens

2419 2081 2503 2148 ad
2548 2084 2873 2167 principes
2917 2083 3166 2148 maiora
3209 2081 3458 2147 moliar.
3547 2082 3795 2148 Parum
3851 2083 4209 2167 prudenter
4252 2084 4373 2152 sed

2418 2168 2586 2233 mihi
2658 2169 2937 2235 multum
2995 2167 3345 2234 infeliciter
3412 2167 3831 2233 Guilhelmus
3890 2171 4086 2236 Trius
4134 2172 4372 2238 cistam

2418 2276 2634 2320 meam
2672 2255 2930 2339 aperuit
2974 2254 3285 2320 Genevae
3302 2306 3316 2331 ‚
3376 2264 3452 2318 ut
3502 2254 3848 2320 muliebria
3901 2255 4222 2339 quaedam
4263 2258 4369 2322 in-

2419 2350 2686 2406 sereret.
2755 2340 2868 2406 Sic
2890 2341 3066 2406 enim
3089 2340 3341 2406 factum
3366 2349 3469 2405 est
3510 2362 3643 2405 non
3686 2340 3895 2406 solum
3933 2353 4011 2406 ut
4033 2363 4175 2408 eam
4203 2342 4372 2409 Neo-

2418 2427 2588 2492 comi
2612 2435 3051 2509 exspectat-am
3097 2428 3375 2510 pecunia
3417 2446 3710 2513 expensa
3743 2447 3875 2491 non
3912 2425 4208 2505 habeam,
4253 2427 4372 2495 sed

2418 2520 2522 2611 ut·
2551 2512 2716 2577 mihi
2772 2512 2971 2613 aliqui
3029 2511 3319 2578 scribant
3376 2512 3696 2595 suspicari
3753 2534 3852 2589 se,
3907 2511 4055 2578 dolo
4111 2535 4375 2580 mecum

2418 2598 2865 2751 ῧΐὲἰέἒὲἰὲ
2895 2597 3161 2749 ’33)ηῆῗέ
3202 2596 3820 2767 ἓηὲξζῗὲθὲθὲἓεᾜ
3864 2598 4036 2750 „1332
4068 2610 4375 2769 ἓξὲξ

2419 2779 2593 2835 sunt.
2685 2771 2922 2836 Gratia
2963 2778 3032 2834 et
3066 2791 3197 2854 pax
3221 2769 3493 2834 Domini
3516 2768 3665 2835 Iesu
3704 2781 3771 2835 te
3814 2778 4124 2853 tuamque
4169 2772 4374 2837 eccle·

2418 2856 2584 2921 siam
2631 2866 2850 2922 servet
2893 2864 2961 2921 et
3013 2853 3096 2919 ab
3137 2854 3439 2920 omnibus
3493 2854 3791 2921 adversis
3833 2866 4113 2923 tueatur.
4201 2857 4375 2923 Piis-

2417 2942 2623 3008 simus
2664 2943 2785 3008 Do.
2835 2941 3064 3008 Petrus
3108 2939 3288 3006 Mart
3368 2992 3383 3019 ,
3430 2962 3564 3006 una
3607 2962 3755 3007 oum
3791 2940 3915 3007 Do.
3963 2943 4376 3027 Hieronymo

2423 3026 2697 3094 Sancto*
2762 3027 2935 3093 diem
2994 3049 3199 3093 unum
3245 3048 3285 3093 a
3327 3027 3495 3092 itum
3559 3048 3781 3093 meum
3846 3029 4155 3094 remorati
4218 3035 4377 3096 sunt

2420 3116 2846 3199 Argentinae.
2964 3111 3088 3180 Do.
3148 3114 3386 3179 Petrus
3443 3113 3694 3179 Paulus
3765 3113 4116 3199 Ver-ymas,
4141 3113 4195 3199 θ)
4261 3115 4376 3199 qui

2420 3221 2678 3283 semper
2721 3208 2948 3266 contra
2990 3198 3478 3266 Antichristum
3520 3198 3836 3283 quaedam
3877 3199 4177 3279 molitur,
4234 3222 4378 3267 me-

2421 3307 2572 3352 cum
2616 3287 2908 3353 venisset
2949 3289 3356 3370 Augustam,
3413 3284 3530 3351 sed
3581 3296 3849 3369 propter
3891 3285 4148 3371 hyemis
4193 3307 4374 3353 acer-

2422 3371 2702 3437 bitatem
2769 3373 3012 3438 mansit
3075 3372 3431 3456 Tubingae.
3536 3369 3797 3437 Rursus
3857 3371 4138 3438 feliciter
4205 3372 4372 3440 vale.

2422 3460 2764 3542 Augustae
2816 3456 3128 3542 postridie
3186 3457 3425 3523 natalis
3467 3456 3772 3535 Domini,
3817 3458 3886 3522 in
3931 3455 4201 3525 aedibus
4244 3459 4370 3525 Do.

2423 3541 2884 3628 christophori
2944 3543 3256 3628 Wirsinyi
3273 3548 3325 3621 ⁷)
3370 3543 3624 3626 patricii
3669 3544 4041 3628 Augustani
4096 3549 4273 3609 1554.

2939 3677 3578 3746 observantissimus
3621 3681 3739 3760 tui,
3781 3702 3994 3764 nuper
4029 3680 4141 3745 diu
4164 3682 4377 3747 Fran-

3035 3766 3175 3831 ciae
3195 3786 3370 3832 nunc
3391 3765 3791 3831 Germaniae
3815 3766 3980 3832 iuris
4012 3767 4374 3847 consultus,

3035 3851 3410 3936 principum
3476 3853 3920 3928 consiliarius,
3987 3863 4054 3916 et
4118 3852 4373 3935 primus

3037 3939 3278 4002 iurium
3327 3937 3700 4002 ordinarius
3743 3936 4198 4022 Tubingensis.

3546 4056 3822 4122 Oai-olus
3864 4057 4248 4124 Molinaeus.

2622 4281 2686 4345 5)
2721 4282 2819 4336 sic.
2902 4281 3076 4348 Leyet
3110 4281 3236 4334 illae
3273 4282 3466 4333 literae
3502 4320 3514 4331 .
3553 4319 3567 4332 .
3607 4319 3619 4330 .
3656 4319 3671 4335 .
3836 4288 3945 4334 ent.

2580 4419 2591 4432 ⁶
2621 4350 2679 4417 6)
2721 4351 2875 4406 Teste
2906 4349 3070 4406 Sixto
3107 4348 3357 4429 V0'9·.P·
3394 4347 3499 4407 213
3530 4347 3650 4403 duem
3685 4296 4117 4431 ἅῧῗςᾰψῆοηιε
4159 4366 4232 4432 ᾳ.
4267 4350 4372 4406 Ια-
4491 4392 4498 4399 ,

2415 4435 2623 4475 ”uario
2670 4419 2807 4475 1553
2864 4435 2986 4474 eum
3029 4422 3330 4473 αωονειυιε.
3422 4417 3647 4472 Aestate
3705 4417 3930 4472 Brenno
3984 4418 4371 4475 catechumen

2415 4489 2818 4544 italieevem't.
2899 4484 4371 4570 MensmAuyustgminRhaetiatrmegit,n.

2418 4558 2533 4628 ΒΨ
2703 4574 2733 4613 ⁰
2813 4557 2930 4681 ivr-0
2947 4571 3161 4679 ‘s‘ssefto
3188 4554 3649 4693 pmoefiffissohnm
3790 4574 3830 4611 ⁰
4035 4557 4144 4614 ’ἰδ’

2420 4835 2571 4891 Lua.
2608 4835 2876 4917 ngqtm
2907 4768 3525 4915 νιφηαεαῗᾞῳιοωη
3538 4872 3557 4902 ,
3595 4771 4372 4915 ΜααξνωωᾞἫζ

2417 4904 2749 5043 gffl
2771 4903 3086 5040 W
3130 4907 3182 4958 et
3215 4901 3495 4972 Apologos
3535 4916 3846 4971 amantes
3888 4901 4076 4959 uacant.
4150 4903 4374 4961 Nou-m
