4900 6167
292 430 394 491 145

284 614 376 679 hic
414 613 655 690 luctus,
709 634 905 698 quam
947 635 1031 682 ex
1082 614 1345 698 publica
1400 614 1709 684 ecclesiae
1751 636 1909 683 cura
1952 617 2205 684 orieba-

284 709 392 765 tur.
471 697 794 782 Equidem
832 700 1238 767 inhumanus
1280 701 1424 779 sim,
1470 703 1596 768 nisi
1639 724 1792 770 eum
1850 700 2202 782 redamem,

282 785 377 869 qui
427 804 532 848 me
586 784 738 868 plus
807 807 1005 870 quam
1070 788 1361 853 fraterne
1421 787 1667 872 diligit,
1732 795 1802 852 et
1857 788 2014 855 colit
2069 809 2203 854 non

280 890 445 936 secus
499 888 576 937 ac
627 880 901 953 patrem.
1201 894 1308 938 me
1366 873 1818 941 vehementius
1875 874 2206 940 cruciabat

279 956 564 1022 ecclesiae
605 957 874 1036 iactura,
921 978 1121 1042 quum
1179 958 1529 1038 hominem,
1573 979 1657 1025 ex
1702 979 1832 1043 quo
1875 959 2202 1042 amplissi-

277 1063 401 1108 mos
439 1043 689 1108 fructus
743 1051 1047 1127 exspecto
1064 1095 1078 1118 ,
1139 1044 1357 1111 subita
1413 1055 1622 1110 morte
1677 1046 1759 1112 ab
1801 1045 1962 1129 ipsis
2004 1044 2203 1111 stadii

279 1127 624 1194 carceribus
667 1127 852 1195 nobis
894 1130 1175 1213 praeripi
1221 1129 1541 1196 viderem:
1606 1150 1802 1215 quem
1846 1141 1914 1196 et
1950 1132 2201 1215 ingenii

278 1213 573 1291 suavitas,
627 1223 693 1278 et
744 1235 1002 1281 morum
1064 1216 1393 1300 elegantia
1410 1268 1425 1292 ,
1492 1224 1560 1283 et
1610 1218 1935 1301 ingenuus
2000 1217 2203 1282 animi

277 1296 496 1364 candor
553 1319 688 1365 non
742 1300 961 1366 minus
1017 1310 1215 1366 antea
1265 1302 1612 1368 amabilem
1669 1302 1855 1367 bonis
1900 1301 2204 1368 omnibus

275 1383 675 1450 reddiderint.
764 1386 1044 1460 Verum,
1102 1388 1159 1452 ei
1215 1387 1346 1453 huo
1397 1386 1598 1453 semel
1652 1388 1878 1453 furtim
1897 1389 1958 1471 ²)
2000 1387 2202 1453 advo-

272 1471 429 1542 lat-is,
472 1470 645 1554 quod
687 1481 752 1536 te
795 1491 1192 1556 magnopore
1235 1474 1462 1538 hortor
1503 1483 1582 1540 ut
1621 1473 1838 1546 facias,
1896 1473 2089 1558 longe
2133 1494 2205 1538 ee

274 1558 399 1639 ipso
414 1559 471 1638 ⁸)
515 1558 713 1622 etiam
773 1560 1175 1641 superiorem
1234 1559 1539 1642 reperies.
1643 1557 1834 1640 Quod
1893 1558 2008 1624 tibi
2052 1580 2203 1642 per-

273 1640 463 1706 ditum
508 1664 651 1707 esse
690 1642 881 1718 dicis.
939 1645 1299 1710 infaustum
1353 1644 1515 1710 illud
1571 1666 1765 1710 omen
1822 1643 2049 1728 procul
2101 1647 2200 1710 fa-

273 1735 478 1792 cessat.
568 1727 715 1794 Hoc
768 1729 980 1813 magis
1036 1737 1543 1796 consentaneum
1560 1783 1576 1810 ,
1634 1743 1710 1795 ut
1751 1751 1867 1795 suo
1912 1729 2204 1798 discessu

272 1821 329 1877 te
366 1833 515 1878 vere
560 1824 627 1878 et
667 1815 743 1878 in
784 1814 1065 1881 solidum
1108 1823 1465 1898 recuperet.
1481 1814 1540 1899 ⁴)
1629 1814 1810 1897 Quid
1854 1819 2032 1881 enim
2084 1837 2204 1881 no·

272 1899 358 1964 bis
397 1913 493 1963 est
538 1915 727 1965 extra
747 1899 1107 1977 Christum,
1152 1922 1280 1984 quo
1324 1901 1664 1967 fruamur?
1726 1900 1938 1984 Spero
1981 1909 2200 1967 autem

272 1982 536 2049 hominis
581 1986 786 2052 vitam
844 1990 1086 2054 nostris
1143 1986 1446 2070 precibus
1490 2009 1882 2054 concessam.
1973 1988 2202 2069 Quan-

271 2089 447 2152 quam
507 2072 681 2135 enim
727 2071 1019 2138 nondum
1064 2073 1427 2155 periculum
1481 2075 1715 2152 evasit,
1773 2074 1917 2139 heri
1981 2083 2202 2139 tamen

268 2154 482 2221 laetior
524 2159 808 2223 nuncius
851 2157 1087 2224 allatus
1130 2167 1247 2224 est.
1336 2158 1535 2237 Cras,
1600 2169 1678 2224 ut
1712 2180 1919 2243 spere,
1979 2158 2202 2226 audie-

269 2261 398 2305 mus
440 2241 615 2325 quod
657 2263 919 2308 omnem
963 2244 1432 2311 dubitationem
1476 2246 1740 2311 eximat.
1829 2246 2019 2324 Vale,
2064 2247 2203 2310 exi-

271 2328 387 2391 mie
430 2328 563 2405 vir,
625 2338 694 2393 et
735 2330 1020 2396 officium
1079 2330 1201 2397 hcc
1245 2351 1462 2396 meum
1506 2329 1656 2397 boni
1701 2332 1984 2409 consule,
2029 2330 2201 2416 quod

268 2426 389 2477 tam
430 2414 843 2480 familiariter
885 2415 968 2480 ad
1021 2415 1356 2482 hominem
1402 2417 1702 2500 ignotum
1746 2417 1977 2483 scribo.
2073 2417 2199 2483 Do·

266 2498 475 2564 minus
516 2511 581 2562 te
625 2502 859 2583 spiritu
905 2521 1023 2566 suo
1069 2500 1388 2584 gubernet
1430 2521 1504 2567 ac
1560 2502 1884 2584 praesidio
1920 2512 2200 2568 tueatur.

265 2583 475 2650 Pridie
521 2585 843 2652 Calendas
888 2586 1061 2652 Iulii.
1115 2593 1296 2652 1551.

1004 2898 1365 2906 —.-.-——-—.-*-.-.-—-.
1398 2899 1411 2906 a·

1134 3131 1327 3202 15⁰8.

765 3284 1237 3354 GALVINUS
1284 3287 1711 3355 INOERTO.

421 3458 698 3523 Gratias
751 3459 883 3543 ayit
940 3457 1015 3523 de
1072 3458 1219 3524 bene
1275 3451 1516 3543 excepto
1581 3461 1901 3538 Gauasio,
1961 3465 2018 3526 et
2080 3461 2205 3526 sibi

260 3545 604 3696 w
656 3545 734 3610 de
782 3546 923 3612 eius
979 3545 1050 3609 in
1109 3545 1353 3628 Anqlia
1396 3565 1682 3612 mee-ssu
1730 3549 1801 3610 in
1850 3546 2206 3630 peraqendo

264 3800 659 3871 (Fragmentum
694 3802 1072 3871 autographon
1108 3802 1411 3855 invenimus
1446 3803 1500 3855 in
1539 3800 1668 3855 Ood.
1692 3802 1893 3855 Genev.
1938 3800 2077 3866 107².
2113 3802 2203 3856 fol.

326 3872 365 3936 1,
398 3872 453 3924 in
492 3871 647 3924 cuius
693 3877 851 3940 tergo
902 3870 1047 3924 aliud
1102 3870 1341 3924 eiusdem
1390 3871 1652 3939 temporis
1707 3880 1762 3924 et
1796 3872 1935 3924 citra
1978 3870 2202 3924 dubium

262 3938 377 3992 item
411 3939 719 3993 Londinum
756 3937 1083 3993 mittendum
1119 3940 1447 4008 exscriptum
1485 3950 1583 3993 est.
1654 3938 1965 4007 Utrumque
2001 3938 2201 3992 Turre-

262 4007 393 4062 tinus
428 4009 563 4063 ch.
598 4023 697 4061 suo
734 4006 849 4074 108,
885 4008 975 4063 101.
1016 4006 1132 4070 162,
1164 4015 1316 4062 recto
1352 4016 1409 4062 et
1444 4025 1604 4062 verso
1640 4010 1884 4062 inseruit.
1940 4007 2202 4062 simlerus

262 4092 379 4132 vero
398 4077 521 4130 Vol.
565 4074 649 4141 ⁷4,
686 4077 867 4131 nescio
901 4094 1007 4147 quo
1042 4093 1169 4130 casu
1203 4093 1324 4131 cum
1359 4077 1463 4131 hcc
1495 4081 1686 4132 nostro
1720 4077 1945 4131 tertium
1980 4076 2200 4146 aliquod

262 4145 609 4216 fragmentum
652 4146 929 4214 copulavit
986 4146 1139 4215 quasi
1185 4146 1254 4198 ad
1294 4147 1523 4199 eandem
1570 4162 1601 4200 e
1642 4147 1856 4199 istolam
1972 4146 2198 4214 ttinena,

262 4216 391 4283 quod
427 4215 650 4270 omnino
686 4215 983 4268 Somerseti
1017 4215 1141 4268 duci
1175 4215 1504 4269 destinatum
1541 4232 1604 4268 su
1673 4214 1743 4268 N.
1782 4213 1810 4267 1
1953 4213 2199 4268 exhibui·

259 4298 377 4351 nus,
411 4285 480 4339 ab
516 4284 623 4341 boc
656 4289 846 4338 nostro
880 4284 1283 4353 seiungendum.
1337 4285 1463 4353 Ipse
1500 4284 1761 4339 Simlerus
1797 4300 1865 4337 ex
1900 4300 1995 4336 sua
2032 4284 2201 4353 ipsius

260 4354 562 4409 confusione
596 4353 853 4408 extricari
890 4354 1101 4407 nescius
1136 4353 1191 4405 in
1226 4353 1405 4408 fronte
1439 4353 1751 4422 adscripsit:
1819 4351 2079 4408 Calvinus
2124 4352 2203 4406 ad

266 4420 537 4478 Sana-m
568 4422 781 4490 ducem
829 4423 948 4480 nine
982 4422 1165 4490 dubio,
1200 4432 1255 4476 et
1290 4422 1345 4475 iu
1392 4422 1560 4476 calce:
1616 4421 1879 4478 Calvinus
1924 4422 2001 4476 ad
2037 4421 2124 4476 Io.
2161 4436 2201 4475 a

263 4558 329 4570 —-—
382 4565 465 4572 -—-.
494 4565 653 4572 --.-—

448 4661 507 4729 2)
548 4661 699 4715 Haec
740 4660 904 4727 sacae
947 4661 1027 4714 ita
1072 4660 1446 4740 inferpreterie
1490 4668 1550 4715 ut
1597 4663 1795 4716 bonum
1830 4661 2009 4742 uirum
2043 4659 2200 4715 dieue

261 4741 439 4811 nanim
468 4745 586 4811 ,uon
609 4730 792 4800 fuisse
818 4730 1009 4811 palum
1042 4729 1200 4783 adire
1237 4729 1526 4812 Gemma-2,
1562 4732 1808 4801 quamvis
1841 4733 1991 4783 zatus
2023 4729 2196 4795 refor-

262 4804 473 4852 mmm
508 4799 790 4879 raventun.
875 4797 1007 4852 Vnde
1038 4804 1219 4852 tamen
1253 4813 1310 4852 ee
1452 4804 1549 4855 tia.
1662 4869 1672 4879 .

450 4867 511 4934 3)
554 4867 644 4922 Sic
677 4867 759 4922 od.
801 4867 973 4921 Laus.
1014 4896 1077 4906 -
1113 4868 1285 4922 Amet.
1459 4873 1506 4923 t.-
1553 4884 1612 4922 se
1658 4883 1778 4937 ipsa
1822 4864 1969 4935 quod
2012 4869 2199 4934 avene

453 5005 513 5068 4)
552 5005 706 5061 Haec
740 5004 1024 5060 obscurius
1066 5004 1232 5060 dieta.
1300 5001 1516 5071 Anytus
1559 5006 1779 5058 omuino
1824 5017 2039 5057 meum
2084 5016 2197 5056 uon

465 5081 570 5129 etus
603 5081 681 5128 est
714 5078 954 5127 emm:
1000 5073 1157 5127 Your
1190 5073 1407 5142 coming
1455 5072 1632 5125 would
1678 5073 1744 5126 be
1781 5071 1873 5126 the
1920 5086 2071 5125 more
2105 5070 2194 5124 de·

264 5140 363 5195 sira
415 5161 446 5197 e
482 5160 540 5197 aa
573 5143 643 5196 he
680 5159 791 5196 was
827 5157 960 5212 very
1008 5143 1235 5196 anxious
1282 5150 1340 5196 to
1375 5156 1465 5194 see
1501 5157 1611 5210 you
1647 5141 1804 5195 when
1839 5139 1909 5194 he
1944 5140 2061 5195 left.
2134 5137 2201 5193 Sa·

264 5210 386 5278 quid
405 5211 648 5266 viamus
667 5211 931 5266 Calvisius
963 5209 1125 5266 dieu:
1160 5217 1378 5266 mortem
1399 5210 1593 5277 Besae,
1628 5210 1682 5263 ei
1713 5210 1930 5280 quidem
1946 5210 2195 5274 eumeuii,

265 5277 333 5332 ed
363 5283 593 5336 anicien
640 5281 793 5334 illum
838 5295 962 5334 vere
1013 5286 1063 5334 et
1109 5279 1278 5334 solide
1316 5278 1532 5334 Gla-isto
1582 5277 2035 5344 lucrifacieudum
2070 5292 2193 5332 eon·

259 5345 394 5408 terre
424 5364 595 5417 posse,
631 5348 762 5404 dum
795 5348 884 5403 ille
917 5353 1280 5418 metantem
1315 5350 1480 5420 quasi
1509 5346 1782 5403 verdum
1815 5347 2021 5412 defleat.

396 5433 610 5488 (latuisti
635 5447 818 5502 opera.
899 5433 1011 5489 Vol.
1050 5432 1218 5488 XIV.

262 4934 446 4994 falsum

1922 430 2082 494 1551
2130 428 2593 501 IUN.-1UL.

4141 453 4270 514 146

2308 617 2508 702 quoe,
2542 621 2663 676 eine
2693 619 2875 687 dubio,
2910 639 3074 704 quum
3110 626 3293 695 potius
3328 641 3360 679 e
3377 629 3652 685 contrario
3670 630 3912 700 priorem
3933 634 4262 703 particulam

2305 687 2433 743 huic
2461 688 2708 771 tortasse,
2747 697 3104 760 posteriorem
3126 693 3206 748 illi
3230 694 3412 776 (lipare
3430 695 3723 766 debuisset,
3760 717 3870 755 non
3894 716 4025 756 vero
4052 707 4260 756 utran-

2306 764 2752 889 3?03t,¹²‘¹r'<¹‚3253.0
2773 759 3517 899 ffssffitfflfflffiffi
3547 783 3702 890 ῗὲἒέ
3739 768 4257 910 ἷςὲξῖηιῗῗὲέἓ

3147 901 3416 968 sivimus.)

2480 1065 2551 1131 S.
2631 1066 2827 1148 Quod
2876 1068 3213 1137 Nicolaum
3252 1094 3473 1138 meum
3517 1074 3807 1140 studiose
3843 1089 3913 1140 et
3958 1098 4158 1159 opera
4191 1087 4263 1143 et

2307 1151 2580 1218 consilio
2636 1154 2899 1234 iuvisti,
2964 1166 3228 1241 gratum
3291 1160 3456 1224 mihi
3524 1169 3714 1224 tuum
3778 1160 4065 1228 officium
4139 1171 4258 1230 est.

2307 1235 2611 1303 Tarditas
2653 1238 2906 1306 reditus
2944 1241 3113 1308 mihi
3154 1244 3547 1326 permolesta
3588 1245 3732 1310 fuit.
3811 1245 4042 1330 Neque
4085 1250 4266 1315 enim

2307 1330 2568 1388 tantum
2611 1326 2923 1409 temporis
2964 1327 3208 1412 absque
3264 1330 3479 1396 taedio
3532 1351 3573 1395 a
3615 1351 3722 1396 me
3765 1334 4041 1418 transigi
4165 1349 4263 1399 te-

2306 1415 2427 1472 rat
2518 1406 2776 1475 Verum
2833 1412 3120 1480 adventu
3176 1435 3294 1481 suo
3351 1424 3562 1482 totum
3624 1416 3692 1481 id
3748 1417 3942 1483 facile
3998 1355 4259 1486 deffvit.

2305 1492 2478 1592 Regi
2519 1494 2845 1578 placuisse
2885 1498 3174 1565 laborem
3220 1522 3444 1567 meum
3489 1524 3618 1568 non
3656 1512 3790 1568 tam
3834 1504 4001 1568 mihi
4044 1505 4264 1588 priva-

2305 1586 2427 1644 tim
2472 1602 2669 1665 quam
2712 1583 3023 1651 ecclesiae
3068 1586 3193 1651 Dei
3253 1587 3562 1671 gratulor.
3653 1588 3901 1654 Munus
3957 1611 4089 1656 non
4147 1613 4264 1657 ex-

2305 1667 2525 1748 petivi.
2615 1668 2904 1734 Tantum
2966 1671 3431 1737 mandaveram
3490 1685 3566 1739 ut
3633 1684 3932 1758 sumptus
3986 1676 4266 1758 itineriS,

2306 1751 2362 1815 si
2406 1750 2741 1833 darentur,
2789 1776 2873 1820 ne
2916 1765 3264 1824 recusaret.
3333 1758 3425 1823 Et
3467 1773 3645 1825 certe
3679 1760 3945 1827 mallem
3987 1762 4086 1826 ita
4126 1762 4267 1828 fao-

2306 1845 2469 1902 tum.
2560 1836 2955 1924 Quanquam
2997 1842 3202 1927 Regis
3246 1842 3704 1910 liberalitatem
3739 1866 3876 1911 non
3912 1868 4258 1932 aspernor:

2307 1921 2424 1987 sed
2468 1922 2796 2006 abhorret,
2840 1928 3061 1994 nescio
3104 1928 3444 2013 quomodo,
3484 1950 3524 1994 a
3558 1932 3720 1996 meis
3754 1934 4061 2012 moribus,
4106 1932 4261 2017 plus

2306 2029 2724 2076 nummorum
2762 2021 3045 2079 tractare
3080 2035 3275 2099 quam
3309 2015 3724 2098 quotidianus
3760 2039 3920 2085 usus
3953 2019 4262 2103 postulet.

2304 2094 2451 2178 Ego
2495 2104 2719 2162 autem
2760 2119 2968 2181 parvo
3012 2109 3357 2166 contentus
3413 2123 3555 2168 esse
3599 2102 3793 2168 didici
3832 2154 4180 2171 .......
4207 2109 4263 2188 ¹)

3287 2397 3380 2404 ..s--

3189 2614 3379 2684 1509.

2833 2749 3239 2820 VIRETUS
3285 2751 3747 2819 FARELLO.

2483 2919 2593 2985 Ex
2635 2922 2856 2987 itinere
2895 2923 3146 2989 domum
3202 2926 3523 2991 rediturus
3565 2925 3765 2990 amico
3809 2926 4067 2992 nunciat
4109 2927 4266 3007 quid

2311 3005 2567 3072 Bernae
2625 3009 2812 3089 eyem‘t
2852 3014 2906 3072 et
2949 3029 3025 3072 ex
3070 3009 3416 3077 Lausanna
3472 3010 3548 3074 de
3593 3009 3768 3074 Besa
3826 3011 4097 3092 aliisque
4138 3031 4268 3076 res-

2309 3094 2543 3159 civerit.

2311 3262 2423 3326 ‘E'
2469 3264 3226 3388 „affigagoeffbgotgoeffi
3267 3271 3546 3390 &⁸3:333
3593 3265 4066 3404 {mmffiffff’
4117 3265 4265 3335 ¹⁵⁹⁹·

2480 3505 2975 3588 Peropportune
3018 3508 3172 3572 veni
3214 3507 3504 3572 Bernam
3536 3511 3582 3584 Ι)
3626 3507 3868 3589 vixque
3913 3505 4097 3590 potui
4141 3525 4260 3589 op-

2394 3591 2668 3656 rtunius.
2741 3591 2845 3657 Ab
2889 3591 3190 3658 omnibus
3234 3614 3379 3658 sum
3416 3592 3887 3659 humanissime
3929 3599 4259 3674 exceptus.

2365 3696 2521 3758 pero
2580 3676 2743 3742 bene
2807 3697 3264 3744 successurum
3327 3679 3496 3761 quod
3555 3677 3823 3742 tentavi.
3927 3676 4262 3743 Promissa

2309 3769 2412 3826 est
2455 3762 2514 3826 le
2601 3764 2693 3826 tio
2736 3761 2819 3826 ad
2864 3775 3119 3828 nostros
3174 3784 3304 3847 qua
3349 3765 3541 3828 rebus
3587 3762 3820 3828 melius
3863 3762 4262 3829 consulatur.

2309 3849 2477 3912 Or‘as
2516 3783 2881 3913 ffibebitur
2937 3858 3206 3915 senatus
3276 3849 3737 3927 diacosiorum,
3808 3850 3878 3912 in
3935 3869 4061 3932 quo
4127 3857 4265 3914 sta-

2308 3940 2533 3998 tuetur
2574 3932 2819 4016 aliquid
2855 3934 2937 4000 de
2981 3934 3303 4000 servanda
3353 3935 3564 4018 magis
3620 3933 3980 4000 christiana
4035 3932 4257 4001 mode-

2307 4019 2562 4084 ratione
2606 4019 2781 4085 circa
2823 4042 2934 4086 eos
2988 4021 3100 4103 qui
3145 4030 3326 4103 peste
3381 4029 3721 4085 tentantur
3771 4021 3842 4084 in
3888 4042 4061 4086 nova
4104 4039 4255 4104 pro-

2307 4106 2543 4170 vincia.
2648 4104 2920 4170 Contuli
2986 4105 3196 4170 multa
3262 4125 3410 4170 cum
3466 4105 3706 4171 multis.
3809 4106 4082 4171 Lubens
4140 4127 4260 4188 per

2308 4210 2425 4255 vos
2468 4190 2838 4269 rediissem,
2898 4191 3012 4256 sed
3055 4191 3259 4275 pestis
3303 4192 3580 4256 saevitia
3632 4200 3700 4255 et
3745 4192 3966 4256 tristes
4009 4192 4261 4270 nuncii,

2306 4277 2415 4361 qui
2462 4275 2626 4342 mihi
2669 4276 3026 4342 Lausanna
3068 4275 3252 4340 allati
3294 4285 3481 4356 sunt,
3526 4276 3828 4342 stimulos
3881 4275 4131 4342 addunt
4173 4276 4259 4343 ad

2303 4361 2801 4428 accelerandum
2867 4361 3166 4427 reditum.
3271 4363 3334 4427 N
3337 4364 3670 4428 unciatum
3745 4374 3844 4428 est
3899 4362 4257 4430 invaluisse

2304 4446 2517 4513 Besae
2573 4447 2870 4513 morbum
2889 4499 2902 4524 ‚
2949 4467 3024 4515 ac
3080 4449 3363 4530 coepisse
3419 4449 3689 4529 gravius
3746 4455 4087 4532 aegrotare
4106 4500 4120 4525 ,
4180 4469 4258 4514 eo

2301 4534 2441 4616 ipse
2487 4533 2593 4598 dic
2652 4555 2779 4617 quo
2832 4533 2986 4599 inde
3029 4535 3295 4600 excessi.
3385 4535 3637 4599 Vereor
3695 4534 4124 4599 vehementer
4168 4552 4256 4599 ne

2299 4621 2699 4685 exstinctum
2754 4618 2957 4704 (quod
3014 4621 3197 4686 Deus
3256 4629 3511 4686 avertat
3526 4619 3572 4704 Ξ)
3633 4619 3986 4685 inveniam.
4089 4620 4257 4685 Erat

2300 4713 2368 4769 et
2411 4704 2492 4771 de
2539 4705 2770 4770 Ribioeo
2826 4706 3046 4790 aliqua
3089 4705 3440 4784 dubitatio,
3498 4727 3874 4788 quanquam
3927 4704 4258 4771 nihildum

2299 4930 2480 4984 1508.
2500 4930 2555 4995 1)
2597 4928 2676 4983 Et
2728 4943 2829 4981 nos
2887 4943 3096 4998 quoque
3149 4929 3292 4984 hauc
3345 4930 3627 4996 epistolam
3681 4929 3863 4983 Lasso
3918 4926 4252 4982 destinam-⁸

2294 5000 2472 5080 fufeee
2500 4998 2666 5077 facile
2707 4997 2864 5051 nobis
2889 5027 2896 5040 ·
2906 4997 3315 5078 persuademus.
3393 4995 3546 5066 Quae
3589 5004 3768 5051 tamea
3802 5012 3878 5049 aa
3913 4993 4164 5049 absoluta
4197 5002 4253 5052 et

2296 5077 2644 5191 *ἕλω
2529 5067 2608 5150 '¹⁹⁶'
2626 5073 2970 5189 “aff-affl..
2983 5065 3675 5203 ⁶⁶¹p0²'2⁸1”5a1”22'²22·?¹‡2⁸3”a⁸5.⁸23.
3709 5063 3997 5187 3⁸33&
4015 5064 4250 5188 0222:ae

2428 5210 2540 5259 tam
2573 5205 2748 5270 fuisse
2778 5209 2940 5271 putet.

2296 5220 2479 5328 m.
2500 5271 2559 5340 1)
2596 5271 2686 5327 De
2718 5273 2817 5327 hoc
2849 5274 3045 5327 &nere
3088 5275 3308 5343 eiusque
3356 5288 3528 5327 causa
3572 5270 3697 5325 vide
3733 5269 3807 5323 N.
3851 5269 3982 5324 1501
4019 5278 4072 5326 et
4111 5269 4249 5328 1502

2297 5350 2347 5399 et
2379 5357 2522 5413 quae
2556 5342 2635 5398 cte·
2666 5356 2733 5397 ex
2773 5340 3045 5398 Ruchati'o
3078 5342 3478 5398 annotavimus.
