4900 6167
696 421 822 486 299

1564 602 1754 673 lm.

1216 759 1455 838 BEZA
1500 758 2134 826 BULLINGERO.

871 933 1126 1001 Calvino
1177 932 1481 998 Tuo-ioum
1535 929 1959 1012 proficiscenti
2021 930 2273 996 libenter
2317 950 2385 995 se
2453 930 2642 996 aomi-

694 1028 814 1089 tem
856 1020 1246 1086 adiuvisset
1285 1019 1349 1082 si
1388 1016 1632 1083 scholae
1673 1018 1947 1082 rationes
1960 1031 1979 1060 ⁸
2000 1017 2304 1082 tulissent.
2395 1014 2645 1081 Interea

693 1111 871 1258 maa
895 1107 1052 1186 facit
1116 1124 1240 1186 pro
1313 1102 1539 1168 Gallie.
1644 1101 2006 1187 Buainqeri
2076 1101 2351 1168 libellum
2418 1101 2645 1185 qauioe

695 1363 803 1429 (Ex
858 1363 1195 1431 autographo
1247 1361 1375 1416 Cod.
1431 1359 1826 1496 Gentiwwlll}
1883 1361 1972 1415 fol.
2024 1359 2141 1415 128.
2226 1360 2416 1413 Edidit
2469 1361 2640 1413 Baum

868 1603 1132 1670 Eximio
1185 1601 1437 1669 Christi
1512 1622 1704 1668 servo
1772 1601 1857 1666 D.
1914 1600 2205 1666 Henrieo
2262 1599 2642 1683 Bullingero

691 1688 998 1756 ecclesiae
1041 1688 1398 1773 Tigurinae
1441 1687 1689 1770 pastori
1732 1684 2127 1752 fidelissimo.
2202 1709 2207 1716 ·
2280 1771 2294 1785 ·
2430 1773 2444 1786 ι

865 1911 939 1977 S.
997 1921 1067 1975 et
1120 1910 1401 1995 gratiam
1457 1931 1497 1975 a
1549 1909 1856 1977 Domino.
1957 1908 2143 1975 Nihil
2210 1909 2418 1977 habeo
2486 1911 2640 1976 novi

693 1996 865 2083 quod
909 1996 1203 2074 scribam,
1251 1996 1340 2060 mi
1384 2008 1588 2078 pater,
1633 2002 1702 2061 et
1743 1995 1798 2059 si
1835 1993 1990 2079 quid
2028 1994 2334 2062 haberem
2370 1996 2638 2062 mallem

692 2083 758 2150 id
803 2085 1016 2167 ipsum
1059 2103 1145 2147 ex
1188 2081 1272 2146 D.
1323 2079 1578 2148 Calvino
1619 2080 2021 2166 intelligeres
2063 2102 2259 2164 quam
2302 2104 2387 2149 ex
2428 2081 2638 2148 literis

690 2171 873 2236 meis.
964 2166 1237 2234 Gaudeo
1281 2188 1439 2233 sane
1483 2168 1655 2252 quod
1701 2167 1872 2234 hanc
1916 2167 2372 2250 profectionem
2417 2188 2637 2234 susce·

689 2255 895 2341 perit,
928 2257 972 2334 ¹)
1027 2274 1149 2319 nec
1192 2251 1416 2318 dubito
1460 2255 1618 2336 quin
1673 2253 1939 2336 spiritus
1981 2252 2254 2318 Domini
2311 2253 2442 2321 hue
2486 2275 2636 2320 eum

690 2339 1031 2424 imPulerit
1085 2351 1164 2403 ut
1219 2336 1300 2404 de
1358 2339 1550 2404 rebus
1608 2338 2016 2422 gravissimis
2071 2351 2138 2403 et
2208 2340 2639 2407 sanctissimis

691 2446 911 2493 ceram
956 2426 1256 2510 ageretis.
1345 2424 1483 2489 Eae
1527 2444 1695 2507 quae
1737 2424 1872 2490 sint
1914 2423 2108 2489 simul
2152 2435 2345 2508 atque
2379 2425 2637 2492 intelle·

691 2513 888 2590 xoris,
934 2508 1163 2575 videor
1205 2508 1370 2574 mihi
1414 2509 1636 2575 videre
1680 2530 1805 2593 quo
1850 2509 2037 2576 vultu
2081 2511 2170 2576 sis
2214 2532 2368 2576 eum
2403 2532 2636 2597 excep-

691 2607 915 2674 turus,
974 2607 1039 2662 et
1082 2607 1328 2679 quante
1372 2593 1614 2672 stadie,
1675 2605 1922 2678 quanta
1960 2597 2159 2662 animi
2218 2598 2635 2664 sententious

692 2693 897 2748 tetam
969 2681 1139 2747 hanc
1208 2700 1469 2746 causam
1534 2690 1800 2747 acturus
1865 2681 2036 2762 apud
2101 2691 2392 2749 vestrum
2443 2683 2633 2748 illum

691 2768 1018 2853 optimum
1050 2781 1117 2832 et
1149 2767 1650 2851 integerrimum
1693 2775 2013 2833 senatum.
2098 2767 2330 2852 Itaque
2363 2768 2636 2835 minime

692 2874 957 2921 necesse
998 2866 1098 2919 est
1153 2863 1231 2918 ut
1284 2852 1391 2919 vel
1433 2875 1642 2918 unum
1686 2853 1963 2920 verbum
2003 2851 2258 2920 addam.
2346 2855 2633 2920 Tantum

693 2938 868 3019 dice,
927 2938 982 3004 si
1026 2938 1285 3006 scholae
1327 2947 1591 3005 nestrae
1633 2940 1921 3007 rationes
1971 2940 2068 3005 ita
2109 2940 2444 3019 tulissent,
2512 2940 2634 3006 hac

690 3046 826 3092 una
867 3023 1268 3111 profectione
1310 3024 1474 3090 nihil
1520 3025 1682 3090 mihi
1727 3025 1850 3092 hec
1894 3038 2183 3109 tempere
2239 3027 2492 3109 gratius
2536 3037 2633 3090 at-

689 3132 816 3196 que
869 3111 1217 3178 iucundius
1275 3108 1565 3177 accidere
1622 3113 1950 3195 potuisse:
2019 3125 2212 3194 atque
2255 3110 2415 3176 adeo
2433 3161 2447 3188 ,
2511 3111 2636 3176 etsi

688 3218 958 3282 corpore
1001 3198 1267 3274 absens,
1327 3197 1547 3262 animo
1591 3211 1808 3263 tamen
1869 3207 1936 3263 et
1978 3195 2367 3281 cogitatione
2421 3198 2634 3264 vobis·

687 3304 842 3350 cum
883 3282 1205 3348 versabor.
1293 3281 1496 3348 Faxit
1536 3282 1864 3348 Dominus
1906 3283 2096 3349 Iesus
2138 3291 2215 3347 ut
2258 3297 2393 3348 tam
2436 3283 2526 3366 pii
2571 3292 2639 3348 et

688 3368 901 3435 saneti
945 3377 1217 3434 cenatus
1272 3368 1455 3433 brevi
1516 3366 1804 3434 fructum
1844 3368 2124 3450 aliquem
2186 3385 2320 3432 teta
2364 3367 2639 3435 ecclesia

688 3454 1022 3539 percipiat.
1096 3451 1312 3518 Corda
1347 3471 1576 3536 regum
1613 3454 1683 3517 in
1719 3474 1920 3518 manu
1956 3467 2069 3518 tua
2103 3462 2275 3534 sunt,
2320 3451 2630 3520 Domine:

686 3561 767 3607 ea
809 3541 1065 3605 utinam
1110 3537 1203 3602 sic
1249 3536 1509 3602 tandem
1546 3539 1783 3613 flectas,
1832 3548 1905 3602 ut
1947 3553 2012 3603 te
2049 3560 2376 3605 summum
2410 3560 2634 3626 regem

684 3646 919 3711 regum
962 3624 1132 3691 serie
1176 3633 1547 3707 agnoscant.
1638 3622 1826 3704 Quod
1871 3624 1927 3689 si
1971 3622 2040 3689 id
2083 3625 2376 3691 nendum
2419 3634 2636 3709 petest

686 3712 1024 3794 impetrari
1061 3732 1100 3775 a
1145 3720 1227 3784 te,
1273 3710 1385 3792 qui
1423 3715 1716 3790 tempora
1750 3725 1814 3774 et
1848 3720 2179 3776 momenta
2221 3712 2630 3791 constituisti,

686 3808 757 3861 at
797 3808 975 3862 certe
1016 3795 1217 3861 facias
1262 3807 1366 3869 ut,
1424 3795 1634 3861 denec
1693 3793 1884 3860 aliter
1943 3795 2302 3874 definieris,
2361 3797 2634 3863 ecclesia

685 3891 803 3946 tua
845 3881 1326 3965 aliquantulum
1369 3883 1675 3964 respiret.
1720 3890 1788 3946 et
1831 3883 2094 3965 tyranni
2141 3883 2240 3948 vel
2292 3905 2407 3967 per
2448 3903 2631 3950 ecca-

684 3966 933 4033 siencm
979 3967 1327 4033 inscientes
1382 3967 1493 4032 tibi
1541 3968 1849 4034 serviant.
1938 3967 2123 4034 Haec
2180 3988 2301 4054 ege
2356 3989 2632 4049 mecum,

683 4053 778 4118 mi
822 4061 1038 4135 pater,
1081 4061 1148 4116 et
1205 4061 1418 4118 tecum
1464 4074 1745 4138 quoque,
1804 4053 1871 4117 ni
1916 4054 2137 4133 fallor,
2196 4069 2264 4119 ct
2329 4076 2488 4121 sane
2540 4055 2634 4120 ita

682 4138 979 4206 futurum
1023 4136 1234 4202 crede.

862 4221 1187 4287 Libellum
1234 4221 1418 4287 illum
1473 4237 1659 4289 tuum
1725 4224 1807 4289 ad
1868 4237 1933 4290 te
1985 4226 2131 4290 misi
2186 4227 2317 4291 iam
2381 4224 2630 4308 pridem

690 4306 924 4391 gallice
976 4311 1464 4384 cenversum,²)
1531 4325 1595 4373 et
1660 4311 1848 4394 cupio
1909 4311 2278 4395 intelligere
2337 4333 2422 4377 an
2482 4332 2631 4378 eum

690 4392 1031 4476 acceperis.
1104 4393 1328 4459 Nostri
1363 4415 1589 4458 omncs
1624 4403 1689 4459 tc
1734 4405 2035 4464 accurate
2069 4396 2377 4463 salutant.
2445 4397 2634 4465 Uxor

688 4488 906 4562 autem
950 4497 1098 4541 mea
1141 4479 1521 4544 nominatim
1564 4500 1672 4545 me
1713 4483 1970 4566 rogavit
2027 4493 2099 4546 ut
2142 4493 2206 4548 te
2248 4492 2314 4547 et
2355 4483 2631 4550 lectissi-

690 4582 866 4628 mam
921 4573 1102 4627 tuam
1163 4584 1431 4629 uxorem
1487 4586 1638 4631 cum
1696 4576 1829 4632 tota
1888 4577 2000 4632 tua
2049 4567 2302 4633 familia
2353 4590 2471 4636 suo
2515 4591 2633 4635 no·

2196 413 2719 484 EPISTOLAE
2770 416 3190 483 1⁶09-1612

4553 427 4659 490 300

2750 604 2923 672 Ecce
2963 603 3172 692 igitur
3213 602 3407 670 fidem
3451 627 3665 672 meam
3710 605 3940 688 libere,
3999 617 4066 674 et
4105 628 4212 673 me
4252 629 4500 694 quoque
4537 611 4659 693 tibi,

2749 691 2844 756 mi
2875 697 3082 774 pater,
3136 697 3203 757 et
3241 692 3379 756 tuis
3420 697 3489 756 et
3529 694 3824 758 omnium
3864 693 4141 762 flatrum
4176 694 4471 779 precibus
4510 714 4662 762 com-

2747 774 3003 841 mendo.
3074 776 3261 842 Bene
3294 776 3459 844 vale.
3531 778 3615 844 D.
3657 777 3844 845 Iesus
3877 787 3946 846 te
3988 791 4222 847 servet.
4294 781 4662 849 Lausannae

2749 865 2807 926 5.
2851 860 3076 929 Nonas
3116 862 3365 928 Martii.

3603 948 3849 1016 Theed.
3893 950 4069 1018 Beza
4110 951 4304 1035 plane
4347 961 4511 1018 tuus.

3497 1483 3504 1490 ·
3621 1459 3804 1530 161⁰.

3233 1613 3732 1683 POLLANUS
3773 1615 4209 1685 GALVINO.

2734 1784 3016 1953 mDe
3063 1784 4667 1856 Protodorismorteetsibietcaloinomoleseae

2907 1894 2947 1937 ι.

2743 2043 2854 2109 (Ex
2904 2041 3243 2124 autographo
3307 2043 3437 2098 Cod.
3490 2043 3691 2099 Genev.
3741 2043 3869 2109 112,
3926 2045 4019 2100 fol.
4069 2043 4189 2098 226.
4274 2044 4440 2098 Edita
4491 2049 4569 2098 est
4617 2045 4664 2098 in

2741 2112 2881 2182 Epp.
2918 2112 3191 2181 Tigurinis
3240 2112 3360 2167 See.
3394 2113 3760 2237 Parvi'ksganlfie·
3793 2111 4043 2248 ξέίξῶ,
4093 2130 4148 2182 p.
4195 2111 4301 2167 478
4347 2119 4407 2168 et
4453 2112 4663 2183 Anglice

2915 2350 3295 2419 Clarissimo
3330 2350 3629 2438 theologo
3664 2352 3746 2418 D.
3783 2352 4018 2418 Ioanni
4056 2352 4340 2420 Calvino
4375 2353 4665 2438 magistro

2739 2438 2812 2504 in
2857 2436 3125 2504 Christe
3167 2435 3621 2505 colendissimo
4179 2524 4511 2591 Gonane·

2911 2659 2982 2726 S.
3029 2659 3112 2725 D.
3181 2659 3451 2726 Amicus
3507 2659 3772 2743 quidam
3831 2681 3963 2726 non
4030 2660 4327 2745 vulgaris
4390 2661 4668 2744 idemque

2737 2746 2842 2810 vir
2883 2744 3181 2813 eruditus
3224 2752 3292 2810 et
3334 2745 3481 2827 pius
3502 2749 3551 2822 ¹)
3598 2746 3981 2829 cumprimis
4026 2745 4372 2812 admonuit
4419 2768 4540 2826 me,
4579 2754 4667 2810 at-

2738 2853 2866 2915 que
2920 2832 3242 2897 instanter
3295 2830 3432 2913 egit
3487 2837 3566 2895 ut
3633 2838 3700 2897 te
3795 2832 3963 2898 rima
4029 2852 4288 2916 quaque
4357 2832 4666 2899 occasione

2735 2917 2932 2984 huius
2977 2916 3612 2983 commonefacerem.
3680 2916 3917 2983 Aiebat
3948 2916 4357 2985 intellexisse
4401 2939 4470 2985 se
4510 2915 4662 3003 quod

2735 3011 3014 3068 mertem
3046 2999 3229 3067 ducis
3256 3000 3588 3066 Somerseti
3620 3000 3969 3068 admodum
4005 3002 4277 3070 moleste
4321 3003 4539 3084 ferres,
4581 3000 4668 3067 uti

2737 3091 3127 3155 confirmare
3170 3085 3407 3165 audee,
3467 3108 3692 3152 omnes
3746 3088 3889 3172 pios
3942 3089 4052 3173 qui
4108 3088 4217 3154 hic
4258 3098 4449 3169 sunt,
4493 3097 4667 3172 atque

2738 3174 2898 3240 adeo
2939 3192 3235 3257 proceres
3269 3171 3448 3254 ipsos
3482 3181 3772 3239 summos
3815 3194 3944 3239 nen
3981 3175 4121 3240 sine
4159 3174 4452 3241 maxime
4487 3175 4666 3241 animi

2739 3259 2961 3325 dolore
3025 3267 3285 3323 tantum
3351 3278 3574 3323 casum
3642 3260 3810 3323 tanti
3878 3261 4004 3324 viri
4074 3259 4326 3326 tulisse.
4435 3261 4667 3325 Verum

2739 3345 2901 3411 haec
2940 3355 3096 3409 sunt
3130 3342 3424 3426 exempla
3470 3342 3694 3410 iudicii
3739 3343 3870 3411 Dei
3913 3345 4149 3429 quibus
4186 3353 4666 3413 commoventur

2737 3450 2964 3496 omnes
3007 3429 3261 3495 timoris
3281 3429 3427 3506 Dei,
3474 3439 3550 3494 ut
3593 3451 3745 3496 vere
3767 3431 3909 3497 sine
3929 3432 4075 3498 fuce
4115 3432 4429 3515 pietatem
4472 3431 4666 3498 colant

2738 3523 2807 3582 et
2848 3515 3047 3582 verbo
3090 3515 3415 3600 evangelii
3460 3537 3592 3580 nen
3636 3516 3989 3583 abutantur
4042 3516 4122 3581 ad
4169 3539 4329 3584 suas
4372 3516 4666 3600 cupidita·

2736 3610 2856 3667 tes.
2946 3601 3298 3666 Caeterum
3340 3598 3620 3667 addebat
3662 3601 3793 3679 ille,
3834 3611 3902 3667 te
3939 3603 4010 3668 in
4053 3603 4273 3667 animo
4320 3603 4557 3669 habere
4597 3599 4666 3666 de

2736 3688 2940 3771 ipsius
2985 3695 3194 3752 morte
3239 3686 3453 3752 nescio
3495 3686 3653 3769 quid
3707 3687 4025 3754 adversus
4082 3698 4342 3754 nostres
4385 3688 4665 3756 homines

2737 3773 3048 3848 scribere,
3108 3773 3241 3837 imo
3286 3770 3367 3837 ad
3413 3771 3666 3857 Regem
3709 3773 3943 3856 ipsum.
4029 3772 4111 3837 Id
4156 3773 4333 3857 quod
4378 3773 4550 3839 haud
4585 3774 4668 3837 ita

2732 3879 2893 3934 esse,
2937 3858 3052 3940 qui
3089 3865 3272 3924 tuam
3310 3855 3723 3941 prudentiam
3760 3859 3922 3925 satis
3957 3859 4310 3936 novissem,
4357 3856 4663 3944 respondi.

2734 3943 2872 4011 Sed
2913 3945 2970 4009 is
3014 3953 3234 4010 tamen
3278 3963 3408 4007 non
3452 3942 3706 4009 destitit
3748 3964 3983 4029 urgere
4029 3952 4103 4010 ut
4159 3944 4241 4010 de
4296 3947 4427 4012 isto
4470 3955 4666 4011 tecum

2734 4050 3027 4116 agerem,
3073 4049 3160 4094 ne
3199 4027 3356 4112 quid
3400 4036 3644 4094 temere
3681 4030 3750 4093 in
3793 4029 4123 4112 publicum
4166 4031 4353 4111 edas,
4413 4051 4536 4115 quo
4575 4027 4668 4094 vel

2735 4136 2943 4182 novus
2985 4115 3456 4180 reaccendatur
3496 4114 3689 4199 ignis,
3733 4114 3840 4180 vel
3884 4115 4231 4182 irritentur
4271 4115 4668 4200 quorundam

2733 4202 2935 4267 animi
2969 4202 3040 4266 in
3074 4200 3397 4284 evangelii
3433 4201 3846 4283 professores.
3919 4200 4203 4268 Causam
4245 4223 4445 4285 porro
4479 4211 4667 4267 totam

2734 4308 2910 4353 nunc
2952 4286 3298 4354 scriberem
3321 4337 3337 4366 ,
3393 4286 3448 4350 si
3503 4292 3751 4351 certum
3804 4288 4119 4354 nuncium
4178 4287 4518 4367 haberem,
4580 4297 4666 4350 ta-

2738 4373 2928 4438 metsi
2972 4372 3238 4438 mallem
3292 4369 3513 4436 verbis
3574 4379 3835 4437 tantum
3891 4371 4022 4438 fide
4080 4372 4275 4439 alicui
4333 4375 4478 4440 vire
4541 4391 4664 4439 rem

2737 4466 2943 4524 totam
2988 4457 3414 4524 committere.
3502 4456 3735 4541 Neque
3788 4458 3964 4524 enim
4007 4457 4231 4524 dubito
4275 4460 4520 4525 multos
4560 4478 4664 4523 va-

2734 4543 2838 4610 ria
2880 4543 3162 4611 scribere
3206 4551 3403 4627 prout
3444 4543 3656 4609 affecti
3701 4552 3860 4609 sunt
3875 4596 3891 4622 ,
3957 4564 4165 4627 pauca
4228 4564 4383 4610 cum
4427 4542 4662 4611 iudicio.

2592 4656 2630 4721 ⁶.
2735 4630 2884 4715 Ego
2927 4649 3103 4707 saue,
3148 4629 3204 4694 si
3239 4628 3586 4712 quisquam
3616 4628 3803 4709 alius,
3847 4630 4133 4695 maxime
4167 4629 4349 4696 dolui
4392 4632 4473 4698 eb
4506 4629 4666 4695 hunc

2735 4725 2990 4783 tantum
3034 4734 3289 4789 casum,
3334 4723 3410 4780 ut
3451 4715 3561 4799 qui
3607 4735 3738 4780 non
3783 4716 4145 4800 vulgariter
4187 4714 4270 4781 ab
4311 4716 4456 4800 ipso
4496 4713 4664 4798 diligi

2601 4843 2604 4846 -
2734 4822 2844 4867 me
2885 4808 2954 4867 et
2995 4799 3395 4868 ecclesiolam
3414 4850 3431 4879 ,
3497 4820 3695 4884 quam
3746 4799 3819 4866 in
3882 4801 4087 4884 ipsius
4140 4800 4385 4868 ducatu
4447 4799 4666 4868 abhinc

2736 4908 2982 4953 annum
3028 4885 3526 4971 recollegeram‚
3581 4907 3716 4953 nen
3768 4886 4058 4953 obscuris
4116 4889 4520 4972 argumentis
4560 4905 4662 4970 ag·

2734 4973 3081 5040 novissem.
3170 4970 3420 5038 Verum
3475 4973 3546 5038 in
3591 4971 3721 5039 Dei
3777 4969 4260 5055 providentiam
4309 4994 4510 5057 quum
4573 4991 4664 5037 re-

2734 5057 2953 5141 spicio,
2997 5068 3065 5122 et
3105 5055 3494 5125 iudiciorum
3534 5058 3742 5142 ipsius
3763 5057 4198 5139 severitatem,
4243 5058 4314 5125 in
4351 5079 4502 5126 sues
4541 5056 4662 5142 pri·

2731 5277 2997 5405 baffi
3031 5276 3128 5334 A„
3160 5277 3551 5336 ammam
3583 5277 3982 5348 ‹sn-armata
4013 5278 4182 5344 aim,
4214 5284 4282 5337 ω
4311 5279 4521 5349 κω,
4554 5275 4658 5334 ma
