4900 6167
252 430 345 492 577

248 635 408 698 quam
451 611 623 697 quod
676 612 740 679 ei
788 613 1031 679 mirum
1080 614 1156 678 in
1212 611 1480 679 modum
1538 611 1950 696 gratissimae
1992 618 2166 690 sunt,

247 700 573 767 maximam
616 700 815 765 etiam
856 697 1166 765 adferunt
1206 699 1574 764 utilitatem.
1662 695 1993 764 Mirabere
2036 698 2169 765 for-

249 808 344 854 san
380 805 483 851 me
526 784 611 850 ad
668 806 822 851 eum
871 784 1358 852 sanctissimum
1411 784 1630 852 locum
1688 803 1823 849 non
1878 781 2167 864 rediisse,

249 873 338 938 ubi
374 871 530 937 duos
574 872 712 937 fere
756 892 964 937 annos
1005 871 1140 935 iam
1175 870 1547 938 felicissime
1580 870 1742 947 vixi,
1787 877 1855 934 te
1891 868 2168 954 tuisque,

247 979 385 1042 quae
424 958 495 1022 in
538 967 604 1023 te
658 978 699 1022 a
740 958 886 1024 Deo
952 956 1191 1022 collata
1255 965 1413 1022 sunt
1467 954 1815 1034 beneficia,
1882 976 2170 1021 summo-

244 1066 377 1127 pere
416 1044 670 1110 fruens:
719 1054 788 1108 at
830 1044 982 1127 quia
1016 1042 1341 1108 duntaxat
1373 1041 1620 1127 gloriae
1642 1042 1773 1108 Dei
1806 1040 2168 1120 intendere,

244 1128 701 1281 {affixa
717 1127 1566 1298 ”immitam
1613 1126 1931 1279 itam
1944 1127 2172 1294 titt:

246 1301 397 1366 enim
432 1303 512 1368 ab
556 1301 701 1368 istis
744 1300 1025 1367 Rethiae
1047 1299 1366 1366 ministris
1409 1308 1487 1364 ut
1529 1299 1636 1365 hic
1681 1318 2017 1364 manerem
2057 1298 2173 1364 ad-

245 1388 523 1453 hortatus
587 1388 784 1466 sim,’
847 1407 1073 1452 eorum
1140 1387 1384 1470 optatis
1460 1385 1687 1451 deesse
1756 1405 1889 1450 non
1965 1384 2171 1467 potui,

242 1474 611 1557 praesertim
651 1494 854 1557 quum
897 1471 1208 1539 ecclesiae
1250 1471 1379 1536 Dei
1430 1469 1986 1536 administrandae
2044 1471 2174 1535 uti-

243 1559 357 1624 lem
397 1581 501 1625 me
544 1560 841 1624 futurum
888 1568 1322 1624 autumarent.
1414 1556 1638 1638 Quare
1677 1558 1885 1640 'quum
1930 1555 2010 1621 ad
2046 1556 2176 1621 Dei

244 1644 499 1730 gloriam
544 1646 758 1729 magis
799 1665 997 1728 quam
1043 1644 1391 1709 utilitatem
1451 1663 1667 1708 meam
1722 1640 1788 1706 id
1833 1650 2174 1725 spectaret,

242 1730 410 1796 facile
454 1753 493 1795 a
530 1751 638 1796 me
682 1732 1135 1814 impetrarunt.
1225 1728 1377 1811 Qua
1421 1728 1503 1794 de
1545 1749 1619 1793 re
1649 1736 1808 1812 rogo
1851 1737 1921 1792 te
1964 1728 2177 1793 obtes-

243 1829 458 1901 torque
510 1828 587 1882 ut
639 1819 841 1883 etiam
897 1815 1135 1882 obnixe
1177 1816 1400 1881 Deum
1452 1834 1646 1899 roges
1691 1821 1767 1878 ut
1809 1833 2036 1879 omnes
2080 1813 2178 1879 vi-

240 1914 334 1969 tae
374 1924 557 1968 meae
600 1901 741 1968 dies
784 1902 1030 1988 gloriae
1074 1922 1232 1968 suae
1274 1901 1520 1985 possim
1564 1900 1898 1966 inservire.

398 1988 648 2054 Multas
713 1989 887 2054 inter
951 1987 1236 2053 eundum
1296 1986 1530 2052 Italiae
1599 1986 1896 2052 civitates
1958 1984 2177 2063 invisi,

242 2086 427 2159 atque
480 2076 549 2140 in
606 2073 740 2139 illis
791 2073 1111 2158 plurimos
1154 2074 1267 2157 qui
1310 2073 1650 2139 Christum
1693 2072 2180 2155 profiterentur,

238 2180 468 2245 paucos
510 2169 732 2226 tamen
779 2170 974 2243 atque
1019 2159 1182 2225 adeo
1224 2179 1409 2224 raros
1432 2159 1545 2242 qui
1568 2156 1854 2222 Domino
1896 2156 2026 2222 fide
2069 2155 2182 2221 de·

240 2247 560 2312 servirent
614 2245 861 2310 inveni.
951 2245 1169 2311 Multa
1229 2244 1473 2309 etenim
1522 2243 1614 2308 ibi
1668 2244 2017 2309 haeresum
2070 2262 2181 2326 ge-

237 2353 405 2409 nera,
451 2332 646 2415 idque
691 2334 944 2408 merito,
988 2332 1211 2415 vigere
1255 2332 1458 2396 sensi:
1506 2327 2028 2412 quandoquidem
2074 2327 2181 2404 sit,

232 2419 464 2484 nedum
510 2417 788 2496 dicatur,
831 2416 1118 2500 pessima
1159 2416 1524 2482 Babilonia.
1613 2413 1833 2496 Quam
1877 2435 1998 2480 nec
2040 2414 2184 2480 sine

236 2526 482 2570 summo
528 2503 730 2569 animi
775 2503 996 2568 dolore
1019 2523 1140 2568 nec
1182 2503 1325 2568 sine
1363 2501 1649 2567 lacrimis
1699 2499 1921 2565 videre
1963 2499 2181 2583 potui:

234 2590 339 2656 sed
384 2610 554 2675 quae
595 2590 773 2654 inter
815 2609 1044 2654 omnes
1097 2587 1386 2653 maxime
1440 2588 1649 2672 viget,
1706 2594 1808 2652 est
1850 2583 2182 2670 superbis-

236 2678 379 2741 simi
425 2674 853 2758 diabolicique
902 2673 1138 2739 Servati
1154 2672 1208 2757 θ)
1252 2673 1467 2756 opinio
1482 2723 1497 2750 ,
1554 2692 1751 2755 quam
1800 2682 1878 2736 ut
1920 2671 2183 2754 scriptis

232 2763 574 2848 impugnes
616 2759 809 2826 multi
853 2769 919 2825 te
974 2759 1320 2826 obsecrant
1360 2757 1617 2837 fideles,
1672 2778 1877 2840 quum
1931 2758 2181 2840 praeci-

233 2869 353 2931 pue
398 2851 597 2915 iactet
636 2848 971 2912 neminem
1012 2865 1307 2929 unquam
1350 2845 1550 2910 fuisse
1593 2845 1704 2927 qui
1737 2843 1807 2907 in
1842 2864 1986 2908 eam
2022 2844 2182 2908 scri-

234 2935 381 2999 bere
428 2956 631 2999 ausns
675 2935 780 2998 sit.
869 2933 1016 3016 Ego
1075 2934 1274 2997 etiam
1290 2983 1303 3009 ‚
1363 2932 1417 2995 si
1475 2928 1630 3013 quid
1687 2927 1862 3012 apud
1919 2940 1984 2995 te
2035 2949 2183 2994 mea

233 3041 517 3104 unquam
576 3018 787 3084 valuit
849 3018 1164 3083 autoritas
1222 3015 1449 3082 eadem
1511 3014 1591 3079 de
1649 3035 1720 3081 re
1771 3036 1929 3099 rogo
1986 3023 2182 3096 atque

229 3105 513 3172 obsecro.
604 3105 758 3171 Scio
801 3104 977 3169 enim
1023 3124 1220 3187 quam
1264 3102 1401 3169 vim
1445 3102 1736 3167 habeant
1779 3103 1905 3166 scri
1955 3109 2023 3165 ta
2069 3112 2185 3165 tua

232 3193 402 3275 apud
448 3212 561 3257 666
603 3192 712 3274 qui
758 3190 826 3254 in
871 3189 1069 3255 Italia
1111 3210 1348 3255 nomen
1394 3188 1519 3252 Dei
1564 3188 1816 3252 timent.
1950 3186 1974 3250 i
2009 3187 2188 3251 enim

231 3279 309 3343 ob
350 3277 490 3342 Dei
546 3276 822 3362 gloriam
882 3277 948 3339 in
1002 3274 1339 3358 Geor-,qiam
1360 3279 1417 3355 ⁷)
1472 3274 1755 3338 scribere
1812 3293 2042 3356 passus
2097 3293 2186 3349 es,

230 3367 341 3446 qui
386 3365 592 3429 etiam
629 3368 705 3427 ut
739 3384 779 3427 a
816 3370 884 3426 te
919 3360 1450 3426 denominaretur
1490 3357 1801 3443 indignus
1836 3369 1996 3436 erat,
2041 3378 2190 3442 per-

229 3448 379 3515 inde
444 3458 643 3531 atque
701 3467 997 3513 summae
1051 3465 1433 3529 crassaeque
1487 3444 1898 3529 ignorantiae
1958 3445 2191 3522 virum,

228 3544 479 3616 quanto
523 3534 737 3619 magis
779 3533 849 3599 id
884 3533 954 3597 in
989 3533 1167 3598 hunc
1203 3531 1597 3597 diabolicum
1630 3529 1936 3615 spiritum
1982 3530 2193 3596 facere

229 3619 451 3701 debes,
498 3621 612 3703 qui
634 3620 792 3685 etin
815 3630 881 3683 te
916 3619 1169 3701 primus
1202 3618 1427 3683 stilum
1466 3618 1659 3694 acuit,
1681 3619 1735 3694 ⁸)
1781 3628 1848 3681 et
1868 3617 2194 3681 maximae

227 3707 407 3790 apud
470 3706 717 3772 multos
785 3705 1156 3770 autoritatis
1221 3704 1681 3788 doctrinaeque
1757 3702 2192 3781 existimatur,

229 3795 340 3875 qui
387 3804 535 3859 tam
575 3792 851 3875 impiam
895 3789 1186 3873 adeoque
1226 3790 1601 3873 pestiferam
1650 3786 1897 3853 mundo
1941 3785 2196 3853 adferat

226 3878 604 3947 doctrinam
619 3928 636 3956 ,
701 3896 868 3960 quae
931 3875 1197 3941 illorum
1261 3873 1468 3940 oculis
1533 3875 1647 3957 qui
1711 3894 1847 3938 non
1911 3873 2195 3939 multum

223 3965 649 4049 prospiciunt
699 3961 891 4029 facile
947 3970 1163 4046 potest
1216 3958 1603 4044 imponere?
1694 3957 1919 4040 Quare
1965 3969 2030 4024 te
2072 3960 2194 4023 ite-

224 4072 378 4116 rum
420 4070 582 4134 rogo
617 4058 697 4114 ut
716 4047 1123 4133 provinciam
1162 4046 1333 4114 hanc
1368 4067 1452 4111 ne
1488 4044 1825 4123 detrectes,
1863 4044 2197 4128 aliquotve

225 4136 369 4202 dies
418 4135 646 4202 studia
704 4147 822 4200 tua
872 4142 1229 4218 postponas
1245 4185 1259 4208 ‚
1316 4140 1514 4215 atque
1568 4131 1724 4197 huic
1782 4139 1919 4196 tam
1975 4138 2198 4213 optato

224 4231 505 4306 tamque
548 4220 914 4286 necessario
959 4219 1218 4284 muneri
1260 4219 1555 4284 animum
1611 4215 1949 4283 intendas:
2006 4225 2085 4281 ut
2126 4225 2199 4281 tu

221 4309 521 4373 malleus
558 4306 672 4371 ille
715 4307 825 4383 sis,
868 4307 977 4388 qui
1024 4325 1177 4370 eum
1222 4306 1564 4388 percutias.

314 4426 411 4431 'm
438 4425 521 4527 δῖ
546 4460 703 4515 Haec
737 4474 871 4514 sane
905 4459 1079 4529 (liqna
1115 4464 1243 4513 sunt
1276 4474 1416 4528 quae
1450 4463 1720 4514 notem.
1799 4457 1977 4527 Quam
2005 4462 2201 4527 postea

544 4546 572 4583 e
623 4528 858 4584 vinastis
891 4543 1113 4585 causam
1164 4528 1376 4594 dicens,
1423 4542 1481 4582 se
1526 4529 1588 4581 in
1623 4526 1797 4581 Italia
1841 4530 2017 4593 fuisso
2050 4533 2200 4583 anu-

456 4597 735 4653 Genevam
790 4599 1022 4651 emisset
1119 4597 1430 4651 nancitor
1471 4601 1694 4665 negaret
1743 4597 1838 4665 (ef.
1964 4614 2017 4665 p.
2054 4596 2201 4651 vm.

257 4668 347 4734 70,
398 4667 560 4722 Gale.
606 4665 685 4721 ad
722 4665 1007 4720 Suberant
1118 4706 1133 4721 .
1168 4662 1335 4729 1793,
1396 4664 1560 4718 Porta
1604 4663 1842 4731 1.11.p.
1877 4666 1910 4717 4
1950 4668 2003 4734 )‚
2050 4671 2203 4734 patet

220 4739 345 4791 eius
384 4740 607 4804 scripta
642 4737 706 4789 in
740 4750 836 4789 aas
867 4737 1113 4803 rcyioaes
1158 4734 1306 4788 υἰαηι
1356 4747 1513 4786 suam
1549 4734 1852 4798 invenisse,
1900 4750 2070 4804 neque
2101 4735 2201 4788 mi·

219 4806 512 4866 randum,
559 4804 848 4859 Calvinum
892 4819 958 4858 er
993 4803 1096 4858 hac
1131 4801 1361 4871 epistola
1396 4803 1673 4856 historicis
1708 4801 1891 4857 adhuc
1923 4802 2205 4871 incoqniic

218 4877 425 4998 ἐξὲξ
466 4879 687 5012 ‚m
644 4871 1262 5007 “nss'ssffmmta'nt‘tu
1338 4871 1508 4993 ta.
1542 4869 1692 4994 Ἡ
1716 4870 2205 5011 &ffdw

216 5015 335 5069 im
373 5012 530 5068 satis
559 5012 872 5067 excitatum.

450 5079 510 5147 7)
549 5079 806 5147 Siculum,
841 5079 908 5134 de
938 5076 1456 5148 praedestinatione.

449 5147 515 5210 8)
554 5148 765 5219 Nempe
797 5150 860 5202 in
893 5163 999 5202 sua
1039 5146 1403 5202 Restitmom
1436 5145 1852 5215 christianismi,
1888 5161 2049 5217 quan
2090 5144 2201 5200 Ga·

216 5220 357 5275 dius
396 5234 588 5288 nuper
622 5218 777 5287 apud
808 5218 991 5286 ipsum
1032 5214 1316 5272 Calvinum
1350 5214 1533 5270 videre
1562 5220 1842 5285 potuerat,
1887 5216 2001 5270 nisi
2043 5214 2204 5268 malis

216 5305 347 5343 aaa
384 5290 463 5342 in
500 5286 673 5342 Italia
706 5286 1078 5342 circumlatam
1109 5285 1284 5350 fuisse
1328 5285 1615 5351 coniicere,
1662 5283 1811 5354 quod
1852 5285 2036 5339 minus
2071 5298 2201 5353 pro·

468 5439 688 5497 Calvisii
719 5456 904 5511 opem.
988 5439 1102 5496 Vol.
1140 5438 1306 5497 XIV.

2041 426 2204 489 1553
2246 422 2423 493 IUL.

4107 433 4232 498 578

2445 610 2625 695 Quid
2659 636 2838 682 nunc
2874 613 3158 699 amplius
3194 616 3478 683 scribam
3519 637 3654 683 non
3686 616 3919 684 habeo:
3964 619 4234 687 obsecro

2271 705 2496 766 tamen
2537 721 2673 779 me,
2729 706 2806 766 ut
2862 721 3121 784 semper
3176 701 3388 769 fecisti
3405 754 3421 781 ,
3479 723 3677 784 ames,
3721 703 3921 788 inque
3964 713 4233 771 tuorum

2269 784 2610 852 clientium
2653 795 2721 852 et
2753 786 3112 854 amicorum
3144 808 3419 854 numero
3452 789 3620 855 velis
3654 791 3997 856 ascribere.
4044 790 4234 873 Vale,
4299 862 4304 867 ,

2273 877 2471 956 atque
2534 871 2696 938 dum
2754 873 3116 938 Dominum
3180 893 3327 938 oras
3390 874 3923 957 frequentissime
3980 897 4235 943 memor

2273 955 2367 1024 sis
2422 959 2570 1023 mei.
2673 959 2921 1024 Domui
2973 959 3423 1025 sanctissimae
3467 960 3882 1027 Varanorum
3908 964 3960 1044 ⁹)
4018 962 4232 1030 Vara-

2274 1044 2650 1127 siorumque
2714 1042 2995 1110 salutem
3060 1044 3418 1127 plurimam
3481 1068 3627 1112 meo
3705 1047 3971 1114 nomine
4035 1047 4229 1129 dices,

2275 1127 2691 1213 dominisque
2730 1130 2997 1197 Galasio
3041 1138 3110 1195 et
3144 1128 3401 1197 Oarolo.
3489 1132 3739 1199 Iterum
3783 1134 3949 1200 vale.

2449 1231 2680 1317 Tiguri
2722 1232 2909 1316 xxiij.
2953 1232 3115 1298 Iulii
3166 1232 3506 1300 MDLIII.

2688 1369 2816 1434 Tui
2860 1367 3305 1436 deditissimus

3041 1487 3293 1554 Paulus
3339 1490 3598 1557 Gadius
3642 1492 4120 1559 Cremonensis.

3039 1784 3452 1807 ———-—·-—

3154 2016 3345 2090 17⁶4.

2703 2171 3238 2241 OOGNAOIUS
3266 2175 3318 2257 ¹)
3364 2173 3800 2242 OALVINO.

2465 2345 2556 2413 Ob
2583 2350 2908 2427 peccatum
2965 2345 3298 2428 quoddam,
3353 2345 3432 2411 de
3483 2348 3666 2412 cuius
3719 2353 3954 2414 natura
3992 2349 4240 2430 frustra

2284 2432 2385 2499 Mc
2424 2431 2690 2498 certiora
2731 2450 3006 2514 quaere&
3055 2431 3229 2511 apud
3269 2434 3629 2513 superiores
3668 2433 3833 2499 male
3876 2435 4141 2502 audiens
4182 2441 4240 2502 et

2284 2524 2355 2583 ut
2393 2518 2642 2583 videtur
2694 2536 2946 2582 maere
2987 2514 3342 2596 abdicatus,
3402 2518 3797 2600 aliquatenus
3852 2540 3918 2585 se
3962 2540 4241 2606 pmyare

2598 2774 2703 2841 (Ex
2740 2773 3080 2843 autographo
3117 2772 3247 2827 Ood.
3284 2772 3486 2827 Genev.
3527 2770 3640 2838 109,
3677 2773 3770 2827 fol.
3805 2773 3923 2844 45.)

2458 2947 2522 3011 A
2566 2946 2920 3024 Monsieur,
2964 2945 3304 3011 Monsieur
3348 2943 3584 3011 Calvin

3629 3038 3671 3097 a
3714 3031 4003 3099 Geneve.

2463 3168 2615 3234 Meo
2658 3167 2728 3232 in
2773 3167 3100 3250 praesenti
3144 3166 3328 3233 luctu
3372 3166 3650 3232 vulnere
3707 3167 3921 3234 adhuc
3978 3168 4244 3246 recenti,

2291 3275 2424 3319 non
2462 3253 2868 3338 scripsissem
2902 3252 2985 3317 ad
3006 3263 3093 3331 te,
3117 3252 3221 3317 vir
3254 3252 3697 3339 integerrime,
3722 3254 3847 3318 nisi
3887 3253 4249 3319 intellexis-

2293 3360 2431 3405 sem
2477 3340 2917 3424 significatum
2955 3338 3078 3405 tibi
3121 3338 3311 3404 aliter
3354 3337 3436 3403 de
3478 3360 3586 3403 me
3628 3359 3823 3422 quam
3871 3359 3943 3404 se
3984 3358 4092 3404 res
4136 3338 4250 3403 ha-

2291 3426 2474 3492 beat:
2522 3426 2744 3508 lapsus
2788 3446 2951 3502 sum,
2997 3433 3329 3508 peccatum
3387 3445 3610 3490 meum
3664 3445 3798 3489 uon
3853 3445 4121 3503 excuso,
4178 3431 4250 3489 at

2292 3512 2511 3595 potius
2549 3511 2796 3595 peccati
2841 3511 2968 3575 mei
3006 3510 3329 3595 gravitate
3367 3531 3442 3576 ac
3476 3509 3761 3593 pondere
3796 3511 3888 3574 ita
3924 3507 4251 3592 deprimor

2293 3604 2371 3662 ut
2414 3618 2520 3662 me
2576 3617 2709 3662 non
2770 3604 3068 3678 oporteat
3123 3597 3502 3662 accercitis*
3556 3594 3822 3660 aliunde
3881 3617 4012 3659 non
4070 3614 4250 3659 com-

2295 3684 2551 3750 meritis
2606 3682 2865 3749 iudiciis
2925 3680 3216 3747 obruere.
3317 3682 3491 3746 Foro
3543 3682 3869 3764 patienter
3925 3699 4089 3763 quae
4131 3699 4253 3764 per

2295 3770 2694 3836 calumniam
2737 3767 2948 3833 multa
2991 3766 3574 3833 comminiscuntur
3616 3765 3697 3831 de
3740 3785 3860 3831 suo
3905 3765 4253 3832 vanissimi
4282 3838 4290 3845 ,

2295 3855 2602 3920 homines
2647 3859 2715 3918 et
2753 3873 2915 3937 quas
2959 3860 3278 3939 spargunt
3318 3853 3497 3918 inter
3555 3871 3626 3917 se
3669 3852 4110 3934 ineptissimas
4153 3852 4252 3917 fa-

2295 3941 2486 4006 bulas
2501 3992 2519 4020 ,
2585 3937 2794 4005 veluti
2860 3938 3378 4004 additamentum
3451 3938 3668 4003 meriti
3731 3937 3861 4003 mei
3924 3937 4252 4023 supplicii,

2299 4045 2637 4110 quousque
2704 4025 3047 4091 manifeste
3092 4026 3367 4091 conficta
3418 4023 3500 4089 ab
3561 4022 3641 4088 iis
3699 4022 4043 4090 mendacia
4099 4043 4253 4089 eva-

2298 4117 2593 4179 nescant.
2641 4112 2734 4176 At
2754 4130 2861 4176 me
2882 4110 3069 4193 peius
3091 4111 3293 4175 habet
3313 4109 3519 4175 multo
3543 4109 3596 4174 si
3635 4109 3764 4174 viri
3798 4109 3890 4193 pii
3927 4118 3993 4175 et
4015 4129 4254 4195 graves

2301 4197 2634 4264 audierint
2688 4218 2796 4262 me
2853 4204 3119 4279 peccata
3171 4197 3452 4280 peccatis
3507 4193 3747 4260 addere
3806 4196 3877 4259 in
3942 4194 4255 4261 ecclesiae

2300 4283 2558 4350 Christi
2601 4280 3001 4351 scandalum.
3089 4280 3480 4346 Intellexisti
3525 4280 3597 4344 in
3635 4301 3711 4345 eo
3752 4300 3862 4344 me
3895 4281 4098 4347 fuisse
4143 4279 4256 4346 de-

2300 4368 2539 4436 siderio
2579 4376 2656 4435 ut
2698 4366 3028 4434 Thononii
3069 4386 3472 4433 remanerem
3517 4366 3587 4430 in
3629 4366 4014 4446 ministerio,
4058 4366 4255 4451 idque

2300 4464 2608 4523 conatum
2672 4475 2816 4521 esse
2881 4453 3015 4521 scio
3033 4505 3049 4533 ,
3116 4451 3285 4536 quod
3350 4473 3433 4516 ne
3488 4451 3770 4535 cogitavi
3825 4452 4121 4537 quidem:
4185 4458 4256 4516 at

2299 4562 2570 4627 prorsus
2614 4542 3014 4608 contrarium
3057 4544 3431 4617 statueram,
3477 4538 3737 4604 etiamsi
3770 4558 3890 4622 per
3923 4537 4252 4622 principes

2301 4629 2427 4695 hoc
2480 4628 2645 4694 mihi
2699 4628 3005 4694 licuisset.
3097 4625 3192 4689 At
3231 4643 3367 4687 non
3409 4632 3748 4721 suspectus
3792 4636 3893 4689 est
3933 4624 4045 4708 qui
4088 4622 4252 4689 haec

2300 4714 2548 4794 retulit,
2592 4715 2816 4780 fateor.
2885 4711 3076 4778 Addo
3119 4727 3372 4794 quoque
3415 4727 3696 4777 amicum
3740 4730 3893 4776 eum
3927 4729 4035 4774 me
4078 4708 4254 4773 exis-

2301 4802 2540 4866 timare
2581 4821 2818 4878 meum,
2864 4797 2978 4864 sed
3022 4816 3154 4861 non
3189 4794 3521 4860 intellecta
3555 4794 3799 4861 retulit.
3865 4794 4012 4879 Ego
4048 4814 4253 4877 quum

2299 4887 2471 4952 forte
2513 4886 2587 4952 in
2630 4884 2849 4971 platea
2888 4881 3149 4970 publica
3183 4902 3333 4946 cum
3369 4880 3662 4946 Iohanne
3681 4879 3927 4947 Bodino
3945 4881 4005 4981 ²)
4049 4899 4252 4958 eram,

2509 5143 2568 5211 9)
2611 5143 2759 5198 θνα.
2788 5139 2913 5195 Prie
2927 5139 2994 5193 de
3023 5140 3313 5205 Varennes,
3349 5139 3445 5209 qai
3472 5142 3662 5207 partos
3682 5150 3816 5190 suas
3848 5138 3956 5204 eqit
3986 5136 4051 5192 in
4084 5150 4264 5192 causa

2306 5212 2529 5270 Servati
2602 5212 3071 5292 Alterum-nomen
3103 5210 3263 5293 potis
3294 5209 3641 5277 immittam.

2303 5283 2483 5338 17u‘
2511 5281 2577 5421 iz),
2609 5280 3346 5417 fim‘ssffli„
3378 5345 3589 5411 daem,
3621 5344 3737 5399 nisi
3764 5342 4030 5483 gsszsmur
