4900 6167
682 433 815 497 483

675 621 834 688 sine
890 639 1020 702 qua
1072 614 1242 681 nihil
1301 636 1545 682 sumus.
1647 615 1832 681 Deus
1891 614 2097 701 igitur
2155 620 2465 698 operatur
2519 634 2638 698 per

677 727 808 772 nos
839 704 911 769 in
944 701 1325 782 ministeri0,
1364 709 1431 767 et
1462 723 1583 768 nos
1616 720 1878 785 operam
1886 722 1963 765 ur
1997 721 2116 785 per
2151 700 2294 765 eius
2332 697 2634 784 gratiam.

686 790 802 858 Sic
843 789 1043 855 habet
1084 808 1191 855 res
1230 788 1303 853 in
1337 786 1641 854 omnibus
1676 785 1981 870 operibus
2017 786 2218 852 bonis.
2292 783 2637 866 Quaedam

682 896 844 943 vero
889 894 1087 959 opera
1142 873 1483 974 hominum
1537 882 1846 957 operatur
1887 870 2072 972 Deus
2128 880 2205 938 ut
2248 872 2462 955 prima
2503 872 2636 970 uti-

682 982 811 1113 110
825 980 1068 1131 Ρῖῗὲἓῗ
1084 979 1432 1123 οῗὲἑιὲὲῗ
1464 965 1554 1111 ἳῖι
1576 967 1805 1128 ἳῖἓῖἑξ
1845 956 2636 1128 ἵὲἒθᾛοὲὲἓὲἒθῗωὲε

681 1131 973 1199 maxime
1017 1129 1153 1197 sint
1195 1128 1627 1197 secundarum
1673 1150 2037 1209 causarum,
2078 1127 2224 1196 Deo
2267 1137 2492 1195 autem
2533 1130 2637 1194 ni-

607 1263 610 1270 ‹
679 1217 782 1284 hil
840 1216 1249 1301 relinquatur
1308 1216 1440 1282 nisi
1498 1215 1855 1301 permissio.
1957 1218 2179 1299 Atque
2246 1235 2325 1281 ea
2379 1215 2635 1280 ratione

679 1303 841 1371 facit
874 1304 1061 1370 Deus
1103 1301 1302 1368 etiam
1337 1301 1513 1368 mala
1553 1311 1749 1386 atque
1790 1311 2078 1385 peccata,
2125 1300 2285 1366 dum
2327 1298 2637 1367 videlicet

678 1392 828 1476 ipsa
870 1388 1214 1474 permittit,
1259 1386 1329 1453 id
1374 1396 1504 1469 est,
1552 1387 1707 1453 dum
1746 1409 1878 1453 non
1920 1385 2226 1472 prohibet
2267 1386 2438 1471 quod
2484 1406 2635 1469 pro-

679 1475 789 1543 cul
833 1473 1049 1555 dubio,
1093 1474 1149 1541 si
1195 1472 1409 1554 vellet,
1454 1474 1801 1558 prohibere
1835 1480 2072 1558 posset.
2142 1470 2433 1539 Proinde
2480 1493 2634 1538 cau-

680 1582 795 1628 sae
838 1558 1164 1627 secundae
1179 1611 1196 1639 ,
1251 1567 1329 1625 ut
1372 1557 1668 1626 diabolus
1712 1567 1776 1625 et
1818 1558 2017 1626 homo
2062 1567 2405 1642 corruptus
2420 1610 2436 1638 ,
2484 1579 2633 1643 pec-

683 1655 830 1714 cata
888 1647 1027 1713 sive
1082 1644 1259 1713 mala
1312 1645 1567 1712 faciunt
1619 1644 1935 1712 maxime:
2007 1645 2192 1711 Deus
2244 1651 2468 1711 autem
2519 1643 2636 1709 illa

680 1730 1027 1815 permittit,
1073 1752 1208 1797 non
1250 1731 1428 1811 facit,
1472 1730 1861 1816 purissimus
1907 1730 1988 1797 ab
2033 1730 2215 1797 omni
2257 1741 2524 1814 peccato
2568 1740 2636 1796 et

677 1818 932 1902 peccati
973 1816 1359 1901 suspicione.

854 1901 1214 1970 Obiicitur:
1269 1902 1627 1969 Permissio
1672 1925 1806 1969 non
1850 1909 1951 1968 est
1994 1903 2315 1986 operatio:
2372 1903 2429 1968 si
2474 1923 2632 1987 ergo

682 1990 870 2056 Deus
912 1996 1250 2074 peccatum
1293 2010 1428 2054 non
1486 1988 1644 2053 facit
1701 1987 1814 2055 sed
1870 1989 2218 2073 permittit,
2275 1996 2454 2055 certe
2497 2009 2633 2053 non

680 2075 903 2141 omnia
943 2083 1249 2160 operatur
1291 2075 1493 2141 Deus.
1584 2074 1938 2141 Praeterea
1991 2075 2289 2158 sequitur
2342 2073 2633 2158 permix-

679 2161 775 2226 tio
819 2182 1041 2228 rerum
1083 2181 1167 2226 ex
1211 2161 1641 2244 permissione
1658 2211 1674 2239 ,
1729 2170 1806 2225 ut
1862 2159 2158 2226 diabolus
2203 2159 2400 2240 velit,
2462 2158 2632 2243 quod

677 2247 919 2332 possit,
976 2244 1360 2313 subvertere
1415 2247 1639 2312 orbem
1683 2254 1802 2312 etc.
1891 2246 2083 2313 Dico:
2143 2246 2366 2312 Deum
2409 2245 2635 2312 omnia

678 2352 759 2398 ea
825 2332 1086 2417 operari
1146 2353 1315 2417 quae
1385 2341 1658 2398 naturae
1731 2331 1872 2397 eius
1934 2341 2092 2397 sunt
2149 2331 2628 2399 convenientia.

678 2418 960 2485 Peccata
1002 2419 1060 2485 is
1103 2438 1237 2484 non
1281 2415 1453 2497 vult,
1508 2439 1631 2485 nec
1685 2418 1754 2483 in
1799 2425 2064 2501 peccata
2115 2418 2206 2483 im
2290 2416 2421 2497 llit,
2480 2418 2634 2502 quia

676 2511 951 2570 naturae
986 2504 1132 2570 eius
1167 2510 1326 2569 sunt
1358 2504 1702 2570 contraria.
1762 2502 2010 2569 Psalm.
2035 2526 2094 2568 v.
2126 2512 2193 2569 et
2257 2503 2358 2570 611.
2395 2504 2630 2570 xxxiv.

678 2590 874 2655 Rom.
918 2589 1008 2674 iij.
1079 2588 1362 2656 Peccata
1405 2609 1561 2674 ergo
1603 2610 1740 2655 non
1775 2597 2104 2676 operatur,
2149 2590 2476 2674 permittit
2518 2611 2633 2655 au-

681 2687 818 2741 tem
860 2673 1022 2740 fieri.
1109 2673 1461 2741 Permissio
1485 2674 1619 2740 ι1116
1660 2687 1763 2742 est
1818 2676 1890 2741 in
1946 2674 2174 2742 divina
2215 2674 2633 2761 providentia

681 2770 751 2826 et
788 2781 922 2825 non
966 2768 1270 2844 separata
1325 2758 1406 2826 ab
1462 2760 1591 2827 illa.
1682 2759 1933 2829 Eadem
1992 2770 2094 2828 est
2146 2762 2343 2829 certis
2401 2783 2442 2827 a
2484 2760 2630 2828 Deo

677 2845 979 2913 terminis
1022 2846 1531 2931 circumscripta,
1576 2855 1654 2913 ut
1695 2869 1828 2913 non
1872 2855 2129 2914 tantum
2172 2848 2379 2932 possit
2420 2845 2632 2914 Satan

682 2939 1003 3018 quantum
1075 2932 1239 2999 vult.
1352 2932 1583 3017 Neque
1651 2940 1911 3000 tantum
1989 2942 2265 3019 possunt
2328 2933 2630 3000 homines

678 3026 1000 3102 quantum
1067 3017 1328 3099 volunt,
1402 3018 1519 3085 sed
1591 3026 1911 3104 quantum
1979 3019 2348 3103 permiserit
2419 3020 2626 3086 Deus.

675 3103 1008 3188 Exempla
1041 3103 1408 3172 clarissima
1464 3112 1620 3172 sunt
1677 3105 1748 3170 in
1792 3104 1913 3171 Iob
1972 3113 2041 3170 et
2083 3107 2155 3170 in
2194 3103 2436 3190 populo
2480 3105 2629 3184 Dei,

678 3191 750 3256 in
792 3211 988 3275 quem
1031 3189 1293 3257 barbari
1334 3211 1527 3276 reges
1567 3212 1699 3258 non
1740 3199 2005 3257 tantum
2048 3198 2366 3275 quantum
2412 3190 2631 3258 volue-

677 3283 841 3343 runt
881 3282 1255 3360 potuerunt.
1345 3275 1489 3356 Sic,
1544 3278 1813 3362 inquam
1830 3328 1848 3357 ,
1905 3276 2252 3361 permissio
2293 3276 2411 3343 illa
2454 3297 2629 3344 com-

677 3361 1006 3448 prehensa
1048 3368 1152 3427 est
1192 3361 1262 3426 in
1303 3361 1733 3446 providentia,
1779 3363 1941 3429 adeo
1985 3370 2061 3428 ut
2104 3382 2182 3429 ea
2223 3382 2423 3447 opera
2507 3382 2631 3429 uae

673 3448 1101 3533 permittente
1141 3446 1289 3513 Deo
1344 3448 1518 3514 facta
1573 3458 1728 3515 sunt
1785 3468 1824 3512 a
1884 3447 2141 3515 diabolo
2186 3456 2254 3514 et
2295 3447 2487 3516 diabo
2518 3448 2630 3515 ‘cis

675 3532 1055 3600 hominibus
1089 3534 1300 3600 sancti
1343 3531 1428 3600 ad
1459 3534 1678 3618 ipsum
1714 3532 1935 3600 Deum
1978 3542 2276 3600 autorem
2319 3535 2627 3602 referant.

673 3621 849 3689 Nam
894 3619 1014 3686 Iob
1059 3618 1248 3687 dicit:
1296 3618 1539 3686 Manus
1573 3619 1844 3685 Domini
1881 3620 2100 3707 tetigit
2131 3642 2258 3698 me,
2304 3621 2631 3688 Dominus

677 3705 875 3785 dedit,
920 3703 1251 3773 Dominus
1296 3704 1597 3772 abstulit:
1643 3726 1775 3771 non
1818 3704 2011 3773 dicit:
2057 3705 2387 3774 Dominus
2432 3705 2631 3783 dedit,

677 3791 977 3859 diabolus
994 3844 1012 3873 ,
1060 3791 1334 3871 Sabaei,
1409 3791 1817 3876 sanguinarii
1887 3792 2133 3860 milites
2199 3791 2630 3860 abstulerunt.

677 3876 794 3944 Sic
837 3888 1061 3943 autem
1103 3878 1409 3962 loquitur,
1453 3898 1588 3943 non
1631 3876 1801 3962 quod
1845 3880 2119 3946 sentiret
2159 3879 2380 3945 Deum
2424 3881 2530 3946 ins
2576 3880 2631 3945 i-

678 3983 858 4063 16666
919 3963 1182 4044 caedes,
1256 3962 1375 4029 sed
1428 3963 1599 4065 quod
1657 3965 1802 4063 ipso
1859 3965 2281 4048 permittente
2337 3964 2526 4032 diabo
2554 3986 2633 4031 us

674 4058 1249 4213 ’31152ζὲἚῶ
1336 4049 1754 4203 “tmffibtff
1775 4058 2634 4222 οῗέἓᾞᾼῗᾚγῗὲηέἓι

675 4218 1167 4288 cacodaemonis
1202 4229 1272 4287 et
1305 4242 1381 4288 sa
1523 4222 1538 4238 '
1590 4223 1881 4288 ariorum
1914 4222 2257 4289 hominum
2274 4242 2394 4307 pro
2438 4223 2632 4303 rium,

673 4314 945 4390 propter
990 4307 1164 4392 quod
1206 4307 1396 4374 Deus
1437 4328 1614 4393 ipsos
1658 4309 1833 4375 iuste
1876 4308 2227 4395 puniebat,
2285 4308 2396 4392 qui
2440 4329 2521 4374 us
2565 4315 2633 4375 et

675 4393 850 4460 iuste
892 4393 1299 4462 irascebatur
1341 4403 1607 4479 propter
1650 4392 1815 4461 illud
1857 4395 2124 4462 factum.

852 4477 1209 4546 Caeterum
1242 4481 1387 4564 ipse
1421 4480 1649 4547 fecisse
1685 4480 1951 4546 videtur
1984 4480 2097 4564 qui
2131 4502 2262 4546 non
2297 4480 2634 4565 prohibuit

679 4562 856 4648 quod
888 4565 1239 4648 prohibere
1293 4566 1520 4650 potuit.
1609 4565 1779 4631 Eam
1838 4565 2260 4632 obiectionem
2316 4577 2384 4632 et
2440 4588 2635 4652 pares

679 4657 758 4717 ut
799 4650 1167 4718 haereticas
1207 4661 1275 4718 et
1318 4652 1551 4719 6661116
1716 4660 1786 4716 et
1828 4654 1898 4716 in
1942 4651 2162 4717 Deum
2206 4651 2632 4736 contumelio-

682 4756 791 4803 sas
843 4736 1303 4803 abominantur
1346 4738 1503 4804 Tert
1600 4737 1790 4802 ianus
1844 4738 1917 4802 in
1962 4740 2019 4803 2.
2074 4745 2306 4806 contra
2348 4737 2634 4805 Marcio-

677 4843 836 4888 nem
879 4821 1049 4888 libro
1090 4831 1157 4888 et
1198 4823 1600 4890 Prudentius
1646 4823 1717 4886 in
1761 4823 2265 4909 Hamartigenia
2306 4846 2446 4892 sua.
2533 4828 2632 4891 Ac

679 4928 918 4974 revera
983 4906 1203 4974 Deum
1285 4908 1528 4975 multas
1599 4929 1840 4992 easque
1928 4911 2322 4977 iustissimas
2391 4910 2634 4977 habere

677 4994 1132 5075 permissionis
1177 5016 1332 5060 suae
1390 5016 1622 5061 causas
1666 4995 1724 5062 is
1768 4994 1945 5063 solus
1990 4996 2248 5063 dubitat
2308 4997 2422 5081 qui
2463 5018 2635 5063 nun-

681 5099 881 5160 quam
935 5089 1112 5147 recte
1169 5080 1240 5146 in
1304 5081 1706 5148 catechismo
1770 5082 2113 5150 institutus
2183 5088 2303 5151 est.
2405 5081 2635 5165 Quum

679 5165 861 5229 enim
904 5166 1121 5232 iustus
1166 5167 1253 5233 sit
1293 5164 1482 5233 Deus
1539 5166 1702 5232 nihil
1763 5178 1937 5236 certe
1979 5168 2136 5236 facit
2177 5180 2405 5236 contra
2445 5169 2636 5236 iusti-

679 5249 881 5314 tiam:
946 5272 1146 5334 quum
1202 5263 1389 5335 pater
1447 5255 1537 5319 sit
1586 5253 1752 5319 nihil
1811 5254 2098 5320 alienum
2138 5277 2178 5322 a
2307 5264 2497 5321 terno
2540 5256 2636 5320 af-

677 5333 855 5401 fectu
914 5337 1071 5420 agit.
1161 5337 1388 5405 Talem
1449 5348 1666 5406 autem
1727 5360 1872 5407 esse
1925 5339 2145 5407 Deum
2249 5362 2514 5408 ocemur
2571 5349 2638 5407 et

2349 422 2815 491 EPISTOLA
2867 426 3026 488 1707

4547 427 4655 489 484

2736 610 3630 764 {³:⁰3ssz‘33332102ffi‘320
3646 609 4664 781 1111111...

2737 784 2972 851 recitat
3049 783 3334 850 Ioannes
3402 783 3855 850 Damascenus
3919 782 4088 849 libro
4167 782 4248 848 de
4325 781 4665 848 orthodoxa

2738 869 2866 936 fide
2910 869 3003 936 11.
3063 890 3116 936 6.
3170 872 3352 936 xxix.
3443 868 3650 952 Atqui
3706 867 4064 935 abhorrent
4121 867 4387 952 quidam
4446 889 4483 933 a
4538 889 4663 951 per·

2737 956 3070 1023 missionis
3115 955 3430 1023 vocabulo
3473 954 3680 1021 veluti
3724 954 3935 1022 alieno
3980 977 4019 1020 a
4075 953 4454 1038 scripturis:
4510 952 4665 1036 quod

2737 1062 2897 1109 sane
2940 1043 3185 1107 mirum
3229 1049 3359 1122 est,
3421 1062 3620 1126 quum
3678 1048 3931 1107 certum
3990 1039 4077 1104 sit
4119 1060 4197 1106 ea
4254 1061 4411 1106 voce
4453 1040 4518 1105 in
4556 1039 4668 1105 hoc

2739 1130 3003 1215 negotio
3060 1125 3447 1212 explicando
3502 1134 3568 1194 et
3625 1127 4014 1212 scripturam
4078 1127 4291 1211 ipsam
4347 1132 4414 1191 et
4456 1145 4665 1190 omnes

2741 1212 3037 1280 doctores
3094 1213 3403 1281 ecclesiae
3467 1234 3507 1278 a
3578 1210 3979 1297 temporibus
4038 1211 4483 1296 apostolorum
4529 1230 4669 1276 usos

2740 1320 2898 1367 esse.
3024 1301 3270 1367 Annon
3349 1299 3533 1365 Deus
3622 1298 3761 1383 ipse
3845 1298 3917 1363 in
3996 1298 4240 1365 Psalm.
4325 1303 4398 1361 51
4485 1296 4667 1362 dixit:

2739 1384 2891 1452 Non
2931 1385 3184 1453 audivit
3235 1383 3514 1470 populus
3568 1405 3756 1451 meus
3812 1384 4024 1469 legem
4083 1404 4297 1450 meam
4355 1392 4420 1449 et
4467 1382 4670 1448 dimisi

2737 1471 2761 1536 i
2808 1492 2913 1538 sos
2967 1471 3329 1539 secundum
3374 1468 3696 1538 desideria
3748 1470 3961 1538 cordis
4019 1468 4354 1556 ipsorum?
4450 1469 4672 1534 Annon

2740 1493 2910 1623 dixit
2959 1558 3212 1625 Paulus
3270 1559 3490 1623 Actor.
3546 1562 3654 1621 14:
3705 1557 3889 1624 Deus
3942 1558 4051 1641 qui
4106 1557 4260 1622 fecit
4310 1554 4563 1623 coelum
4614 1561 4673 1619 et

2737 1655 2983 1710 terram
3029 1653 3096 1709 et
3136 1644 3356 1709 omnia
3415 1663 3580 1728 quae
3632 1642 3699 1708 in
3757 1644 3850 1710 eis
3890 1652 4047 1708 sunt
4089 1642 4464 1728 praeteritis
4508 1649 4672 1707 aeta·

2739 1730 2911 1797 tibus
2956 1731 3125 1808 ἔασε,
3169 1729 3455 1810 sinebat,
3512 1749 3740 1795 omnes
3782 1735 4012 1814 gentes
4055 1725 4312 1813 ingredi
4357 1727 4485 1793 viis
4528 1728 4671 1805 suis,

2737 1815 2804 1882 id
2860 1824 2993 1896 est,
3055 1816 3238 1882 Deus
3281 1814 3702 1900 permittebat
3753 1813 4149 1898 quibuslibet
4202 1813 4511 1899 gentibus
4566 1833 4673 1895 pro

2737 1923 2857 1969 sua
2912 1900 3178 1967 vivendi
3240 1902 3495 1967 ratione
3554 1900 3821 1972 vivere?
3922 1900 4056 1966 Via
4110 1899 4287 1967 enim
4347 1909 4455 1966 est
4509 1899 4675 1963 vitae

2737 1989 2937 2067 ratio,
3024 1985 3285 2073 ingredi
3353 2006 3512 2053 vero
3586 1986 3824 2052 vivere.
3937 1985 4123 2052 Idem
4195 1986 4531 2070 apostolus
4598 1980 4675 2049 ad

2737 2074 2981 2158 Ephes.
3030 2080 3069 2138 4
3115 2073 3288 2140 clare
3333 2072 3740 2152 demonstrat
3780 2072 3930 2138 illas
3974 2073 4116 2139 vias
4159 2071 4513 2157 gentilium
4557 2091 4677 2134 666

2735 2158 2937 2227 fuisse
2980 2179 3064 2225 ex
3108 2168 3336 2226 autore
3386 2159 3547 2238 Dee,
3594 2157 3844 2225 dicens:
3901 2158 4135 2225 Testor
4175 2179 4292 2242 per
4332 2156 4552 2222 Deum
4598 2175 4676 2220 66

2735 2245 3008 2331 posthac
3064 2245 3410 2312 ambuletis
3465 2245 3636 2311 sicut
3691 2244 3981 2328 reliquae
4045 2255 4275 2329 gentes
4342 2242 4679 2308 ambulant

2735 2334 2808 2397 in
2851 2332 3148 2397 vanitate
3193 2332 3434 2397 mentis
3492 2350 3678 2410 suae,
3734 2328 3888 2396 dum
3947 2339 4234 2396 mentem
4279 2328 4531 2395 habent
4573 2326 4677 2391 ob-

2736 2418 3142 2484 tenebratam
3159 2469 3176 2498 ,
3236 2416 3588 2483 abalienati
3633 2438 3673 2482 a
3714 2417 3855 2482 vita
3896 2416 4025 2482 Dei
4066 2427 4329 2500 propter
4371 2416 4679 2500 ignoran-

2736 2503 2895 2570 tiam
2939 2525 3107 2588 quae
3152 2511 3252 2570 est
3292 2503 3362 2567 in
3402 2502 3551 2582 illis,
3598 2509 3666 2567 et
3700 2499 4218 2570 obcaecationem
4254 2500 4473 2567 cordis
4514 2502 4676 2582 ipso·

2735 2611 2903 2656 rum.
2991 2589 3189 2657 Hanc
3235 2593 3291 2655 2.
3340 2586 3489 2655 Cor.
3536 2597 3574 2653 4
3622 2586 3875 2654 diabolo
3913 2588 4229 2654 attribuit.
4318 2587 4448 2653 Illo
4494 2606 4677 2651 voca-

2737 2674 2890 2741 bulo
2934 2697 3085 2742 usos
3143 2682 3397 2741 constat
3453 2674 3892 2741 sanctissimos
3936 2673 4211 2740 Christi·
4246 2681 4579 2762 martyres
4619 2676 4679 2735 et

2736 2758 3034 2828 doctores
3077 2761 3453 2840 Irenaeum,
3501 2757 3862 2844 Origenem
3876 2812 3893 2838 ,
3938 2758 4411 2847 Pamphylum,
4457 2760 4678 2842 Augu-

2734 2847 2987 2913 stinum
3030 2847 3195 2914 libro
3239 2846 3319 2913 de
3364 2845 3767 2912 divinatione
3811 2844 4198 2912 daemonum
4239 2866 4380 2929 cap.
4439 2851 4463 2909 l
4517 2856 4584 2910 et
4625 2845 4678 2906 2.

2733 2933 3026 3001 Retract.
3070 2932 3161 2998 H.
3211 2955 3264 3000 c.
3313 2936 3413 2998 30.
3483 2931 3621 2999 Nec
3666 2932 3896 3017 opinor
3940 2931 4059 2998 tibi
4102 2932 4509 3016 incognitam
4546 2948 4679 2995 6666

2734 3017 3325 3104 Hieronymianam
3368 3018 3840 3102 expositionem
3884 3018 3953 3083 in
4001 3016 4368 3084 Comment.
4419 3020 4562 3082 eius
4602 3012 4679 3079 ad

2733 3125 2872 3189 cap.
2920 3126 2983 3171 v.
3030 3102 3411 3171 Ezechielis.
3500 3103 3878 3170 Petulantia
3930 3125 4087 3189 ergo
4102 3155 4120 3182 ,
4174 3125 4306 3169 non
4345 3102 4678 3188 religione,

2736 3190 3124 3257 duceremur
3167 3189 3223 3257 si
3264 3210 3686 3276 pergeremus
3729 3199 4144 3257 contemnere
4198 3187 4429 3255 modos
4474 3196 4540 3254 et
4580 3207 4677 3250 ra-

2733 3276 2946 3343 tiones
2989 3274 3361 3359 explicandi
3406 3276 3761 3360 scripturas
3804 3298 3937 3342 non
3983 3275 4228 3342 alienas
4263 3294 4303 3339 a
4336 3273 4679 3358 scripturis

2734 3370 2803 3428 et
2877 3374 3229 3447 usurpatas
3306 3363 3438 3428 iam
3514 3360 3667 3427 inde
3748 3383 3787 3428 a
3852 3360 4105 3429 Christi
4180 3361 4677 3446 praedicatione.

2734 3447 2887 3514 Non
2923 3448 3234 3515 debemus
3268 3449 3292 3513 i
3343 3448 3473 3514 ‘tur
3499 3446 3740 3515 nostris
3775 3447 4065 3515 inventis
4087 3454 4349 3514 tantum
4376 3446 4678 3523 tribuere,

2734 3545 2799 3600 et
2842 3541 3069 3601 nostra
3109 3556 3243 3600 non
3334 3534 3530 3601 ebent
3587 3534 3683 3599 ita
3740 3533 3926 3602 nobis
3968 3533 4226 3619 placere
4270 3543 4346 3600 ut
4391 3534 4679 3601 fastidia-

2733 3642 2884 3687 mus
2926 3620 3196 3705 spiritus
3241 3620 3450 3687 sancti
3497 3618 3722 3688 modos
3767 3629 3834 3687 et
3876 3621 4159 3688 rationes
4204 3619 4601 3704 explicandi.

2907 3704 3105 3772 Oerte
3146 3706 3370 3772 Deum
3425 3725 3562 3771 non
3607 3727 3749 3774 esse
3812 3716 4109 3773 autorem
4166 3706 4325 3773 mali
4374 3705 4475 3787 (id
4519 3702 4683 3791 quod

2736 3794 2806 3858 in
2865 3791 2988 3860 hac
3046 3791 3488 3876 disputatione
3547 3802 3649 3858 est
3705 3812 3823 3859 ceu
3883 3793 4171 3860 anchora
4226 3801 4481 3871 sacra),
4555 3811 4682 3857 non

2735 3877 2905 3945 velle
2948 3877 3197 3944 malum
3240 3900 3364 3946 666
3404 3877 3742 3962 impellere
3784 3878 3853 3944 in
3911 3886 4249 3962 peccatum
4294 3889 4414 3944 aut
4458 3878 4684 3946 volun·

2733 3971 2906 4031 tates
2940 3964 3282 4031 hominum
3319 3963 3653 4031 destinare
3688 3963 3772 4031 ad
3805 3964 4226 4048 peccandum,
4272 3962 4391 4031 sed
4425 3983 4684 4031 omnem

2734 4048 2895 4116 mali
2936 4071 3205 4117 causam
3247 4059 3315 4117 et
3357 4049 3680 4136 originem
3724 4049 4005 4119 derivari
4065 4072 4106 4116 a
4144 4050 4397 4117 malitia
4440 4047 4678 4117 diaboli

2736 4143 2804 4202 et
2843 4135 3128 4204 hominis
3170 4136 3378 4203 libera
3412 4135 3770 4215 voluntate,
3815 4134 3976 4203 adeo
4012 4135 4276 4204 disertis
4311 4138 4681 4221 scripturae

2734 4222 3128 4289 testimoniis
3171 4221 3592 4290 testificatum
3636 4230 3754 4299 est.
3799 4230 3877 4287 ut
3918 4222 4104 4289 nulla
4141 4242 4367 4301 causa,
4432 4220 4680 4288 nullum

2735 4309 3324 4462 :autum-
3363 4306 3913 4462 61111111.
3948 4310 4287 4461 611861
4306 4307 4681 4461 16161

2736 4483 2840 4546 23.
2885 4478 3129 4547 Daniel
3174 4485 3234 4548 9.
3279 4480 3479 4548 Ζ6611.
3539 4482 3596 4545 8.
3640 4478 3803 4548 Η66.
3869 4485 3962 4547 13.
4010 4480 4249 4548 Matth.
4321 4486 4396 4544 15
4460 4489 4531 4547 et
4589 4482 4682 4545 23.

2735 4566 2966 4633 Ioann.
3014 4570 3072 4632 8.
3130 4569 3225 4631 13.·
3286 4567 3447 4632 Luc.
3508 4568 3606 4630 22.
3716 4573 3768 4633 l.
3813 4566 4042 4634 Ioann.
4101 4570 4138 4631 2
4198 4577 4268 4634 et
4327 4573 4386 4632 3.
4434 4568 4570 4633 Iac.
4634 4572 4681 4629 l.

2734 4653 2925 4719 Rom.
2976 4656 3032 4717 3.
3074 4657 3129 4718 5.
3169 4661 3237 4718 et
3271 4654 3328 4717 7.
3404 4651 3538 4719 Nec
3573 4664 3825 4738 pugnat
3857 4674 4077 4722 secum
4121 4654 4453 4738 scriptura
4490 4674 4686 4739 quum

2734 4739 2922 4805 Deus
2962 4737 3200 4806 dicitur
3241 4737 3396 4804 alibi
3430 4736 3740 4805 indurare
3775 4745 3843 4806 et
3880 4758 4245 4807 exmcare.
4317 4739 4686 4807 Conferan-

2736 4832 2850 4890 tur
2909 4822 3015 4890 his
3060 4823 3220 4892 locis
3265 4823 3381 4891 alii
3434 4832 3507 4890 ut
3563 4824 3809 4892 Psalm.
3875 4829 3975 4892 92.
4080 4834 4137 4891 4.
4198 4826 4364 4911 Reg.
4440 4832 4539 4893 17.
4630 4828 4686 4889 2.

2734 4909 2955 4977 Ρ6161.
3018 4914 3121 4976 36.
3209 4911 3388 4976 Ε661.
3447 4913 3546 4975 33.
3634 4909 3869 4977 Ierem.
3929 4917 3986 4977 5.
4039 4918 4092 4978 7.
4149 4914 4240 4977 17.
4334 4912 4583 4979 Ezech.
4630 4915 4684 4975 2.

2739 5000 2778 5062 3
2823 5004 2943 5062 etc.
2990 4996 3335 5080 Legantur
3373 5003 3669 5062 veterum
3718 4996 3798 5063 de
3838 4996 3960 5064 hac
4005 5018 4077 5063 re
4110 4998 4381 5066 iudicia:
4432 4995 4689 5065 Irenaei

2736 5083 2809 5147 in
2852 5087 2924 5163 4,
2972 5080 3245 5148 Tertull.
3289 5085 3327 5146 2
3372 5091 3598 5149 contra
3641 5082 4077 5160 Marcionem,
4122 5082 4499 5170 Phylastrii
4542 5106 4687 5152 con-

2738 5177 2846 5235 tra
2887 5168 3195 5235 haereses
3232 5167 3410 5234 haer.
3461 5171 3540 5231 77
3582 5176 3649 5233 et
3694 5171 3794 5246 53,
3838 5167 4111 5235 Η16166.
4157 5171 4228 5235 16
4264 5170 4447 5237 Ε661.
4493 5194 4548 5238 6.
4590 5170 4686 5245 63,

2741 5256 3089 5340 Augustin.
3135 5253 3214 5319 de
3413 5255 3473 5318 'a
3515 5259 3583 5320 et
3624 5253 3832 5320 libero
3878 5255 4146 5321 arbitrio
4190 5256 4275 5322 ad
4319 5257 4588 5324 Valent.
4633 5279 4684 5324 6.

2742 5344 2854 5421 23,
2915 5347 3101 5408 tract.
3157 5341 3228 5406 in
3310 5359 3499 5406 oann.
3546 5342 3644 5403 53.
3736 5340 4207 5409 Necessitatem
4260 5355 4441 5410 certe
4484 5353 4551 5409 et
4593 5344 4685 5411 fa-
