4900 6167
251 459 330 524 25
1950 481 2108 544 1551
2156 479 2539 553 IANUAR.
4174 516 4260 579 26

250 666 520 712 suorum.
608 648 715 715 Ita
759 651 938 716 enim
978 671 1065 718 ex
1108 654 1239 721 fide
1296 655 1547 741 dignis,
1604 659 1926 729 Blaurcro
1967 674 2190 733 nostro

248 741 309 797 et
350 732 489 799 aliis
530 754 651 817 per
689 736 914 801 omnia
952 758 1102 804 cum
1145 740 1289 823 ipso
1323 745 1900 828 consentientibus,
1946 748 2184 817 habeo:

244 821 338 882 20.
382 817 764 887 Decembris
805 824 1162 905 praeterita
1218 825 1453 893 ducem
1498 827 1886 898 Munatium
1900 884 1916 914 ,
1961 835 2188 903 relicto

244 904 311 967 in
384 903 712 970 obsidione
798 907 983 974 urbis
1274 911 1664 998 eburgensis
1741 916 1937 984 Erico
2022 919 2188 988 duce

241 988 703 1056 Brunsvicensi
718 1043 734 1069 ,
767 992 817 1075 Ι)
855 1001 927 1069 (a
985 1015 1116 1079 quo
1248 997 1778 1084 agdeburgenses
1831 1008 2188 1085 praeterita

498 1075 603 1141 bri
644 1076 896 1143 cladem
951 1101 1086 1147 non
1147 1083 1454 1167 exiguam
1500 1093 1921 1172 acceperunt)
1964 1090 2186 1173 ipsum

239 1180 381 1224 cum
418 1161 685 1244 reliquis
728 1163 935 1247 copiis
976 1165 1234 1232 obviam
1280 1169 1647 1252 profectum
1763 1173 1776 1187 ⁶
1933 1176 2184 1244 exerci-

239 1243 428 1323 tibus,
482 1244 571 1311 de
629 1247 867 1330 quibus
923 1252 1225 1333 proxime
1278 1256 1509 1337 scripsi
1553 1256 1729 1339 quod
1771 1279 2014 1344 magno
2058 1283 2182 1327 nu-

237 1350 406 1394 mero
446 1352 531 1396 ex
574 1334 780 1398 variis
821 1336 1261 1402 confluxerint
1302 1340 1463 1405 locis
1477 1391 1495 1418 ,
1549 1351 1624 1407 ut
1666 1344 1989 1425 praelium
2030 1367 2182 1412 cum

235 1414 358 1478 illis
397 1418 848 1484 committeret.
939 1420 1307 1489 Commisso
1370 1435 1592 1491 autem
1644 1428 1893 1510 praelio
1950 1453 2181 1499 succu-

237 1499 442 1566 buisse
490 1500 881 1569 Mauram
894 1557 910 1584 ,
969 1519 1036 1571 et
1086 1528 1404 1592 magnum
1464 1532 1734 1578 suorum
1790 1518 2179 1598 praesertim

234 1584 534 1653 nobilium
577 1609 922 1655 numerum
970 1594 1287 1659 amisisse.
1353 1594 1619 1663 Interea
1660 1619 1839 1678 vero,
1886 1601 2042 1667 dum
2086 1603 2179 1669 ci-

234 1690 341 1736 ves
381 1671 985 1760 Magdeburgenses
1038 1678 1516 1746 intellexerunt
1558 1685 1919 1751 maximam
1962 1688 2178 1770 copia·

232 1773 370 1820 rum
421 1767 677 1839 partem
733 1771 951 1827 castra
1001 1763 1376 1848 reliquisse,
1434 1787 1553 1832 eru
1638 1779 1795 1834 runt
1851 1792 2000 1837 cum
2058 1794 2177 1858 suc

230 1840 456 1920 milite,
501 1851 569 1908 et
610 1857 830 1912 castra
870 1847 1262 1914 invaserunt
1300 1850 1485 1917 ducis
1643 1855 1655 1867 '
1701 1855 1715 1867 ’
1758 1864 1826 1920 et
1865 1855 2175 1925 incende—

231 1934 403 2004 runt,
467 1927 614 2012 ipso
678 1931 927 1998 frustra
990 1935 1356 2001 resistente.
1458 1936 1755 2004 'I'andem
1827 1961 2032 2025 quum
2090 1943 2175 2009 ad

231 2012 588 2079 conflictum
631 2036 888 2100 quoque
923 2031 1198 2085 ventum
1254 2029 1429 2088 esset
1468 2022 1694 2107 lapsus
1738 2024 1924 2093 ducis
1967 2048 2175 2112 equus

228 2096 429 2178 ipsum
472 2099 727 2167 civibus
770 2103 1000 2169 vivum
1035 2103 1216 2171 dedit
1256 2106 1668 2189 capiendum.
1759 2108 1975 2191 Quem
2019 2133 2170 2198 cap-

230 2189 358 2247 tum
398 2185 467 2249 in
510 2186 745 2252 urbem
790 2188 1127 2255 duxerunt
1182 2192 1527 2260 trucidatis
1578 2195 1805 2262 multis
1858 2196 2003 2264 aliis
2060 2200 2170 2283 qui

228 2287 364 2332 cum
405 2289 482 2334 eo
526 2283 735 2337 erant.
823 2273 1204 2359 Eodemque
1260 2285 1556 2362 tempore
1611 2280 2058 2367 intelligentes
2099 2285 2170 2349 in

226 2371 382 2436 pago
437 2356 724 2437 quodam
786 2359 1006 2426 vicino
1062 2361 1306 2428 multos
1340 2384 1484 2431 esse
1539 2365 1790 2431 nobiles
1805 2416 1825 2446 ,
1930 2388 2168 2435 uorum

228 2437 431 2522 aliqua
469 2461 625 2523 pars
640 2493 656 2519 ‚
720 2443 876 2511 licet
931 2445 1147 2529 aliquo
1205 2448 1350 2514 iure
1392 2448 1542 2515 urbi
1584 2459 1807 2517 essent
1849 2471 1890 2516 o
1970 2456 2166 2534 uicti,

226 2533 433 2590 tamen
482 2539 715 2593 contra
763 2549 952 2595 suam
1017 2531 1214 2597 fidem
1270 2543 1501 2600 contra
1541 2536 1755 2619 ipsam
1792 2536 2169 2606 militabant

227 2616 285 2673 st
315 2609 619 2677 Maurius·
652 2616 1096 2697 mquebantur
1136 2628 1377 2701 partes,
1415 2618 1519 2685 his
1554 2621 1930 2706 exploratis⁴
1947 2644 2167 2690 erum-

340 2705 436 2761 tes
474 2716 723 2782 pagum
767 2700 1209 2783 circumdant,
1255 2702 1603 2787 plerosque
1648 2708 1997 2787 trucidant,
2046 2730 2163 2774 no·

223 2714 368 2845 gilles
401 2781 688 2864 perfidos
733 2806 1150 2870 quoscunque
1194 2797 1470 2870 possunt
1503 2791 1692 2857 vivos
1736 2794 2163 2876 comprehen-

227 2861 405 2944 dunt,
450 2887 691 2951 eosque
742 2870 815 2935 in
876 2870 1106 2938 urbem
1151 2872 1464 2941 ducentes
1525 2897 1726 2960 supra
1779 2881 2039 2946 moenia
2093 2882 2161 2947 in

221 2948 495 3017 horroris
536 2962 607 3018 et
645 2956 958 3037 perfidiae
1002 2967 1225 3023 notam
1271 2960 1706 3044 suspendunt.
1774 2962 1961 3031 Haec
2005 2987 2166 3033 vera

221 3054 344 3101 esse
384 3047 763 3106 constanter
803 3042 1174 3108 affirmatur
1215 3063 1255 3108 a
1296 3044 1522 3112 multis
1578 3047 1783 3113 bonis.
1873 3050 2164 3116 Proinde

223 3120 384 3186 volui
428 3123 546 3190 tibi
591 3145 851 3209 quoque
894 3130 1409 3209 communicare,
1466 3138 1540 3197 ut
1674 3154 1830 3218 rgas
1870 3155 1990 3217 pro
2032 3135 2164 3203 illis

220 3225 386 3272 orare
428 3208 795 3277 Dominum
836 3220 914 3278 ut
968 3212 1030 3279 is
1083 3213 1322 3298 eripiat
1356 3236 1469 3282 eos
1511 3238 1548 3282 e
1656 3218 1888 3286 ucibus
1930 3220 2157 3288 leonis.

218 3290 415 3357 Aiunt
459 3294 640 3394 enim
681 3294 1016 3364 Caesarem
1070 3319 1191 3383 per
1244 3322 1439 3401 suum
1490 3303 1743 3402 iurasse
1785 3305 2156 3388 imperium,

216 3381 1606 3551 &diltozxffiplumquedgaegaaimbqnliffibus-
1694 3389 1996 3541 Utlilllal'ilin
2012 3412 2158 3561 ige

216 3544 276 3610 in
314 3569 456 3615 eam
499 3550 691 3616 cadat
733 3573 925 3636 quam
974 3554 1121 3621 aliis
1163 3566 1516 3641 praeparat
1555 3559 1833 3625 foveam.

219 3714 231 3728 ·
369 3636 472 3700 'Pu
517 3635 673 3701 boni
715 3638 982 3705 consule
1025 3661 1174 3706 mea
1205 3642 1337 3706 illa.
1426 3640 1639 3727 Spero
1681 3644 1803 3711 tibi
1839 3666 1973 3711 non
2017 3647 2155 3713 fore

216 3731 502 3899 3¹³3.ss
561 3720 1925 3881 ss⁰3?..30d,‘⁹⁰333b.⁹3ffiffi3..33”
1982 3752 2154 3918 &33⁰5

214 3907 271 3953 m
309 3888 615 3971 Domino,
652 3895 895 3977 optime
930 3896 1509 3982 colendissimeque
1552 3900 1772 3978 frater,
1818 3910 1887 3967 et
1920 3922 2040 3968 nos
2081 3925 2153 3968 ιιι

215 3975 422 4043 ecdem
466 3976 530 4043 d·
567 3978 580 3991 ‘
670 3999 743 4044 re
959 3982 1066 4047 ‘to.
1136 3983 1441 4049 Salutant
1482 3993 1548 4049 te
1587 3987 1815 4067 nostri,
1858 4007 2153 4070 praeser-

214 4059 313 4124 tim
361 4062 514 4129 Mus
696 4113 711 4130 .
778 4000 1014 4132 garg-lta
1055 4087 1203 4133 meo
1246 4071 1511 4134 nomine
1554 4079 1707 4137 tuos
1748 4063 2153 4156 symmystas

214 4144 375 4212 viros
417 4148 728 4232 insignes.
816 4152 1078 4218 Bernae
1121 4154 1213 4237 xij
1258 4153 1398 4220 Oal.
1446 4155 1641 4222 Febr.
1696 4161 1879 4222 1551.

1346 4291 1529 4358 Τυιιε
1571 4293 1643 4358 in
1688 4292 1977 4361 Domino

1379 4392 1560 4459 Ioan.
1605 4394 1938 4464 Hallerus.

212 4637 372 4697 1⁴80.
396 4643 453 4710 1)
492 4643 618 4714 1⁸⁸⁰
679 4643 917 4715 Goon-9⁸⁸0
979 4645 1471 4729 Heldo-buroam.
1559 4650 1647 4718 G'f.
1703 4651 2017 4722 Bullinqcri
2066 4669 2150 4723 cp.

212 4712 593 4773 macedam-⁸
627 4719 679 4768 ct
711 4729 851 4784 quas
884 4715 965 4772 ibo·
997 4721 1401 4773 annotamus.

3180 679 3369 754 144⁴).

2643 809 3214 900 summanus
3258 837 3895 913 summense.

2465 997 4251 1098 Hoporineyommeicomendatetquidinhacn

2291 1088 2496 1147 actum
2538 1085 2919 1168 ayendumve
2960 1087 3045 1153 sit
3084 1089 3413 1172 εἰρηόᾒοαΐ.

2291 1251 2467 1310 (Exee
2690 1271 2757 1308 ex
2780 1257 3116 1325 autographo
3140 1261 3285 1316 Bibl.
3314 1263 3467 1319 civic.
3504 1266 3684 1322 Turic.
3722 1270 3878 1326 MSS.
3912 1274 3973 1327 Β.
4011 1273 4083 1329 ὅ)
4115 1278 4245 1332 olim

2288 1319 2430 1389 Epp.
2521 1321 2582 1384 5,
2627 1324 2718 1376 fol.
2767 1322 2886 1377 303.
2943 1353 3006 1364 -—
3044 1327 3475 1468 galle-nnn&
3477 1333 3579 1467 514„
3662 1337 3830 1394 Edita
3875 1347 3961 1395 est
4001 1343 4058 1397 in
4103 1345 4245 1417 Epp.

2458 1557 2630 1623 Dem
2675 1561 3089 1628 furnemmen
3125 1566 3329 1633 wisen
3367 1523 3536 1636 hern
3577 1572 3881 1644 heinrich
3900 1579 4245 1667 Bullinger

2281 1641 2713 1725 predicanten
2759 1667 3027 1731 mynem
3073 1653 3428 1737 gunstigen
3465 1655 3637 1722 bern
3804 1747 4070 1818 zia-ioh·

3039 1915 3048 1923 ·
3103 1889 3515 1973 Argentinae
3560 1899 3661 1962 21.
3709 1899 4006 1969 Ianuarii
4057 1910 4240 1975 1551.

2448 2013 2520 2081 S.
2561 2017 2640 2083 P.
2682 2018 2767 2083 D.
2855 2020 3035 2087 Ante
3086 2020 3353 2091 biduum
3416 2029 3706 2098 redditae
3750 2045 3907 2102 sunt
3947 2040 4113 2106 mihi
4154 2043 4241 2109 li-

2274 2105 2456 2164 terae
2517 2110 2669 2168 tuae
2682 2151 2701 2183 ‚
2746 2102 3120 2191 Bullinyere
3174 2111 3656 2196 colendissimo,
3716 2128 3912 2204 atque
3967 2145 4047 2190 eo
4096 2128 4239 2212 ipso

2275 2182 2381 2249 die
2445 2185 2596 2254 misi
2656 2188 2815 2256 hinc
2886 2190 2972 2257 ad
3038 2195 3458 2264 veredarium
3526 2200 3754 2270 literas
3823 2209 4041 2291 regias
4064 2213 4115 2297 ¹)
4168 2224 4238 2281 et

2506 2272 2537 2337 ‘.
2650 2273 3127 2344 Commendavi
3207 2301 3317 2349 eas
3395 2282 3899 2371 diligentissime
3964 2294 4047 2361 D.
4118 2297 4237 2364 Rs·-

2270 2353 2504 2421 chardo
2523 2356 2580 2442 ²)
2623 2360 2833 2427 amico
2875 2373 3101 2430 nostro
3144 2366 3466 2451 singulari
3482 2422 3500 2449 ,
3545 2381 3624 2437 ut
3664 2395 3786 2439 sua
3826 2396 4026 2460 opera
4071 2381 4238 2468 Reyi

2271 2447 2342 2503 et
2359 2439 2610 2521 Hopero
2635 2442 2890 2511 dentur.
2927 2447 2995 2513 N
2994 2468 3080 2513 on
3102 2448 3494 2520 detrectabit
3518 2458 3821 2538 officium,
3848 2472 3954 2528 sat
3972 2466 4124 2548 scio,
4149 2470 4233 2536 ob

2268 2527 2512 2592 veteris
2548 2527 2722 2594 inter
2755 2551 2877 2599 vos
2909 2534 3235 2602 amicitiae
3266 2542 3832 2611 necessitudinem.
3896 2549 4235 2633 Epistulae

2269 2624 2424 2675 tuae
2446 2624 2916 2696 argumentum
2939 2617 3025 2684 ad
3061 2619 3292 2705 Reyem
3312 2626 3535 2723 probo,
3580 2649 3796 2713 neque
3819 2632 4048 2701 dubito
4070 2640 4231 2721 quin

2267 2694 2565 2777 proderit
2585 2705 2655 2763 et
2675 2699 2925 2784 Hopero
2945 2713 3015 2768 ct
3033 2705 3351 2791 religiom.
3394 2710 3473 2775 H

2267 2791 2427 2845 runt
2448 2782 2845 2866 silentium,⁸
2897 2803 3281 2858 accusantes
3302 2815 3453 2861 eum

2266 2865 2431 2931 mihi
2476 2867 2767 2936 Thomas

2267 2951 2351 3016 ad
2395 2963 2462 3018 te
2505 2953 2696 3020 mitto
2731 2977 2860 3039 quo

3601 2734 3639 2779 o
3657 2717 3942 2801 episcopi
3964 2723 4234 2790 manda-

3611 2821 3846 2883 reseos,
3871 2811 3951 2869 ut
3971 2810 4234 2891 scripsit

2881 2874 3095 2941 nahas
3107 2878 3166 2959 ⁴)
3210 2889 3440 2947 noster
3481 2903 3565 2947 ex
3609 2887 3871 2970 Anglia.
3961 2891 4231 2960 Literas

2980 2962 3148 3028 seint
3190 2983 3388 3046 opera
3415 2967 3498 3031 D.
3545 2967 3817 3052 Butleri,
3844 2977 3896 3052 ⁵)
3941 2977 4043 3041 cui
4078 2979 4231 3043 mil-

2264 3035 2385 3101 lies
2427 3058 2536 3103 me
2579 3060 2879 3107 commen
2927 3054 3111 3111 atum
3159 3047 3433 3129 habeas,
3493 3053 3568 3117 in
3610 3054 3884 3122 latinam
3931 3060 4227 3146 linguam

2263 3123 2628 3189 transferri.
2718 3125 2886 3193 Inde
2944 3133 3186 3196 senties
3239 3135 3395 3216 quid
3456 3138 3765 3205 moliatur
3820 3141 4060 3211 Satan:
4118 3150 4225 3215 cui

2264 3227 2683 3293 summopere
2724 3213 3167 3280 resistendum
3210 3228 3329 3283 est.
3415 3220 3729 3307 Petoque,
3774 3230 4081 3310 quoniam
4119 3254 4226 3300 re·

2261 3296 2557 3359 nascenti
2595 3296 2906 3364 ecclcsiae
2933 3301 3218 3367 multum
3253 3304 3559 3385 prodesse
3598 3313 3889 3393 potestis,
3935 3325 4010 3381 ut
4043 3338 4220 3384 com-

2259 3379 2449 3442 muni
2492 3400 2813 3460 consensu
2854 3395 3049 3451 tuum
3065 3437 3083 3466 ,
3144 3385 3394 3455 Caluini
3432 3402 3500 3457 et
3528 3394 3832 3463 ‚aliorum
3883 3399 4222 3469 doctorum

2260 3463 2582 3547 scriptum
2623 3466 2861 3534 edatur
2904 3469 2989 3535 ad
3035 3470 3282 3557 Regem,
3327 3495 3454 3558 quo
3495 3478 3886 3549 instituatur
3927 3495 4104 3554 recte
4145 3491 4221 3556 in

2424 3555 2888 3620 controversia.
2977 3556 3183 3638 Alias,
3228 3568 3306 3625 ut
3339 3560 3550 3643 vides,
3590 3567 4002 3650 periclitatur
4043 3576 4221 3640 veri-

2260 3640 2380 3713 tas,
2424 3656 2547 3718 pro
2589 3658 2722 3721 qua
2764 3637 3176 3708 defendenda
3219 3665 3636 3733 summopere
3695 3673 3736 3718 a
3785 3654 3971 3720 vobis
4013 3678 4219 3741 quum

2258 3716 2625 3819 laboratum
2670 3723 2777 3804 sit,
2823 3746 2908 3791 ne
2943 3727 3178 3795 sinatis
3214 3750 3360 3804 eam
3405 3733 3576 3817 apud
3612 3736 3869 3822 Anglos
3908 3741 4042 3808 iam
4076 3765 4219 3828 pes-

2258 3824 2409 3870 sum
2454 3825 2567 3871 1re.
2619 3844 4216 3879 —————————————

3413 3954 3597 4022 Tuus
3639 3957 4042 4028 Burcherus.

2253 4159 2444 4216 1440.
2472 4164 2529 4227 1)
2567 4162 2634 4220 Si
2663 4165 2800 4235 quid
2833 4167 3077 4224 viamus
3111 4170 3353 4240 loquitur
3388 4171 3456 4229 de
3485 4173 3661 4232 literis
3678 4178 3991 4251 Bullinum·
4021 4183 4099 4239 ad
4131 4200 4213 4241 re-

2249 4244 2368 4298 qm
2579 4232 2739 4287 raum
2767 4250 2876 4303 pro
2917 4236 3138 4305 Hopero
3182 4241 3407 4309 scriptis
3452 4245 3516 4298 in
3550 4261 3720 4301 causa
3770 4252 3998 4306 vestium
4031 4266 4212 4309 sacor-

2253 4296 2535 4354 dotalium.
2610 4301 2697 4367 Οἱ.
2733 4303 3041 4359 Patalam
3067 4321 3126 4374 p.
3160 4304 3280 4362 443.

2461 4367 2517 4432 2)
2552 4369 2724 4424 llinis
2757 4370 2836 4428 N.
2875 4372 3030 4428 1113.

2462 4435 2524 4504 3)
2563 4437 2755 4493 Mense
2793 4442 3089 4497 Novembri
3121 4441 3261 4498 1550
3294 4462 3459 4516 quus·
3494 4448 3752 4518 Hopcrus
3785 4454 4074 4510 consilium
4094 4456 4211 4512 Bu·

2251 4504 2366 4558 con·
2399 4510 2450 4558 et
2486 4504 2552 4558 P.
2576 4506 2679 4562 Ma
2814 4510 2827 4522 “
2883 4525 3144 4579 respuens
3175 4513 3238 4568 in
3271 4530 3377 4569 sua
3411 4520 3674 4574 sentam
3699 4523 4038 4589 persisteret,
4085 4541 4210 4581 con·

2251 4573 2437 4625 silium
2470 4575 2678 4641 κρίνω
2708 4577 2999 4633 interdicto
3014 4588 3268 4662 anaqam
3283 4597 3405 4638 eum
3424 4585 3488 4639 in
3521 4584 3682 4643 domo
3716 4604 3821 4644 sua
3853 4593 4021 4660 quasi
4048 4594 4112 4647 in
4147 4593 4210 4648 lo·-

2253 4641 2385 4694 bera
2424 4645 2678 4698 custodia
2721 4660 2943 4701 manere
2986 4647 3165 4703 aaut.
3258 4647 3436 4718 Quum
3485 4654 3588 4710 hoc
3632 4672 3843 4727 quoque
3884 4660 4211 4717 mandam

2250 4709 2409 4775 flocci
2437 4709 2660 4766 haberet
2691 4712 2890 4768 Idibus
2924 4716 3220 4772 Ianuariis
3239 4717 3536 4777 Ormmsro
3570 4726 3813 4781 traditus
3845 4735 3924 4782 sse
3957 4732 4056 4799 qui
4088 4745 4209 4784 eum

2251 4777 2620 4915 οκείοάιῖῗικ
2634 4778 2877 4905 (βιήνὲρέ,
2917 4781 3135 4863 Qranm.
3171 4786 3205 4840 1.
3243 4785 3334 4843 ΙΙ.
3366 4804 3411 4844 c.
3449 4787 3532 4844 17.
3564 4809 3621 4861 p.
3654 4792 3799 4861 310.)

2615 4866 2654 4903 Β
2766 4889 2784 4916 2

2352 4981 2362 4994 q
2458 4914 2520 4983 6)
2555 4914 2640 5000 ιο.
2711 4918 2889 5001 natzar,
2924 4867 3074 4975 noba²
3073 4892 3126 4974 εὲ
3157 4923 3385 5045 Aufus-
3414 4926 3478 4979 a·
3523 4926 3642 4981 suco
3670 4931 4209 5013 permanemus

2250 4986 2393 5062 satus
2432 4984 2759 5070 loro-qouque&-
2794 5002 2910 5042 πονε
2955 5003 3008 5042 a.
3059 4987 3195 5042 1536
3545 5004 3774 5079 cauerat
3819 4999 3917 5054 ub·
3963 5014 4206 5067 punam

2243 5048 3631 5197 5253322‘.³.⁸⁰ssz‘2”ffifmm.553.
3663 5065 3745 5189 ἒξ·
3761 5065 4202 5196 ,Εῗέἑῖἕέω
