4900 6167
236 429 328 491 617
1879 428 2042 490 1553
2086 424 2545 493 SEPTEMB.

1080 610 1273 683 1795.

724 748 1137 817 VIRETUS
1182 747 1616 815 OALVINO.

368 919 647 987 Numidis
717 939 917 1003 nuper
978 919 1234 986 Genava
1296 919 1518 985 allatis
1569 925 1896 1002 permotus
1959 929 2033 988 ut
2093 942 2163 988 eo

228 1012 467 1075 mmet
506 1007 570 1072 si
609 1007 771 1088 forte
811 1007 1012 1073 amico
1054 1025 1227 1091 opem
1265 1007 1432 1088 ferre
1460 1011 1694 1087 posset,
1757 1007 1889 1071 iam
1932 1007 2001 1071 in
2044 1009 2161 1072 mi·

227 1113 324 1159 mcc
358 1092 628 1174 ancipiti
669 1098 837 1157 statu
873 1112 1087 1159 rerum
1133 1112 1260 1174 pro
1317 1097 1587 1173 tempore
1628 1093 1840 1175 ipsius
1880 1093 2162 1159 directio-

227 1183 700 1262 maspedat.

227 1349 313 1417 (Ex
343 1366 409 1403 au
538 1349 682 1420 apho
718 1347 846 1403 Cod.
888 1347 1092 1404 Genev.
1131 1348 1278 1414 111⁸,
1334 1349 1427 1405 fol.
1466 1348 1569 1402 104
1614 1350 1734 1404 coll.
1780 1366 1825 1405 6.
1875 1348 2005 1404 cod.
2046 1348 2161 1417 116,

335 1418 420 1473 sol.
489 1418 521 1473 1
560 1436 614 1475 v.
649 1418 791 1488 Epp.
828 1419 993 1472 Bern.
1031 1418 1133 1473 VI.
1171 1435 1226 1488 p.
1260 1417 1359 1472 311
1400 1425 1460 1472 et
1493 1416 1711 1473 Simleri
1748 1419 1873 1473 Vol.
1909 1417 2022 1485 80.)

365 1590 631 1656 Eximio
684 1589 841 1657 Iesu
885 1587 1141 1656 Ohristi
1194 1610 1390 1657 servo
1414 1656 1424 1666 ,
1447 1591 1532 1656 D.
1578 1589 1815 1656 Ioanni
1860 1590 2160 1671 Calvino,

224 1674 612 1743 Geuevensis
669 1675 981 1742 ecclesiae
1048 1676 1301 1761 pastori
1356 1674 1739 1742 fidelissimo
1753 1728 1771 1755 ,
1837 1675 2030 1741 fratri
2096 1686 2163 1741 et

223 1771 606 1848 symmystae
649 1760 1075 1829 observando.
1511 1847 1849 1914 Genevae·

365 1983 433 2051 S.
521 1984 807 2050 Fuimus
862 1985 1060 2051 valde
1118 1984 1375 2052 solliciti
1431 1985 1513 2051 de
1566 1993 1634 2049 te
1677 1993 1746 2049 et
1788 1985 2081 2053 ecclesia.
2114 1990 2163 2061 ι)

219 2068 403 2136 Recte
444 2071 691 2148 fecisti,
751 2070 926 2154 quod
987 2069 1071 2137 ad
1128 2092 1247 2136 666
1304 2073 1675 2154 scripseris:
1700 2073 1757 2150 ²)
1793 2091 1951 2136 nam
1994 2093 2162 2155 (1666

219 2155 616 2222 audieramus
660 2177 700 2222 a
727 2156 1070 2224 Guazthoeo
1088 2158 1147 2241 ⁸)
1193 2178 1314 2223 nos
1349 2156 1702 2223 admodum
1748 2159 1981 2222 anxios
2015 2158 2163 2223 red-

220 2240 515 2308 diderant.
607 2242 760 2308 Non
803 2244 983 2309 enim
1026 2243 1194 2309 bene
1236 2242 1658 2309 intellexerat
1700 2251 1891 2308 tuum
1948 2245 2162 2309 consi-

216 2326 357 2393 lium
415 2328 498 2394 de
551 2327 841 2412 petenda
892 2330 1222 2395 missione.
1312 2328 1782 2398 Deliberabam
1839 2329 1920 2394 de
1965 2329 2162 2412 profi-

217 2412 494 2479 ciscendo
562 2413 648 2479 ad
710 2433 858 2479 vos:
879 2414 935 2497 ⁴)
1014 2414 1130 2480 sed
1195 2415 1353 2498 quia
1415 2414 1789 2481 nesciebam
1809 2465 1824 2490 ,
1891 2436 1975 2480 an
2043 2414 2165 2480 tibi

215 2519 383 2564 meus
435 2499 765 2565 adventus
832 2509 1240 2584 opportunus
1299 2501 1459 2566 satis
1517 2499 1890 2579 videretur,
1959 2500 2164 2565 statui

215 2603 345 2649 cum
386 2584 568 2651 Besa
625 2606 761 2650 non
817 2587 1003 2669 prius
1058 2606 1328 2652 movere
1370 2585 1624 2669 pedem,
1669 2605 1866 2669 quam
1913 2585 2162 2669 aliquid

215 2680 538 2751 praeterea
601 2670 996 2738 audiremus.
1121 2671 1389 2737 Interea
1452 2671 1634 2737 Boea
1699 2672 1829 2737 iter
1893 2670 1976 2737 ad
2042 2692 2163 2738 vos

215 2757 566 2840 arripiebat,
615 2757 1075 2841 exploraturus
1111 2778 1243 2841 quo
1271 2758 1342 2822 in
1392 2765 1570 2824 statu
1606 2765 1829 2823 essent
1871 2777 1978 2823 res
2013 2776 2161 2822 ves-

215 2851 369 2920 trae,
428 2864 506 2909 ac
565 2850 783 2910 tecum
842 2843 1325 2909 deliberaturus
1383 2842 1465 2908 de
1520 2842 1792 2909 consilio
1847 2863 2032 2908 meae
2078 2842 2161 2908 ad

214 2946 315 2994 vos
356 2928 798 3013 profectionis.
888 2929 985 2995 At
1031 2928 1348 3014 comatus
1368 2933 1420 3007 ⁵)
1480 2928 1580 2994 illi
1622 2928 1832 2995 factus
1875 2929 2160 3006 obviam,

214 3032 333 3079 666
373 3014 604 3097 procul
649 3037 689 3080 a
730 3016 1120 3093 Lausanna,
1179 3035 1376 3082 causa
1418 3014 1547 3080 fuit
1589 3013 1859 3080 reditus.
1949 3012 2161 3078 Audi-

213 3119 341 3164 mus
394 3121 572 3166 nunc
630 3121 817 3185 spem
888 3122 1024 3166 non
1083 3122 1226 3167 esse
1290 3102 1560 3184 penitus
1621 3098 2024 3183 deploratam
2081 3098 2163 3164 (16

213 3184 477 3252 feliciore
522 3206 848 3253 successu.
867 3189 924 3272 ⁶)
1013 3185 1224 3271 Spero
1282 3208 1402 3252 nos
1461 3184 1804 3251 audituros
1845 3185 2041 3269 plura
2097 3191 2165 3248 et

213 3273 474 3338 certiora
534 3292 576 3337 a
627 3282 974 3356 quaestore
1040 3281 1261 3339 vestro
1278 3324 1296 3351 ,
1362 3292 1559 3355 quem
1616 3271 1919 3337 intellexi
1979 3270 2165 3336 brevi

212 3356 327 3424 huc
380 3358 508 3423 iter
562 3357 913 3424 facturum.
1018 3357 1096 3425 Si
1155 3356 1313 3441 quid
1356 3358 1733 3436 existimas,
1790 3378 1911 3422 nos
1967 3358 2166 3423 rebus

213 3443 432 3510 vestris
476 3445 619 3528 opis
664 3446 901 3511 afferre
939 3465 1148 3530 posse,
1193 3444 1394 3510 simul
1433 3451 1631 3527 atque
1665 3442 2004 3521 indicaris,
2049 3462 2166 3527 pa-

214 3530 329 3594 rati
370 3531 633 3596 erimus.
705 3528 1022 3596 Salutant
1062 3538 1129 3595 te
1185 3530 1399 3597 nostri
1455 3549 1716 3608 omnes,
1774 3529 2175 3601 nominatim,

215 3614 449 3701 collega
493 3626 563 3682 et
606 3616 802 3683 Besa.
907 3615 1172 3683 Salutat
1229 3626 1295 3681 te
1351 3616 1552 3682 etiam
1607 3635 1777 3680 uxor
1838 3625 1905 3679 et
1947 3614 2166 3680 filiola.

214 3696 531 3769 Dominus
554 3710 624 3767 te
647 3724 767 3768 suo
790 3723 1050 3786 semper
1073 3710 1261 3786 regat
1295 3702 1549 3785 spiritu,
1586 3699 2026 3784 prudentiam,
2064 3721 2169 3766 sa-

214 3787 537 3868 pientiam,
583 3787 1042 3853 fortitudinem
1079 3796 1147 3851 et
1180 3787 1618 3854 constantiam
1662 3785 1988 3869 adaugeat
2027 3806 2169 3851 ma-

216 3872 307 3956 gis
340 3882 536 3957 atque
570 3875 805 3958 magis,
850 3882 929 3940 ut
972 3882 1260 3953 strenue,
1304 3874 1406 3939 uti
1429 3873 1700 3957 coepisti
1744 3893 1981 3956 pergas
2025 3872 2171 3937 eius

217 3958 479 4041 gloriam
526 3981 820 4027 asserere
849 3967 917 4027 et
949 3960 1262 4027 ecclesiae
1303 3960 1750 4037 autoritatem,
1786 3977 1871 4022 66
1906 3957 2172 4040 penitus

218 4064 253 4108 a
290 4048 594 4130 tyrannis
636 4047 1066 4130 opprimatur.
1146 4045 1333 4111 Vale.
1413 4046 1815 4110 Lausannae
1866 4048 1961 4109 10.
2002 4041 2170 4126 Sep-

217 4133 477 4198 tembris
524 4136 710 4197 1553.

1193 4217 1376 4282 Tuus
1418 4216 1662 4282 Petrus
1705 4213 1995 4280 Viretus.

218 4492 382 4548 1795.
408 4493 466 4558 1)
505 4491 664 4546 Haec
699 4490 777 4545 ad
809 4491 1083 4560 negotium
1120 4489 1431 4545 Bertellerio‘
1463 4494 1727 4559 spectant.

414 4563 478 4763 ἒξ
505 4559 605 4753 ξι·
627 4559 804 4751 ,11Ξέ
843 4628 1096 4684 omae
1126 4626 1324 4683 aderat
1356 4629 1419 4683 (η
1453 4626 1648 4681 maiis
1682 4627 1807 4682 mes
1841 4626 2036 4685 aubia.

415 4769 476 4834 5)
518 4767 592 4821 N.
629 4764 782 4820 1794.

418 4838 479 4903 6)
517 4836 675 4892 Haec
708 4834 896 4891 omnia
930 4834 1250 4889 accuratius
1283 4833 1347 4888 in
1358 4832 1519 4889 Actis
1539 4835 1774 4890 Senatus
1808 4832 2085 4902 descripta
2117 4833 2179 4887 in

224 4907 445 4963 annales
480 4911 702 4961 nostros
737 4903 1017 4973 sicillatim
1051 4902 1363 4967 refermus.
1632 4944 1641 4951 .

994 5165 1396 5178 ,.-—-—-.-——--.

4108 441 4234 503 618

3155 613 3348 688 1796.

2465 766 2824 833 OALV1N
2866 769 2929 832 A
2975 769 3164 836 UNE
3210 768 3481 836 DAME
3527 772 3945 840 OAPTIVE.
3977 778 4028 853 ι)

2439 937 2649 1004 Ledo-e
2690 938 2766 1003 de
2806 940 3200 1006 consolation.

2265 1106 2372 1175 (Co
2415 1109 2493 1161 ies
2530 1108 2674 1162 Bibl.
2711 1108 2780 1162 de
2816 1107 3054 1162 Geneve.
3093 1109 3221 1164 Vol.
3257 1109 3374 1178 107,
3405 1112 3498 1165 fol.
3533 1111 3620 1168 46.
3694 1114 3820 1170 Vol.
3859 1115 3974 1183 109,
4017 1118 4106 1170 fol.
4141 1117 4240 1172 46.

2268 1180 2383 1230 Arc
2422 1178 2539 1231 iven
2576 1177 2644 1229 de
2684 1178 2861 1231 Berne
2897 1177 2984 1231 VI.
3023 1177 3128 1232 316
3183 1179 3383 1233 Simler
3419 1181 3544 1235 Vol.
3580 1180 3665 1235 80.
3716 1211 3777 1221 -
3817 1184 4000 1254 Hem-y
4035 1186 4106 1239 ΙΙ.
4141 1185 4227 1240 85.

2352 1246 2570 1299 annuat
2604 1247 2668 1300 v.
2705 1243 2825 1315 543,
2862 1247 3082 1300 Bonnet
3117 1222 3294 1301 Lem.
3330 1248 3396 1301 fr.
3434 1248 3474 1302 1.
3510 1248 3630 1303 405.
3702 1251 3860 1320 Angl.
3895 1253 3963 1305 11.
4000 1253 4147 1323 412.)

2440 1415 2558 1480 Ma
2612 1413 3011 1482 Damoiselle
3071 1425 3138 1483 et
3199 1418 3526 1484 treschere
3571 1440 3754 1500 seur,
3815 1421 3861 1486 il
3919 1445 4025 1489 me
4077 1422 4235 1491 faict

2266 1501 2420 1566 bien
2475 1500 2607 1565 mal
2665 1501 2746 1567 de
2804 1502 3146 1568 laffliction
3191 1524 3279 1568 ou
3322 1526 3488 1569 vous
3547 1514 3747 1585 estes,
3806 1529 3940 1573 uon
4004 1509 4237 1576 666116-

2266 1593 2454 1652 16666
2496 1606 2740 1668 pource
2783 1608 2909 1669 que
2953 1589 3048 1653 les
3092 1589 3324 1656 enfans
3369 1591 3450 1654 de
3494 1588 3672 1655 Dieu
3730 1590 4040 1660 doibvent
4083 1616 4233 1678 por-

2269 1682 2371 1737 ter
2412 1671 2513 1736 les
2555 1671 2911 1738 fascheries
2953 1673 3052 1738 les
3095 1694 3225 1739 uns
3270 1675 3385 1740 des
3421 1675 3688 1753 aultres,
3733 1680 3900 1743 mais
3931 1678 4236 1746 daultant

2265 1778 2393 1840 que
2436 1756 2504 1822 la
2546 1778 2743 1823 cause
2786 1778 2954 1841 pour
2996 1758 3278 1841 laquelle
3314 1781 3479 1826 vous
3524 1760 3805 1827 endurez
3850 1773 4022 1830 mest
4056 1786 4232 1832 com-

2266 1863 2469 1907 mune
2515 1863 2674 1909 avec
2719 1864 2899 1909 vous.
2988 1844 3142 1923 Oar,
3202 1868 3242 1909 a
3285 1866 3358 1910 ce
3418 1867 3544 1928 que
3586 1847 3845 1914 ientens
3865 1899 3882 1927 ,
3939 1870 4025 1914 66
4069 1871 4232 1916 vous

2267 1928 2490 2012 afflige
2534 1937 2603 1993 et
2645 1950 2813 1995 vous
2854 1930 3025 1995 tient
3080 1950 3165 1994 66
3221 1952 3473 1996 comme
3532 1934 3792 2016 captive
3836 1955 4002 2017 pour
4044 1935 4236 2000 avoir

2265 2013 2499 2079 voullu
2542 2034 2790 2098 suyvre
2832 2014 3022 2082 Iesus
3046 2013 3292 2093 Christ.
3361 2017 3751 2101 Oependant
3784 2040 3949 2085 vous
3995 2041 4156 2085 avez
4195 2040 4237 2085 a

2267 2119 2435 2165 vous
2472 2100 2752 2165 resiouir
2786 2120 2954 2182 pour
2988 2101 3051 2166 le
3084 2101 3215 2166 bon
3241 2102 3693 2187 tesmoignage
3715 2124 3843 2187 que
3878 2125 4044 2170 vous
4066 2104 4235 2171 rend

2267 2194 2496 2251 vostre
2540 2187 2918 2252 conscience
2964 2186 3212 2252 devant
3254 2186 3451 2253 Dieu.
3541 2188 3700 2255 Oest
3754 2210 3879 2272 que
3935 2209 4104 2255 vous
4148 2211 4236 2257 ne

2270 2270 2551 2335 souffrez
2596 2273 2784 2354 point
2825 2291 2990 2354 pour
3031 2293 3150 2338 voz
3193 2273 3552 2352 malefices,
3607 2274 3773 2339 mais
3825 2296 4066 2357 pource
4109 2297 4239 2359 que

2268 2354 2532 2422 Sathan
2577 2377 2663 2421 ne
2705 2358 2891 2440 peult
2933 2359 3201 2423 souffrir
3244 2380 3370 2441 que
3418 2381 3579 2426 vous
3624 2360 3861 2425 sortiez
3906 2360 4021 2426 des
4064 2360 4235 2428 liens

2271 2440 2351 2506 de
2396 2441 2462 2505 la
2504 2442 2839 2507 servitude
2898 2463 2981 2507 en
3036 2442 3319 2526 laquelle
3373 2466 3540 2510 vous
3601 2466 3758 2510 avez
3803 2445 4054 2530 languy
4098 2447 4236 2512 ius-

2270 2547 2432 2610 ques
2476 2529 2600 2611 icy.
2687 2526 3080 2611 Oependant
3136 2551 3302 2595 vous
3363 2548 3520 2594 avez
3577 2551 3618 2594 6
3675 2532 3996 2613 invoquer
4039 2532 4235 2610 Dieu,

2269 2611 2332 2677 le
2368 2611 2593 2695 priant
2635 2613 2774 2696 quil
2809 2612 2927 2697 luy
2962 2614 3167 2697 plaise
3202 2615 3387 2682 avoir
3418 2615 3578 2697 pitie
3619 2614 3699 2681 de
3737 2637 3920 2695 vous,
3966 2624 4034 2682 et
4077 2638 4239 2683 vous

2271 2707 2584 2763 remettre
2641 2697 2730 2763 du
2787 2706 2934 2763 tout
2986 2719 3073 2764 en
3131 2721 3205 2764 66
3260 2700 3439 2765 main
3457 2751 3473 2779 ,
3539 2722 3708 2785 pour
3765 2722 4029 2784 esperer
4086 2702 4241 2768 telle

2271 2783 2648 2850 delivrance
2689 2784 2828 2867 quil
2870 2784 2990 2868 luy
3033 2785 3246 2868 plaira
3289 2784 3370 2850 de
3416 2805 3580 2851 vous
3621 2787 3905 2852 envoier.
3996 2788 4238 2852 Toute-

2268 2870 2392 2935 fois
2434 2869 2517 2933 sil
2561 2891 2609 2953 y
2653 2872 2832 2935 avoit
2874 2869 3139 2936 remede
3182 2870 3312 2935 bon
3349 2877 3417 2938 et
3452 2871 3634 2938 licite
3677 2893 3844 2955 pour
3878 2871 4241 2956 eschapper

2272 2954 2387 3020 des
2430 2955 2648 3020 mains
2705 2953 2785 3019 (16
2833 2955 3026 3040 celuy
3081 2955 3194 3039 qui
3253 2978 3415 3022 vous
3476 2958 3677 3035 tient,
3734 2957 3781 3021 il
3825 2955 4083 3022 fauldra
4127 2957 4240 3022 de-

2267 3039 2546 3105 mander
2595 3039 2840 3106 conseil
2904 3062 2944 3105 a
2987 3042 3162 3107 Dieu
3183 3093 3197 3119 ,
3259 3042 3419 3107 affin
3468 3064 3595 3126 que
3655 3064 3776 3125 par
3834 3064 3954 3108 son
4005 3043 4241 3124 Esprit

2268 3125 2317 3190 il
2362 3146 2530 3191 vous
2575 3127 2887 3211 enseigue
2943 3126 3072 3191 den
3116 3127 3269 3192 bien
3315 3148 3487 3193 user.
3577 3128 3832 3193 Pource
3876 3149 4004 3210 que
4046 3128 4108 3191 ie
4152 3148 4239 3192 ne

2271 3211 2411 3277 suis
2456 3232 2576 3295 pas
2619 3213 2901 3277 informe
2957 3210 3045 3277 du
3101 3213 3285 3291 faict,
3349 3234 3635 3280 mesmes
3691 3234 3818 3295 que
3860 3214 3924 3278 ie
3963 3233 4047 3277 ne
4092 3233 4244 3278 con-

2271 3298 2466 3382 gnois
2529 3319 2616 3362 66
2681 3304 2902 3363 vostre
2965 3318 3292 3381 personne
3358 3320 3442 3363 ne
3510 3309 3735 3365 vostre
3792 3298 4066 3381 qualite,
4132 3299 4242 3363 166

2272 3383 2563 3467 escriray
2626 3383 2810 3448 selon
2868 3381 2932 3446 le
2988 3392 3262 3467 rapport
3318 3382 3434 3448 des
3492 3384 4036 3469 gentilzhommes
4093 3404 4244 3465 pre—

2273 3488 2426 3534 sens
2470 3475 2788 3551 porteurS.
2878 3468 2975 3532 Ilz
3031 3478 3218 3533 mont
3278 3469 3443 3548 dict,
3503 3490 3757 3535 comme
3817 3489 3985 3534 vous
4044 3470 4242 3533 estiez

2275 3575 2359 3619 66
2404 3554 2581 3618 train
2634 3553 2716 3618 de
2760 3555 2955 3620 venir
2998 3575 3118 3638 par
3162 3554 3352 3635 deca,
3407 3556 3592 3622 voire
3651 3576 3897 3620 mesme
3958 3576 4042 3619 66
4086 3554 4244 3617 6116-

2275 3640 2433 3718 min,
2481 3660 2606 3722 que
2649 3639 2715 3703 la
2758 3640 2956 3705 chose
3000 3647 3224 3705 estant
3268 3638 3712 3720 descouverte,
3746 3639 4025 3724 quelque
4059 3659 4245 3722 pres-

2276 3734 2397 3803 tre,
2444 3725 2558 3808 qui
2602 3733 2709 3788 est
2753 3724 2834 3790 de
2880 3744 2999 3789 voz
3053 3745 3327 3808 parens,
3394 3747 3559 3791 vous
3619 3747 3659 3790 6
3716 3727 3908 3791 661616
3967 3730 4033 3791 66
4077 3744 4247 3789 vous

2278 3812 2447 3875 tient
2491 3830 2742 3875 comme
2779 3829 2862 3873 66
2906 3811 3154 3895 prison,
3203 3810 3366 3875 dont
3407 3811 3457 3875 il
3499 3834 3593 3896 ny
3639 3832 3679 3875 a
3722 3810 3944 3875 moien
3988 3809 4068 3875 de
4114 3830 4250 3875 sor-

2279 3897 2368 3961 tir
2423 3916 2552 3978 que
2606 3916 2775 3962 vous
2833 3917 2916 3961 ne
2980 3897 3179 3962 faciez
3238 3896 3566 3962 semblant
3622 3895 3923 3962 dhabiter
3975 3916 4249 3961 encores

2278 3982 2566 4066 quelque
2605 4001 2739 4064 peu
2783 3980 2865 4045 de
2910 3990 3123 4065 temps
3166 4002 3289 4065 par
3333 3981 3501 4047 dela.
3591 3980 3691 4047 Or
3736 3981 3782 4046 il
3827 3994 4121 4064 promect
4164 3980 4247 4044 de

2280 4088 2444 4134 vous
2483 4067 2718 4131 retirer
2776 4088 2858 4131 en
2917 4067 3062 4133 leur
3118 4069 3374 4133 maison
3432 4088 3519 4134 ou
3561 4088 3728 4132 vous
3772 4088 3968 4132 aurez
4012 4068 4253 4153 liberte,

2280 4151 2360 4219 de
2405 4151 2621 4218 servir
2661 4162 3012 4236 purement
3046 4173 3085 4217 a
3105 4154 3300 4233 Dieu,
3345 4175 3499 4219 sans
3535 4173 3699 4218 vous
3733 4152 3976 4218 mesler
4010 4172 4249 4235 parmy

2278 4239 2375 4303 les
2432 4236 2772 4304 idolatries
2834 4238 2947 4321 qui
3007 4246 3291 4323 regnent
3356 4260 3441 4305 au
3504 4259 3688 4324 pays.
3799 4239 4068 4304 Devant
4123 4258 4249 4320 que

2280 4344 2447 4390 vous
2491 4323 2746 4389 donner
2788 4323 3034 4389 conseil
3069 4323 3133 4389 la
3170 4323 3418 4402 dessus,
3465 4324 3524 4387 ie
3568 4330 3859 4406 proteste
3894 4345 4022 4406 que
4067 4323 4129 4388 ie
4163 4343 4248 4386 ne

2279 4409 2616 4475 vouldrois
2651 4408 3020 4475 nullement
3054 4430 3221 4475 vous
3258 4409 3512 4475 donner
3545 4410 3844 4475 occasion
3881 4408 3963 4475 de
3997 4407 4246 4485 flechir,
4359 4419 4373 4428 ‘

2281 4517 2366 4561 ou
2431 4495 2751 4561 chercher
2816 4495 3094 4578 quelque
3160 4496 3307 4561 voie
3372 4494 3634 4578 oblique
3709 4496 3823 4577 qui
3884 4496 4018 4560 fust
4082 4513 4252 4575 pour

2285 4601 2448 4647 vous
2493 4581 2880 4647 destourner
2917 4579 3006 4645 du
3051 4580 3222 4645 droit
3266 4580 3548 4662 chemin,
3604 4579 3820 4663 lequel
3864 4579 4039 4644 Dieu
4085 4598 4249 4643 vous

2286 4870 2547 4938 17961)
2586 4870 2681 4924 En
2714 4876 2839 4926 note
2892 4870 2959 4924 de
3009 4874 3068 4926 la
3117 4873 3268 4924 main
3319 4869 3387 4924 de
3440 4869 3666 4925 Chai-les
3713 4868 3780 4924 de
3825 4867 4150 4922 Jonvillers:
4204 4867 4254 4921 Il

2288 4942 2512 4994 escrivit
2559 4950 2702 4993 ceste
2745 4941 2910 4993 lettre
2963 4938 2997 4992 a
3050 4957 3157 4993 une
3209 4940 3389 4995 bonne
3447 4939 3764 4992 damoiselle
3812 4937 4045 5005 laquelle
4092 4936 4131 4988 il
4179 4954 4251 4991 ne

2289 5010 2669 5078 conguoissoit,
2708 5009 2802 5077 qui
2838 5014 3020 5062 estant
3044 5026 3113 5062 en
3148 5006 3360 5061 chemin
3385 5024 3526 5076 pour
3563 5008 3720 5060 venir
3744 5006 3776 5058 a
3797 5005 4040 5058 Genesve
4061 5004 4146 5057 sut
4167 5023 4252 5058 ar-

2288 5086 2466 5131 restee
2503 5096 2605 5147 par
2640 5095 2711 5129 un
2748 5078 2865 5131 sien
2902 5088 3119 5147 parent,
3172 5077 3353 5145 lequel
3400 5094 3468 5128 66
3505 5077 3556 5128 16
3605 5075 3812 5129 vouloit
3859 5075 4014 5139 point
4061 5073 4253 5127 laisser

2290 5164 2355 5199 en
2415 5164 2477 5199 sa
2533 5147 2742 5200 liberte.
2825 5148 2980 5200 Deux
3028 5148 3124 5200 des
3183 5146 3359 5198 freres
3407 5143 3615 5197 d'icelle
3665 5143 3920 5196 vindrent
3972 5144 4058 5211 icy
4112 5159 4253 5211 pour

2289 5215 2445 5268 avoir
2492 5232 2580 5268 ces
2626 5217 2834 5268 lettres.
2909 5216 3049 5269 Mais
3097 5217 3382 5283 craignant
3423 5212 3578 5281 qu'ilz
3625 5214 3706 5267 les
3753 5212 4173 5265 demandassent
4218 5211 4252 5264 6

2289 5286 2411 5337 1661·
2446 5289 2730 5353 avantage,
2769 5292 2826 5336 et
2871 5301 3011 5353 pour
3057 5285 3175 5337 leur
3224 5300 3292 5337 66
3329 5283 3504 5335 servir
3539 5299 3607 5334 au
3643 5282 3927 5350 dommage
3964 5281 4032 5333 de
4068 5280 4122 5332 la
4157 5280 4251 5335 da·

2291 5353 2554 5416 moiselle‚
2589 5353 2630 5405 il
2667 5352 2928 5406 l'escrivit
2962 5362 3018 5406 et
3055 5370 3154 5406 usa
3187 5352 3257 5407 de
3293 5369 3355 5405 ce
3390 5351 3536 5404 stille
3572 5356 3726 5404 toute
3764 5355 4193 5419 expressement.
