4900 6167
260 451 369 511 457

1118 635 1306 706 1⁶⁹5.

669 771 1232 841 BLAURERUS
1273 772 1707 842 OALVINO.

414 942 2179 1029 Postmnumdeepisaeolienuperuztrooitroque

253 1029 2177 1115 mmmmmdepzomndoconstmioeadeoque

274 1117 310 1182 9
531 1115 748 1182 'w‘
893 1120 1031 1192 Η,
1345 1117 1672 1201 Vmpiis
1889 1118 2003 1183 Η.

251 1220 560 1283 messe
600 1201 794 1269 credit
836 1201 967 1266 nisi
1016 1221 1175 1283 quae
1224 1202 1297 1266 in
1340 1202 1577 1269 coelesti
1631 1223 1816 1289 rayno
1854 1204 2177 1285 promissa

250 1289 330 1351 iis
366 1293 741 1353 asserum.
834 1283 1083 1353 Caluini
1137 1286 1374 1354 labores
1435 1291 1764 1373 eoeeyeticos
1813 1309 2177 1374 mayaopere

559 1544 672 1606 (Ex
707 1544 1046 1615 autographo
1080 1543 1208 1599 cod.
1244 1543 1379 1598 Gen.
1419 1544 1538 1613 110,
1574 1544 1667 1599 fol.
1705 1544 1849 1611 140.)

402 1716 682 1783 Summo
717 1718 844 1784 Dei
889 1717 1032 1782 viro
1073 1717 1691 1802 incomparabilique
1727 1716 2027 1802 theologo
2066 1716 2173 1782 Io-

242 1800 687 1902 anni-Calvino
721 1803 913 1868 fratri
948 1822 1068 1868 suo
1107 1823 1259 1869 cum
1295 1803 1522 1887 primis
1566 1800 1936 1870 venerando
1980 1802 2174 1888 louge

240 1909 520 1954 omnium
566 1890 900 1955 carissimo

1660 1975 1989 2043 Genevae.

397 2110 707 2178 Salutem
771 2113 842 2177 in
912 2110 1122 2178 solida
1176 2111 1385 2179 salute
1435 2119 1660 2178 nostra
1717 2111 1987 2179 Christo
2055 2112 2172 2196 qui

239 2195 343 2261 u’bi
386 2204 673 2281 tuaeque
729 2197 954 2264 domui
1002 2198 1292 2264 ineuntis
1347 2198 1503 2264 anni
1559 2198 1716 2264 felix
1752 2198 2170 2283 faustumque

239 2284 592 2367 auspicium
625 2281 963 2368 largiatur.
1029 2286 1264 2350 Amen.
1331 2284 1595 2350 Literas
1786 2286 1839 2367 ¹)
1873 2284 2170 2350 omnium

237 2368 417 2453 longe
487 2368 898 2453 gratissimas
969 2369 1063 2453 iiij
1119 2368 1388 2436 Galend.
1444 2370 1509 2435 D
1693 2368 1829 2437 bris
1886 2369 2170 2435 Ioannes

235 2452 306 2518 ab
359 2453 647 2539 Uluti-9²)
819 2454 834 2470 ⁸
912 2455 925 2470 ⁰
999 2475 1078 2519 us
1134 2456 1357 2521 affinis
1409 2476 1596 2522 meus
1649 2476 1733 2521 ex
1775 2454 2024 2542 Anglia
2064 2476 2169 2522 re-

235 2559 459 2606 versus
503 2539 676 2606 bona
729 2539 893 2605 mihi
953 2540 1080 2606 fide
1134 2539 1448 2619 reddidit,
1504 2561 1671 2624 quae
1729 2562 1866 2607 non
1919 2539 2167 2620 credas,

235 2626 315 2690 mi
358 2628 466 2692 vir
506 2624 639 2692 Dei
682 2626 955 2692 simulac
1000 2626 1370 2692 venerande
1413 2627 1484 2691 in
1527 2626 1682 2693 Iesu
1726 2626 1992 2693 Christo
2033 2626 2167 2693 fira-

236 2721 342 2791 ter,
375 2731 576 2794 quam
597 2727 911 2779 cunctum
944 2733 1052 2777 me
1085 2711 1536 2791 exhilararint,
1575 2733 1706 2778 non
1728 2720 1866 2779 tam
1902 2721 2169 2796 propter

236 2807 687 2882 argumentum
721 2797 869 2882 plus
904 2799 1064 2864 satis
1097 2797 1389 2882 profecto
1422 2798 1719 2885 lugubre,
1764 2818 1958 2882 quam
1995 2797 2166 2883 quod

234 2889 293 2947 et
330 2883 582 2967 primae
624 2904 787 2966 quas
831 2882 948 2949 abs
991 2892 1056 2949 te
1099 2883 1318 2968 accepi
1375 2890 1441 2950 et
1493 2906 1629 2950 non
1674 2884 1964 2970 vulgaris
2007 2905 2168 2969 erga

232 2988 326 3035 me
376 2968 623 3036 amoris
683 2969 779 3034 tui
833 2978 1033 3035 testes
1096 2969 1381 3036 fuerunt.
1484 2970 1799 3037 servator
1855 2969 2165 3037 Christus

231 3062 288 3119 te
328 3062 606 3140 tuosque
651 3063 991 3120 aeternum
1037 3053 1270 3140 diligat
1313 3055 1520 3141 deque
1560 3054 1953 3123 inexhausto
1996 3053 2164 3120 divi-

232 3140 459 3206 tiarum
505 3160 779 3206 suarum
837 3141 1058 3242 copiae
1099 3162 1302 3207 cornu
1348 3146 1414 3207 in
1459 3142 1720 3209 afflictis
1764 3141 1925 3209 adeo
1967 3141 2163 3241 rebus

231 3245 564 3410 33:2¹3?
592 3246 763 3395 {²53⁶
782 3224 2163 3396 ‘32201333302533‘12033502122'3333

231 3398 465 3464 invisit.
490 3398 545 3484 ⁸)
647 3397 1058 3483 Scripseram
1117 3397 1199 3464 ad
1266 3419 1416 3464 eum
1483 3420 1613 3465 nou
1683 3398 1845 3466 adeo
1904 3396 2161 3482 pridem

230 3493 367 3549 ante
410 3491 713 3567 acceptas
755 3491 904 3552 tuas
945 3484 1189 3561 literas,
1234 3483 1349 3550 sed
1391 3483 1564 3550 nihil
1597 3484 1711 3550 ille
1742 3506 2013 3569 prorsus
2056 3485 2162 3550 in-

229 3576 395 3635 terea
489 3569 573 3635 ad
666 3590 801 3647 me,
896 3577 973 3635 ut
1061 3591 1291 3636 verear
1381 3591 1466 3636 ne
1554 3572 1722 3636 forte
1811 3591 1946 3637 non
2028 3572 2164 3636 sint

229 3651 313 3717 illi
364 3653 664 3721 redditae
679 3708 693 3730 ‚
767 3662 835 3721 et
905 3655 1215 3722 Vozmarii
1272 3657 1513 3724 veteris
1567 3657 1761 3724 amici
1777 3661 1838 3738 ⁴)
1907 3657 2040 3722 mei
2094 3662 2164 3722 et

230 3759 399 3807 meae
421 3740 654 3806 literae
677 3741 810 3807 illis
853 3743 1262 3809 coniunctae:
1309 3761 1702 3826 quamquam
1735 3742 1905 3809 nihil
1939 3741 2163 3808 damni

231 3825 370 3891 fecit
438 3828 497 3891 si
563 3848 740 3892 meas
797 3848 927 3894 non
987 3828 1264 3910 accepit,
1332 3826 1688 3911 plurimum
1747 3828 2045 3895 fortassis
2102 3828 2162 3893 si

230 3909 397 3978 illius
441 3933 668 3979 carere
701 3922 1013 3997 oporteat,
1081 3914 1257 3980 Tuas
1301 3934 1455 3979 vero
1488 3912 1701 3980 Besae
1741 3914 1939 3982 inscri
1984 3915 2160 3997 tas⁸)

231 3996 508 4066 studioso
551 3998 807 4066 cuidam
845 3997 1244 4066 adulescenti
1303 4000 1416 4083 qui
1460 4000 1821 4067 Lausanna
1965 4002 2163 4066 mium

228 4102 432 4150 meum
475 4083 608 4151 huc
651 4105 728 4151 us
772 4106 857 4151 ue
894 4085 1240 4151 comitatus
1274 4094 1392 4165 est,
1435 4105 1593 4151 mox
1634 4085 1795 4154 illuc
1838 4107 2160 4160 reversus,

387 4179 461 4237 ta
501 4171 685 4254 potui
779 4170 1077 4255 'ligentia
1118 4180 1193 4236 ut
1237 4169 1444 4238 Besae
1485 4170 1790 4237 redderet
1831 4193 2160 4239 commen-

226 4187 393 4337 Ἐξ,
456 4276 579 4322 nec
635 4256 991 4341 quidquam
1056 4256 1368 4323 addubito
1432 4258 1593 4341 quin
1634 4257 1877 4324 fecerit.
1966 4255 2160 4339 Quod

228 4544 887 4698 1896’1Ξ)).11νὸ.1ᾳθὺ74’01ῥ,
923 4630 969 4671 ε.
1012 4614 1223 4680 mum,
1264 4615 1741 4697 Moesiam&
1770 4614 1870 4672 sed
1900 4620 2161 4699 etr-aeneo·

345 4754 358 4766 ⁶
501 4699 728 4740 aueum
769 4683 1075 4767 omndqoe,
1125 4686 1531 4742 Blauto-erem
1575 4686 1798 4768 alffius,
1843 4684 2161 4756 Bullmym

229 4825 274 4902 ς
450 4752 791 4904 173ρῖῑέΞέ
803 4753 1056 4879 nodam
1122 4770 1225 4880 ’ἐκ
1387 4755 1681 4881 uamnffuoe
1715 4823 1940 4880 Genava
1970 4770 2159 4880 tram?

230 4895 288 4945 at
323 4892 585 4948 Τυηαιηι
611 4896 822 4962 pam.
893 4892 1113 4949 Multae
1145 4909 1266 4949 em
1405 4893 1792 4962 naamam
1822 4894 1977 4961 tuere
2008 4907 2156 4962 epu-

1947 452 2103 515 1553
2149 448 2517 517 IANUAR.

4077 454 4206 516 458

2277 638 2525 722 patriae
2569 644 2716 703 tuae
2759 646 3088 722 superstes
3131 639 3319 718 vivis,
3339 639 3396 721 ⁶)
3438 637 3635 722 idque
3677 645 3812 704 tam
3855 636 4205 723 deploratis

2278 722 2665 802 rationibus,
2729 743 2848 807 ego
2903 731 3088 790 tuam
3145 733 3214 790 et
3268 723 3445 791 illius
3502 723 3713 790 vicem
3766 725 3916 791 totis
3970 725 4211 791 animis

2279 807 2493 889 dolen,
2550 810 2690 893 ipse
2733 808 2997 874 interim
3041 829 3175 875 non
3230 809 3423 893 paulo
3479 809 3799 876 infelicior
3814 861 3831 890 ,
3876 810 3986 895 qui
4025 831 4222 894 meae,

2276 894 2531 979 patriae
2564 914 2731 978 quae
2768 893 2999 962 vivens
3033 896 3389 961 etiamnum
3425 905 3687 961 mortua
3719 905 3839 975 est,
3873 905 4205 979 superstes

2277 982 2455 1046 vivo.
2541 977 2655 1046 Sic
2713 979 2889 1044 euim
2944 979 3061 1046 illa
3102 977 3569 1046 exsecrandum
3623 980 3694 1046 in
3737 979 3999 1047 modum
4043 980 4206 1047 deli-

2275 1066 2498 1144 tiatur,
2542 1064 2637 1132 sic
2677 1085 2757 1131 su
2840 1065 3266 1143 rstitionibus‚
3312 1074 3686 1149 contemptu
3722 1064 3988 1146 Christi,
4033 1087 4209 1133 scor-

2277 1150 2650 1230 tationibus,
2696 1172 2735 1215 a
2780 1150 3048 1228 ulteriis,
3104 1152 3340 1230 usuris,
3401 1151 3579 1229 luxu,
3635 1160 4208 1235 quantumcunque

2277 1236 2500 1302 ferunt
2541 1235 2882 1302 facultates
2898 1288 2914 1315 ,
2954 1237 3405 1321 blasphemiis,
3468 1235 3640 1317 alea,
3701 1240 4093 1320 caeterisque
4134 1236 4207 1303 id

2276 1342 2483 1408 genus
2525 1342 2658 1387 non
2699 1321 2984 1387 ferendis
3026 1322 3611 1388 abominationibus
3652 1322 3913 1403 insanit,
3959 1332 4032 1388 ut
4069 1344 4209 1388 om-

2278 1427 2430 1473 nem
2474 1408 2763 1473 omnium
2818 1407 3225 1493 flagellorum
3267 1405 3539 1473 Domini
3589 1428 3856 1474 sensum
3916 1409 4208 1476 amisisse

2275 1490 2607 1571 videatur,
2669 1493 2907 1577 vixque
2961 1493 3343 1578 paucissimi
3401 1493 3635 1579 reliqui
3692 1495 3827 1560 sint
3867 1494 3980 1578 qui
4023 1503 4209 1560 tanto

2277 1598 2348 1644 se
2391 1580 2596 1644 furori
2654 1586 2985 1662 opponant
3000 1631 3017 1660 ,
3074 1599 3354 1663 quorum
3408 1587 3630 1645 tamen
3674 1579 3885 1664 gratia
3927 1579 4211 1664 compel-

2273 1663 2471 1730 lenda
2526 1663 2739 1731 adhuc
2795 1664 2959 1729 mihi
3031 1663 3287 1730 videtur
3345 1665 3602 1732 divina·
3636 1665 4040 1750 benignitas,
4111 1665 4212 1731 uti

2275 1748 2540 1816 illorum
2586 1749 2862 1817 vinculis
2904 1748 3244 1817 subveniat
3302 1758 3417 1816 aut
3470 1758 3644 1817 certe
3688 1758 3762 1817 ut
3804 1752 4021 1817 firmet
4062 1750 4211 1816 illo-

2277 1855 2425 1901 rum
2470 1837 2737 1916 animos,
2781 1856 2906 1919 quo
2942 1837 3193 1902 ratione
3226 1834 3490 1903 tandem
3535 1835 3754 1921 aliqua
3798 1836 4048 1921 potenti
4091 1857 4212 1902 sua

2274 1941 2475 1987 manu
2496 1921 2688 1988 malis
2730 1922 2875 1989 istis
2910 1942 3105 2005 quam
3144 1923 3430 2005 primum
3464 1923 3873 1988 eximantur:
3915 1921 4211 2007 quando-

2274 2006 2536 2092 quidem
2561 2005 2642 2073 de
2663 2007 2823 2073 urbe
2852 2009 2997 2091 ipsa
3017 2006 3282 2074 Christo
3303 2007 3710 2074 restituenda
3753 2029 3835 2073 ne
3879 2007 4211 2074 tantillum

2273 2090 2535 2177 quidem
2560 2093 2699 2178 spei
2720 2092 2845 2159 reli
2887 2114 3043 2159 uum
3066 2091 3231 2158 mihi
3251 2094 3407 2159 facit
3427 2090 3824 2161 incredibilis
3846 2085 3973 2160 ista
3995 2105 4061 2158 et
4105 2093 4211 2159 cui

2272 2177 2388 2243 vix
2408 2176 2761 2263 quidquam
2879 2178 2944 2244 di
2965 2179 3187 2264 possit,
3233 2179 3300 2244 in
3335 2198 3531 2262 quam
3552 2179 3764 2264 magis
3783 2185 3977 2263 atque
3999 2180 4209 2263 magis

2272 2261 2615 2343 delabitur,
2661 2265 2752 2330 im
2798 2266 2977 2331 ictas.
3059 2262 3264 2331 Cuius
3306 2265 3506 2330 etiam
3556 2273 3800 2330 statum
3844 2271 4036 2349 atque
4080 2263 4204 2328 mi-

2272 2349 2512 2415 seriam
2557 2349 2779 2416 audivi
2798 2402 2813 2429 ,
2871 2349 3243 2418 venerande
3292 2347 3563 2426 Calvino,
3609 2358 3684 2416 ut
3726 2370 3933 2434 nuper
3977 2350 4207 2416 adum-

2269 2435 2481 2502 brarit
2512 2436 2674 2503 civis
2708 2435 3043 2503 cuiusdam
3066 2456 3250 2513 uxor,
3288 2455 3451 2520 quae
3474 2444 3732 2503 uterum
3755 2436 3972 2502 ferens
4007 2455 4210 2519 quum

2270 2521 2547 2587 sentiret
2613 2522 3133 2588 vehementiores
3200 2522 3387 2606 pueri
3465 2523 3536 2587 in
3607 2529 3791 2587 utero
3862 2520 4212 2607 singultus,

2270 2627 2653 2692 germanam
2697 2628 2985 2674 sororem
3030 2627 3223 2691 quam
3269 2615 3410 2672 tum
3452 2607 3618 2673 forte
3652 2627 3870 2674 secum
3908 2606 4208 2683 habebat,

2269 2692 2409 2758 eius
2451 2694 2548 2759 rei
2589 2692 2957 2773 admonuit,
3002 2715 3167 2778 quae
3210 2714 3363 2758 mox
3408 2694 3726 2759 infantem
3771 2715 3812 2759 v
3901 2694 3914 2708 '
4036 2691 4212 2758 mul-

2270 2785 2543 2862 tumque
2600 2778 2779 2846 velut
2835 2778 3184 2845 lamentari
3239 2778 3597 2845 clarissime
3662 2777 3927 2845 audivit.
4016 2775 4214 2860 Quod

2270 2861 2427 2948 quid
2469 2872 2661 2949 putas
2702 2865 2879 2931 aliud
2913 2864 3245 2948 portendit
3278 2885 3475 2948 quam
3513 2865 3763 2948 pat-riae
3798 2885 3982 2930 meae
4017 2863 4211 2948 longe

2267 2950 2562 3015 omnium
2605 2949 3085 3019 infelicissimae
3128 2950 3340 3016 multo
3376 2949 3698 3035 graviora,
3787 2971 3939 3015 uam
3984 2949 4208 3016 hacte-

2266 3056 2391 3101 nus
2447 3056 2753 3121 perpessa
2810 3045 2941 3115 est,
2999 3037 3172 3102 mala
3228 3033 3642 3120 impendere?
3806 3055 3929 3101 uae
3995 3035 4214 3100 omnia

2266 3121 2519 3205 quoties
2590 3120 2933 3207 diligenter
2996 3143 3250 3189 mecum
3316 3119 3616 3205 expendo
3631 3171 3647 3198 ,
3713 3120 3891 3187 varie
3959 3141 4033 3186 ac
4083 3120 4209 3185 mi-

2265 3228 2414 3273 rum
2459 3208 2531 3273 in
2564 3208 2829 3274 modum
2886 3208 3145 3274 afficior.
3229 3205 3366 3274 Sed
3421 3227 3553 3273 non
3609 3213 3709 3273 est
3762 3227 3878 3272 cur
3935 3206 4063 3272 ista
4107 3227 4212 3271 re-

2265 3293 2590 3361 censendo
2671 3294 2820 3374 tibi,
2901 3293 3138 3379 alioqui
3218 3292 3370 3377 plus
3440 3292 3603 3359 satis
3671 3291 3910 3359 afflicto
3927 3344 3943 3371 ,
4029 3312 4210 3358 meas

2265 3399 2520 3465 quoque
2581 3379 2913 3447 molestias
2973 3379 3367 3447 obtrundere
3437 3377 3652 3445 debeo.
3756 3376 3939 3460 Quin
3991 3379 4211 3462 potius

2265 3465 2607 3531 coelestem
2652 3474 2906 3549 patrem
2949 3487 3068 3551 per
3110 3465 3452 3533 Christum
3494 3464 3704 3530 filium
3758 3463 4209 3530 communibus

2229 3551 2439 3616 .votis
2481 3551 2976 3636 interpellemus
3029 3561 3105 3618 ut
3158 3551 3494 3618 meliorem
3558 3571 3752 3634 seque
3816 3550 4026 3633 magis
4070 3547 4209 3633 dig-

2267 3657 2419 3702 nam
2477 3637 2893 3705 ecclesiarum
2950 3638 3181 3705 faciem
3249 3633 3598 3721 aliquando
3663 3633 4027 3714 videamus,
4094 3640 4208 3699 aut

2265 3743 2460 3807 quam
2503 3723 2789 3807 primum
2836 3746 2918 3789 ex
2959 3722 3542 3791 immedicabilibus
3584 3720 3728 3786 istis
3763 3719 3954 3785 malis
3998 3719 4210 3804 erepti

2265 3810 2336 3874 in
2379 3808 2797 3893 tranquillam
2835 3829 2912 3875 ac
2945 3830 3103 3876 vere
3144 3810 3402 3876 beatam
3442 3807 3728 3873 filiorum
3751 3804 3881 3870 Dei
3914 3807 4209 3889 requiem

2264 3895 2755 3963 transferamur.

2435 3981 2542 4048 De
2586 3980 2730 4048 aliis
2774 3980 3174 4048 Germaniae
3216 3987 3479 4045 nostrae
3513 3977 4059 4060 desperatissimis
4103 3998 4207 4043 re-

2268 4065 2391 4135 bus
2455 4087 2587 4133 non
2642 4066 2850 4132 habeo
2928 4066 3099 4150 quod
3166 4064 3444 4132 scribam
3500 4063 3628 4129 nisi
3692 4063 3863 4147 quod
3928 4069 4204 4130 cunctus

2268 4173 2462 4238 saepe
2504 4160 2734 4237 stupeo
2795 4151 2878 4218 ad
2934 4152 3293 4219 aestuarias
3351 4150 3548 4218 hasce
3604 4148 3780 4215 vices
3833 4156 3901 4214 et
3955 4149 4202 4215 subitas

2262 4237 2723 4322 mirandasque
2765 4259 2986 4304 rerum
3029 4236 3453 4316 mutationes,
3502 4233 3801 4320 quodque
3859 4235 4030 4301 hanc
4087 4254 4205 4299 na-

2262 4326 2543 4404 tionem,
2602 4330 2863 4409 praeter
2915 4331 3203 4390 caeteras
3259 4322 3382 4387 hoc
3438 4322 3732 4399 nomine,
3787 4319 3958 4404 quod
4017 4319 4208 4386 datae
4332 4327 4337 4334 “

2262 4410 2467 4478 semel
2511 4408 2661 4476 fidei
2705 4417 3021 4494 perpetuo
3064 4428 3338 4475 servans
3383 4417 3556 4473 esset
3569 4459 3584 4484 ,
3644 4407 3777 4472 iam
3836 4406 3994 4472 olim
4039 4407 4207 4473 cele-

2262 4495 2513 4562 bratam
2531 4546 2547 4575 ,
2603 4497 2699 4562 ita
2740 4517 2916 4562 nunc
2961 4493 3309 4579 depuduit,
3368 4502 3442 4558 ut
3487 4494 3685 4558 etiam
3726 4514 3844 4575 pro
3887 4491 4042 4559 ludo
4084 4490 4204 4556 ha-

2261 4583 2416 4648 bere
2460 4579 2765 4648 videatur
2800 4580 3166 4647 inauditam
3223 4599 3407 4646 suam
3462 4577 3806 4664 perfidiam
3820 4629 3838 4660 ,
3896 4576 4205 4663 periuria,

2260 4666 2691 4752 proditiones,
2736 4665 3025 4746 fraudes,
3081 4666 3337 4750 aliaque
3379 4661 3448 4729 id
3491 4685 3702 4765 genus
3741 4662 4016 4749 indigna
4058 4682 4206 4746 ger-

2261 4775 2460 4819 mana
2501 4753 2930 4839 ingenuitate,
2975 4752 3211 4837 quibus
3253 4751 3428 4817 ultro
3473 4748 3598 4817 sibi
3639 4750 3768 4835 ipsi
3813 4770 4044 4814 manus
4088 4768 4200 4812 ne—

2260 4839 2462 4906 farias
2504 4838 2716 4905 adfert
2770 4860 2846 4905 ac
2889 4839 3067 4904 intra
3109 4858 3227 4904 sua
3285 4837 3537 4903 viscera
3578 4835 4025 4904 crudelissime
4069 4831 4201 4897 dis·

2261 4926 2581 5010 cerpitur,
2627 4933 2702 4990 ut
2745 4924 2912 4990 nihil
2958 4945 3116 4991 sane
3160 4922 3338 4991 aliud
3383 4924 3632 4989 centies
3677 4922 3956 4986 miserae
3999 4938 4200 5016 quam

2258 5010 2657 5078 horrendum
2703 5019 3200 5094 extremumque
3254 5010 3524 5074 exitium
3583 5007 3928 5072 imminere
3969 5011 4205 5069 merito

2261 5096 2577 5164 videatur.
2669 5095 2775 5162 Ad
2830 5118 2935 5163 me
2991 5104 3213 5163 tamen
3270 5117 3474 5179 quum
3527 5092 3721 5158 redeo
3774 5099 3845 5156 et
3898 5111 4202 5174 praesen-

2467 5372 2527 5438 6)
2566 5370 2900 5429 Noviodemo
2934 5371 3193 5430 incendio
3227 5370 3414 5428 deleto.
