4900 6167
271 469 374 532 473

1109 654 1304 727 17⁰2.

668 809 1142 879 CALVINUS
1181 810 1733 878 LIBER‘PETO.

408 982 559 1067 Ayit
616 982 694 1047 de
750 983 1021 1068 quodam
1078 984 1316 1069 ”spatio
1368 981 1683 1050 Matthaei
1735 984 2067 1052 asinodam
2125 989 2184 1049 et

282 1067 365 1133 ς’
546 1070 700 1133 ,Δ
818 1068 865 1133 ι.
1075 1071 1141 1148 ',
1275 1068 1287 1081 .
1500 1069 1949 1152 sums&

259 1240 346 1300 (Ex
378 1238 716 1295 Bibliotheca
762 1245 1040 1310 putaram
1087 1240 1555 1296 Neocomensium.
1625 1238 1918 1310 Inscriptio
1964 1240 2178 1295 Oalvini

858 1326 1037 1377 mann,
1075 1315 1295 1364 caetera
1329 1309 1547 1374 Besae.)

256 1479 446 1545 Fideli
502 1478 752 1546 Christi
802 1500 993 1547 servo
1051 1478 1525 1564 christophoro
1580 1479 1802 1546 Fabro
1866 1481 2052 1546 fratri
2112 1489 2181 1546 et

798 1577 1204 1652 symmystae
1247 1565 1603 1633 carissimo.

356 1789 369 1802 ο
402 1702 470 1769 Β.
540 1702 748 1804 Yenit
804 1701 888 1767 ad
910 1788 923 1802 .
946 1722 1054 1768 me
1101 1700 1395 1768 Solanon
1437 1703 1951 1804 A‘urelianensis.
2038 1703 2180 1769 Ex-

250 1788 1895 1973 ἕξίἕΐῗξῗῃεῗὲἒῃεΐθῗιωῗαέἐέἴζᾛῗὲι
1948 1788 2181 1961 333ae

250 1981 605 2027 sermonum
641 1960 949 2043 ambages
983 1958 1424 2044 praeciderem
1460 1961 1795 2028 confessus
1834 1981 1983 2027 sum
2005 1961 2182 2045 quod

249 2067 340 2113 ms
377 2055 541 2128 erat,
588 2046 669 2113 de
711 2043 940 2111 fraude
983 2046 1050 2111 in
1097 2067 1292 2131 quam
1336 2046 1570 2113 incidit
1609 2047 1808 2114 fidem
1848 2056 2033 2112 tuam
2077 2068 2179 2114 se-

245 2139 484 2217 quutus,
530 2133 766 2198 merito
801 2151 951 2196 eum
1000 2152 1124 2198 con
1169 2132 1313 2199 ueri
1346 2132 1460 2199 sed
1494 2134 1739 2200 iniuste
1771 2154 1924 2199 eum
1967 2133 2180 2200 facere

245 2218 394 2302 quod
449 2227 519 2284 te
572 2217 822 2285 fraudis
880 2217 1126 2283 insimu
1152 2227 1221 2283 et
1276 2220 1462 2303 quasi
1524 2217 1775 2302 aliquid
1831 2240 2179 2286 commune

248 2325 379 2370 cum
413 2304 736 2371 matthaeo
768 2303 1098 2381 habueris,
1134 2303 1320 2371 cuius
1353 2305 1738 2388 improbitas
1775 2306 1830 2372 si
1866 2305 1986 2371 tibi
2019 2312 2178 2372 nota

247 2390 456 2457 fuisset
497 2391 572 2456 in
606 2397 915 2475 tempore,
960 2410 1296 2475 nunquam
1333 2389 1669 2476 hucusque
1702 2391 1775 2456 in
1809 2390 1951 2457 eius
1994 2391 2178 2457 favo-

247 2497 368 2542 rem
424 2498 469 2561 p
734 2497 816 2542 us
874 2495 1068 2541 esses.
1166 2476 1319 2559 Ipse
1377 2497 1536 2542 vero
1589 2476 1852 2561 culpam
1907 2479 2180 2562 agnovit

246 2569 305 2627 et
341 2571 527 2629 tuum
571 2571 674 2628 est
728 2560 1206 2628 inconsiderato
1255 2562 1395 2628 eius
1453 2562 1658 2630 dolori
1699 2562 1957 2630 veniam
2003 2560 2178 2645 dare,

245 2668 419 2731 quem
461 2670 550 2715 ex
593 2649 772 2714 iusta
813 2666 1009 2713 causa
1048 2652 1268 2713 ortum
1311 2646 1515 2715 vides.
1602 2649 1748 2715 Iam
1791 2669 1875 2714 ne
1918 2657 2035 2715 tua
2074 2649 2178 2715 ni-

244 2734 361 2800 mia
402 2754 563 2820 erga
597 2733 992 2800 Matthaeus·
1024 2732 1303 2800 facilitas
1348 2745 1415 2799 et
1454 2734 1870 2820 indulgentia
1904 2754 2178 2820 gravem

245 2820 549 2887 iacturam
590 2820 763 2887 bono
814 2821 960 2886 viro
1019 2818 1254 2885 afferat
1268 2870 1284 2901 ,
1342 2819 1555 2886 modis
1612 2822 1815 2887 etiam
1872 2821 2179 2888 omnibus

244 2906 607 2974 incumbere
648 2914 718 2971 te
766 2906 953 2973 decet
1000 2912 1075 2971 ut
1113 2904 1218 2972 ius
1269 2927 1481 2988 suum,
1525 2927 1652 2991 quo
1693 2905 1965 2991 indigne
1997 2906 2179 2974 frau-

244 2991 419 3059 datus
461 2999 584 3072 est,
628 2992 938 3058 obtineat.
1027 2988 1242 3075 Spero
1284 3012 1418 3058 non
1472 2992 1755 3058 multum
1795 2993 1937 3059 fore
1979 3014 2179 3079 nego-

243 3078 310 3142 tii
347 3087 423 3145 ut
464 3076 732 3145 ordines
747 3129 764 3159 ,
824 3077 908 3143 ad
966 3097 1131 3160 quos
1188 3085 1289 3143 est
1344 3079 1716 3161 provocatio
1732 3131 1750 3160 ‚
1807 3077 2183 3145 rescindant

242 3162 532 3249 iniquum
565 3161 1078 3316 illudrxi‘udiciffi
1111 3163 1416 3263 cuinihil
1449 3164 1686 3314 {oloris
1707 3165 1898 3315 inest.
1954 3163 2180 3317 Quilim

245 3248 592 3318 mitam
634 3272 694 3318 ci
837 3270 960 3316 con
1067 3269 1357 3315 versiam
1414 3269 1455 3315 a
1595 3271 1961 3318 raesenem
2004 3271 2180 3317 sou-

241 3335 472 3403 u'onem
533 3336 712 3422 adigi
770 3341 1020 3421 posset,
1069 3334 1365 3401 Salomon
1415 3336 1529 3419 qui
1550 3271 1738 3402 Peum
1794 3336 2179 3404 obstrictum

243 3422 494 3488 tenebat
540 3442 688 3489 meo
730 3430 967 3508 rogatu
1009 3429 1078 3486 et
1118 3427 1234 3485 tua
1276 3428 1384 3499 (ut
1425 3442 1657 3489 verum
1700 3423 1937 3500 fatear)
1980 3423 2180 3488 nimis

241 3509 456 3661 {ursus
518 3507 985 3661 adflagltgttillffi
1043 3526 1282 3660 mx
1339 3507 1667 3661 egeisoeldf
1712 3509 2181 3662 otiummtfitiilslsog

243 3685 638 3748 mnsactum
684 3699 914 3746 eorum
949 3677 1222 3745 arbitrio
1257 3679 1494 3763 quibus
1580 3681 1594 3696 ’
1652 3681 1666 3695 ⁶
1731 3681 1941 3766 magis
1986 3700 2180 3747 curae

243 3772 371 3830 erat
423 3786 626 3851 quam
677 3765 997 3833 Mamaea
1054 3763 1396 3832 consulere
1455 3773 1525 3832 et
1581 3767 1664 3834 ab
1718 3765 1899 3833 omni
1940 3766 2180 3833 damno

241 3869 490 3918 servare
535 3853 913 3917 immunem.
1001 3849 1322 3917 Homines
1377 3860 1569 3917 erant
1635 3851 1901 3918 illarum
1956 3872 2180 3919 rerum

242 3938 386 4004 satis
425 3938 647 4024 periti.
735 3936 958 4020 Quare
999 3936 1202 4002 nimis
1243 3936 1659 4021 impudenter
1703 3936 2068 4005 Matthaeus
2109 3957 2180 4004 se

240 4022 303 4087 in
340 4024 682 4109 integrum
733 4022 989 4089 restitui
1041 4023 1348 4107 postulat.
1435 4023 1739 4090 Iudicum
1797 4044 1953 4090 vero
2005 4022 2179 4107 apud

241 4129 389 4190 quos
431 4109 561 4175 hoc
602 4109 693 4174 im
884 4107 985 4175 vit
1018 4110 1238 4175 nescio
1274 4109 1424 4193 quis
1456 4110 1656 4175 fuerit
1689 4108 1915 4195 pudor.
1981 4108 2179 4176 Oerte

238 4213 540 4280 magnam
582 4194 876 4260 invidiae
915 4202 1171 4279 partem
1215 4195 1546 4262 sustineas
1574 4216 1842 4262 necesse
1883 4203 2003 4275 est,
2047 4195 2180 4260 nisi

233 4291 343 4347 tua
394 4301 603 4367 opera
656 4288 724 4346 et
779 4279 1051 4347 consilio
1098 4280 1392 4347 Salonem
1432 4281 1678 4349 iniusta
1717 4281 2020 4348 molestia
2061 4303 2176 4347 ex-

239 4374 490 4451 emptus
543 4366 764 4432 fuerit.
866 4365 1266 4450 Quanquam
1319 4366 1485 4433 haec
1540 4368 1712 4434 forte
1768 4387 2179 4452 supervacua

238 4461 329 4518 est
366 4452 744 4519 exhortatio
760 4503 776 4530 ,
835 4472 1040 4536 quum
1079 4451 1258 4518 ultro
1302 4451 1385 4519 ad
1429 4452 1719 4520 officium
1760 4454 1852 4519 sis
1937 4472 2175 4538 repen-

239 4558 356 4605 sus.
446 4537 801 4605 Caeterum
838 4557 1112 4603 uxorem
1146 4537 1268 4604 tibi
1301 4560 1387 4605 ex
1425 4538 1630 4605 animi
1670 4547 1827 4604 voto
1862 4475 2176 4624 obtigisse

236 4644 355 4690 non
397 4644 639 4708 parum
682 4621 954 4725 gaudeo.
1044 4623 1374 4688 Dominus
1431 4645 1562 4708 qua
1617 4624 1832 4708 coepit
1872 4622 2174 4696 benedic-

236 4710 401 4776 tione
442 4711 822 4795 coniugium
866 4716 1156 4775 vestrum
1201 4710 1272 4772 in
1328 4710 1528 4775 finem
1572 4730 1777 4794 usque
1820 4730 2172 4794 prosequa-

237 4805 363 4877 tur,
409 4802 616 4863 totam
658 4794 972 4862 familiam
1018 4792 1139 4859 sub
1183 4813 1388 4860 manu
1432 4815 1551 4861 sua
1594 4802 1937 4862 conservet
1977 4803 2176 4880 mque

237 4889 415 4966 regat
456 4903 577 4948 suo
612 4880 846 4965 spiritu
878 4880 952 4945 in
987 4876 1296 4945 ecclesiae
1336 4879 1873 4954 aedificationem.
1939 4879 2176 4948 Saluta

239 4988 523 5046 uxorem,
569 4969 847 5044 Annam,
895 4964 1167 5031 Mos-cem
1208 4985 1354 5031 meo
1395 4967 1680 5033 nomine.
1768 4966 1957 5047 Vale,
2000 4969 2174 5033 inte-

238 5056 512 5133 gerrime
567 5053 787 5118 frater.
875 5051 1091 5117 Amici
1190 5050 1263 5115 ui
1316 5050 1425 5118 hie
1479 5063 1638 5118 sunt
1698 5063 1765 5121 te
1816 5054 2173 5138 plurimum

239 5138 536 5207 salutant.
625 5138 941 5206 Genevae
991 5141 1088 5202 14.
1135 5070 1374 5202 ffebru.
1427 5140 1610 5203 1553.

1931 471 2091 532 1553
2135 413 2532 536 rusum.

4096 473 4226 534 474

3159 656 3349 728 17118.

2734 828 3206 896 OALVINUS
3255 829 3784 897 BLAURERO.

2458 1000 2743 1067 Exsonat
2783 1002 3161 1067 diamant
3217 1002 3554 1083 silentium,
3598 1003 3951 1068 valetudine
3993 1023 4036 1066 a
4078 1003 4234 1068 scri-

2283 1086 2479 1151 bendo
2518 1087 2873 1154 distractus.
2964 1088 3169 1168 Deflet
3206 1089 3507 1154 miserum
3549 1088 3835 1155 ecclesiae
3895 1094 3953 1153 et
4013 1090 4231 1170 reipu-

2283 1171 2478 1237 blicae
2519 1177 2784 1251 mamm,
2843 1174 3047 1238 orbem
3089 1174 3264 1240 bellis
3303 1180 3592 1240 vexatum
3647 1181 3704 1241 et
3745 1175 4018 1239 maxime
4065 1173 4237 1239 Gon-

2283 1259 2726 1324 stamma-ium
2765 1259 3012 1340 foedam
3057 1260 3463 1342 defectionem.

2282 1446 2681 1508 (Describimus
2717 1464 2785 1501 ex
2819 1448 2988 1503 libro:
3036 1447 3225 1503 Labeo·
3258 1446 3381 1503 aad
3415 1446 3702 1514 Schriften
3729 1446 3919 1503 Ambr.
3956 1445 4229 1503 mamm

2280 1514 2518 1570 vonTh.
2559 1514 2793 1581 Presod,
2829 1517 3031 1588 stuttg.
3070 1516 3204 1571 1861
3242 1517 3390 1571 edito
3426 1518 3521 1570 ubi
3553 1517 3688 1571 haec
3719 1518 3919 1586 legitur
3954 1534 3989 1586 p
4063 1560 4074 1571 .
4105 1515 4228 1572 5⁷7.

2283 1586 2578 1656 Accepisse
2612 1603 2673 1640 se
2706 1587 2841 1640 dicit
2875 1593 3034 1641 autor
3068 1603 3102 1639 a
3148 1587 3287 1640 Iulio
3322 1587 3535 1641 Bonnet
3567 1592 3627 1639 et
3658 1587 3717 1638 in
3751 1587 3994 1656 margine
4049 1590 4231 1656 egitur

2284 1659 2502 1707 exstare
2547 1655 2603 1708 in
2652 1655 2982 1709 Collectione
3025 1654 3343 1709 Camerinus
3388 1655 3513 1709 Vol.
3565 1654 3713 1710 VIII.
3780 1655 3870 1711 fol.
3917 1654 4035 1709 164„
4116 1655 4230 1712 Nos

2284 1740 2447 1777 manu
2492 1726 2755 1847 mipffi
2798 1724 3090 1846 ¹:aeffiesmeplalr
3068 1740 3275 1847 oei1201:¹¹
3278 1724 3522 1858 :ssgffiffi
3531 1765 3592 1845 ‚h
3609 1729 3699 1845 ege
3713 1725 3971 1858 ngsgselii
4017 1730 4229 1780 textum

2758 1811 2792 1845 n
2954 1811 3011 1847 ιιι
3596 1811 3629 1845 a
3701 1811 3754 1846 m
3825 1835 3835 1844 .

2282 1977 2862 2046 Praestantissimo
2920 1978 3192 2045 Domini
3248 1982 3459 2047 nostri
3517 1979 3672 2046 Iesu
3730 1979 3985 2047 Christi
4038 2003 4235 2049 servo

2282 2064 2370 2130 D.
2418 2065 2768 2132 Ambrosio
2811 2064 3122 2132 Blaurero
3170 2065 3480 2133 ecclesiae
3524 2066 3856 2133 Bielensis
3906 2065 4038 2134 fido
4082 2089 4230 2152 pas-

2284 2152 2409 2216 tori
2481 2152 2688 2217 amico
2774 2152 3094 2236 singulari
3139 2159 3703 2305 vffnfflmmyme
3784 2172 3939 2219 vere
4010 2154 4229 2221 obser-

2456 2372 2526 2439 S.
2589 2372 2785 2456 Quod
2827 2374 3154 2458 prioribus
3190 2376 3322 2441 tuis
3356 2374 3567 2440 literis
3598 2375 3809 2440 serius
3848 2375 4230 2459 respondeo,

2281 2460 2387 2526 vir
2429 2459 2853 2545 integerrime
2888 2471 2957 2525 et
2993 2459 3157 2526 mihi
3201 2482 3285 2526 ex
3323 2461 3543 2526 animo
3588 2459 3855 2527 colende
3898 2461 4116 2539 frater,
4159 2463 4232 2527 in

2282 2546 2478 2630 culpa
2518 2555 2621 2611 est
2654 2546 2942 2612 Michael
2981 2545 3340 2626 Mulier-ine,
3371 2551 3419 2623 ι)
3463 2548 3574 2630 qui
3614 2546 3900 2630 quotidie
3933 2547 4233 2614 abiturus

2284 2638 2497 2697 totum
2564 2632 2703 2698 fere
2776 2633 3289 2716 sesquimensem
3355 2654 3462 2698 me
3535 2653 3923 2716 suspensum
3994 2635 4228 2699 tenuit.

2282 2717 2449 2783 Heri
2517 2737 2720 2801 quum
2789 2718 2861 2782 in
2930 2718 3248 2802 templum
3319 2716 3740 2785 ascenderem
3812 2718 4237 2804 praelegendi

2283 2823 2480 2871 causa
2521 2824 2686 2886 puer
2727 2803 2992 2887 quidam
3050 2813 3198 2870 tuas
3249 2804 3415 2869 mihi
3457 2804 3683 2870 literas
3737 2803 3993 2870 obtulit.
4081 2806 4231 2870 'Pri-

2284 2888 2408 2955 bus
2450 2897 2601 2974 post
2642 2888 2826 2955 horis
2869 2890 2990 2956 sub
3037 2890 3264 2956 horam
3322 2910 3560 2956 coenae
3605 2889 3907 2956 descendi
3952 2889 4034 2954 ad
4077 2911 4229 2957 cau-

2283 2996 2542 3058 ponam.
2632 2975 3039 3042 Vexillarius
3095 2996 3231 3041 non
3274 2974 3518 3041 aderat.
3611 2974 3890 3042 Oirciter
3945 2974 4230 3043 mediam

2283 3070 2541 3127 noctem
2585 3061 2986 3128 hemicranio
3030 3061 3285 3141 dolore,
3346 3063 3454 3146 qui
3512 3061 3674 3128 mihi
3722 3061 3998 3126 nimium
4041 3063 4234 3128 fami-

2282 3148 2466 3212 liaris
2509 3154 2625 3224 est,
2669 3148 2905 3212 acriter
2938 3156 3276 3232 correptus
3320 3169 3484 3214 sum.
3574 3151 3638 3213 A
3680 3147 3989 3214 concione
4022 3169 4234 3232 usque

2283 3232 2367 3298 ad
2409 3230 2752 3298 meridiem
2797 3232 3092 3299 decubui.
3180 3233 3347 3299 Inde
3400 3232 3726 3300 audienda
3779 3232 3903 3298 fuit
3944 3234 4233 3317 praelec-

2282 3319 2405 3398 tio,
2465 3340 2505 3385 a
2548 3339 2678 3402 qua
2718 3339 2895 3386 nunc
2946 3339 3255 3385 reversus
3311 3317 3529 3387 brevis
3583 3340 3694 3386 ero
3743 3321 3811 3384 in
3867 3318 4229 3400 scribendo,

2283 3406 2437 3488 quia
2478 3412 2546 3471 et
2588 3405 2901 3491 exiguum
2956 3413 3214 3489 tempus
3266 3413 3473 3471 restat
3490 3458 3505 3485 ‚
3562 3415 3630 3472 et
3684 3426 3806 3491 ego
3863 3426 3944 3471 ex
4002 3407 4231 3472 morbo

2281 3490 2522 3569 lassus,
2590 3497 2660 3556 et
2726 3490 2944 3558 adhuc
3011 3491 3292 3559 inclinat
3362 3493 3625 3559 animus
3695 3490 3780 3559 ad
3878 3492 4223 3578 rigritiam.

2279 3576 2454 3642 Item
2498 3595 2642 3644 cras
2685 3575 2972 3644 discedet
3012 3578 3420 3658 vexillarius,
3466 3586 3543 3645 ut
3575 3577 3738 3644 mihi
3781 3597 3853 3644 re
3916 3584 4064 3643 tum
4108 3585 4231 3644 est.

2280 3660 2508 3744 Quare
2549 3682 2684 3727 non
2727 3662 2912 3728 licuit
2948 3664 3493 3730 commentarium
3535 3684 3755 3730 meum
3797 3664 3869 3728 in
3912 3662 4232 3729 Ioannem

2278 3748 2371 3814 im
2419 3749 2646 3833 ingere
2662 3798 2678 3827 ,
2735 3755 2814 3813 ut
2867 3750 3154 3832 optabas.
3243 3751 3355 3816 Ex
3410 3749 3837 3833 inscriptione
3893 3768 4229 3833 agnosces,

2280 3835 2398 3901 tibi
2441 3835 2628 3935 prius
2664 3831 3063 3899 destinatum
3095 3835 3298 3901 fuisse
3342 3856 3601 3902 munus.
3670 3832 3917 3901 Addidi
3951 3842 4232 3918 quatuor

2278 3939 2623 3987 conciones
2667 3938 2817 3985 cum
2858 3920 3097 4004 psalmi
3139 3923 3334 3988 unius
3369 3921 3802 3988 enarratione.
3889 3920 4026 3986 Pro
4069 3941 4230 4005 qua-

2278 4015 2434 4071 tuor
2490 4003 2975 4088 exemplaribus
3030 4005 3237 4073 libelli
3295 4005 3375 4072 de
3434 4005 4026 4091 praedestinatione
4079 4028 4230 4090 pre-

2278 4091 2449 4156 tium
2493 4090 2676 4157 nolui
2718 4092 3025 4175 recipere,
3069 4093 3199 4159 nisi
3242 4102 3567 4175 quatenus
3611 4092 3876 4158 librario
3918 4112 4230 4159 numera-

2279 4178 2507 4244 visset.
3384 4239 3391 4248 .

2453 4263 2772 4330 Dolemus
2814 4265 3059 4330 nostris
3102 4264 3269 4330 nihil
3314 4263 3565 4330 scilicet
3585 4266 3622 4300 ⁴*
3662 4263 3792 4330 nisi
3829 4263 4000 4365 quod
4041 4272 4229 4330 tanta

2280 4356 2384 4415 est
2457 4348 2865 4433 perturbatio
2923 4349 3122 4416 huius
3178 4349 3573 4435 reipublicae
3646 4357 3721 4415 ut
3786 4350 3895 4416 hic
3954 4350 4229 4417 ecclesia

2276 4433 2408 4501 Dei
2446 4456 2580 4501 non
2624 4455 2811 4503 secus
2866 4442 3060 4520 atque
3119 4456 3269 4503 arca
3311 4436 3546 4502 Noemi
3568 4439 3603 4475 ¹*
3659 4436 3725 4500 in
3772 4434 3982 4501 medio
4027 4457 4227 4520 aqua-

2277 4541 2427 4586 rum
2474 4520 2710 4587 diluvii
2753 4522 3123 4602 fluctuetur,
3168 4540 3541 4607 quanquam
3577 4520 3730 4586 talis
3774 4529 3873 4587 est
3916 4541 3992 4586 ea
4036 4522 4224 4600 ratio,

2275 4626 2446 4691 quae
2468 4606 2629 4673 adeo
2665 4626 2800 4673 non
2834 4606 3181 4674 labefactat
3207 4609 3474 4694 ‚piorum
3511 4605 3707 4672 fidem
3743 4614 3822 4671 ut
3855 4628 3986 4673 non
4008 4607 4222 4691 magis

2274 4692 2603 4760 concutiat
2636 4713 2860 4760 eorum
2895 4701 3172 4768 mentes,
3219 4715 3416 4778 quam
3453 4694 3508 4758 si
3542 4694 3614 4757 in
3656 4690 3909 4776 placida
3950 4693 4228 4759 'statione

2275 4780 2627 4862 quiescant.
2715 4779 2805 4844 Et
2848 4800 3008 4845 sane
3064 4780 3134 4845 in
3191 4799 3576 4865 quocunque
3617 4786 3943 4843 terrarum
3985 4778 4231 4863 angulo

2274 4864 2470 4931 hodie
2514 4864 2817 4930 habitent
2857 4864 2978 4930 filii
3016 4864 3164 4943 Dei,
3208 4884 3476 4932 necesse
3519 4871 3620 4930 est
3661 4873 3889 4931 contra
3929 4866 4224 4931 saevien-

2275 4963 2378 5017 tes
2443 4949 2684 5034 ubique
2728 4949 3043 5034 procellas
3100 4973 3253 5019 rara
3309 4951 3678 5018 constantia
3727 4952 4017 5017 munitos
4060 4971 4220 5016 esse.

2274 5036 2540 5103 Bellum
2585 5034 2779 5102 hodie
2822 5043 3053 5102 contra
3095 5037 3424 5104 Senenses
3460 5056 3702 5121 magno
3743 5047 4060 5121 apparatu
4104 5057 4217 5121 ge-

3450 5274 3563 5314 mm
3614 5259 3878 5322 occurrit,
3935 5258 4225 5313 Michaelis

2273 5260 2454 5315 1⁷08.
2492 5261 2549 5327 1)
2589 5260 2844 5315 Mallon-ii
2894 5276 3089 5317 nomen

2421 5331 2431 5343 ·
2560 5333 2570 5344 ·
3670 5342 3700 5381 e
3724 5328 3928 5397 meeis.
3999 5329 4222 5385 Videtur

2748 5331 2760 5343 .
3132 5259 3408 5329 *W

2272 5329 3426 5466 Waffiffffimnffloeo'ffi?
3444 5395 3515 5451 so
3551 5437 3565 5450 .
