4900 6167
716 410 841 472 239

716 617 850 660 non
895 615 1028 660 una
1071 594 1199 659 erit
1240 591 1540 659 omnibus
1583 595 1927 659 sententia.
1996 593 2324 660 Dominus
2367 592 2664 658 modera-

716 682 894 747 bitur
958 680 1207 746 animos
1273 687 1339 745 et
1378 679 1559 746 dabit
1626 701 2030 746 successum:
2110 680 2346 746 saltem
2428 680 2666 744 bonam

714 775 1005 832 nostram
1029 766 1488 832 conscientiam
1511 765 1965 831 consolabitur.
1998 764 2076 831 si
2099 775 2287 832 vacat
2308 764 2666 832 rescribere

720 873 839 936 per
894 860 1188 916 nostram
1236 850 1650 934 bibliopolam
1681 851 1762 937 ¹¹)
1807 852 2108 929 rescribe,
2169 859 2235 916 et
2284 872 2404 917 nos
2453 852 2525 914 in
2562 871 2666 915 re-

720 939 845 1003 bus
888 938 1132 1004 nostris
1154 938 1239 1019 ¹²)
1286 951 1395 1003 tuo
1440 938 1638 1003 etiam
1696 938 1938 1003 auxilio
1983 938 2156 1002 iuva.
2245 936 2559 1003 Salutant
2601 947 2668 1000 te

715 1024 921 1088 nostri
978 1044 1233 1102 omnes,
1294 1023 1684 1088 nominatim
1729 1023 1977 1107 collega
2034 1029 2102 1086 et
2143 1024 2348 1100 Besa,
2410 1031 2478 1087 et
2520 1042 2670 1087 mea

714 1132 883 1174 uxor
924 1117 987 1174 et
1022 1107 1275 1174 filiolae.
1368 1107 1605 1176 Saluta
1640 1110 1898 1175 amicos.
1994 1108 2178 1175 Vale.
2269 1111 2668 1174 Lausannac

721 1200 776 1259 7.
824 1195 1083 1259 Ianuar.
1138 1199 1318 1258 1552.

1681 1283 1865 1345 Tuus
1908 1282 2148 1347 Petrus
2194 1281 2490 1345 Viretus.

887 1452 1085 1517 Mitto
1142 1452 1303 1518 alias
1360 1451 1611 1517 Halleri
1665 1452 1889 1519 literas
1946 1452 2024 1518 ad
2085 1475 2219 1530 me,
2263 1424 2372 1517 ι011
2432 1451 2667 1534 quibus

713 1538 1055 1689 ggffdffis
1113 1559 1460 1622 cognosces
1538 1560 1623 1602 ex
1701 1538 2078 1605 Germania.
2184 1540 2328 1604 Has
2408 1539 2668 1646 remitte

1530 1853 1541 1854 ἡ
1566 1850 1901 1858 --—————-

1600 2068 1795 2138 1583.

1227 2223 1717 2292 MYCONIUS
1763 2222 2194 2292 GALVINO.

887 2397 1155 2476 Bolscco,
1201 2398 1314 2478 qui
1368 2417 1432 2462 se
1475 2395 1948 2461 Basileon-sium
2016 2397 2382 2460 sententiam
2439 2397 2508 2459 in
2552 2395 2675 2461 loco

711 2489 1093 2550 controverso
1138 2482 1423 2564 amplecti
1466 2482 1769 2563 affirmat,
1806 2482 2171 2563 respondere
2212 2481 2311 2546 illi
2344 2478 2676 2546 noluerunt

711 2576 1043 2650 antequam
1095 2569 1454 2634 accuratius
1506 2567 1957 2633 Gencvcnsium
2006 2568 2075 2631 in
2131 2588 2207 2631 ea
2252 2589 2318 2632 re
2362 2568 2674 2633 iudicium

702 2673 1072 2739 pernoscere
1127 2654 1481 2737 contiyerit:
1541 2654 1826 2737 ambiyue
1883 2655 2131 2732 omnino
2179 2655 2395 2735 posita
2451 2674 2672 2735 quaes-

714 2742 878 2806 tione
892 2791 907 2816 ,
993 2741 1220 2821 quippe
1285 2762 1327 2804 a
1392 2739 1684 2822 theoloyis
1736 2740 1907 2805 circa
1979 2760 2117 2804 eam
2157 2741 2413 2804 minime
2472 2744 2674 2803 certae

713 2826 953 2890 mevitis.

714 2997 826 3062 (Ex
873 3001 1001 3048 auto
1040 2994 1210 3063 rapho
1247 2995 1469 3049 Archiv.
1510 2996 1707 3050 Vener.
1748 2995 2035 3050 Ministerii
2074 2994 2408 3049 Genevensis
2445 2994 2564 3047 Vol.
2603 2995 2674 3046 A.

758 3107 768 3118 .
819 3063 936 3117 179.
1095 3081 1127 3126 0
1173 3071 1391 3118 exstant
1439 3083 1472 3117 a
1511 3082 1544 3119 o
1647 3065 1756 3135 pha
1797 3066 1855 3118 in
1910 3065 2050 3118 Bibl.
2101 3065 2252 3116 civic.
2302 3063 2481 3116 Turic.
2534 3064 2675 3133 Epp.

714 3083 837 3192 gol.
871 3133 955 3201 23,
994 3149 1135 3186 nunc
1152 3135 1212 3186 F.
1248 3132 1320 3187 58
1351 3082 1821 3259 folhffitxyoll.
1844 3134 1949 3271 {lg-5
1970 3150 2111 3187 nunc
2132 3132 2193 3186 F.
2229 3131 2312 3197 81,
2337 3130 2570 3185 f01.409.
2611 3159 2674 3170 —

1476 3221 1550 3256 110
1575 3221 1650 3257 er.
1735 3221 1768 3259 o
1793 3245 1805 3258 .
1915 3244 1926 3256 .

888 3375 971 3438 D.
1056 3373 1138 3438 Io.
1215 3374 1495 3440 Calvino
1561 3375 1707 3440 iure
1783 3373 1968 3441 docto
2041 3393 2117 3438 ac
2187 3374 2294 3456 pio
2374 3373 2674 3437 ministro

716 3460 964 3528 Christi
1023 3460 1092 3523 in
1147 3460 1418 3525 ecclesia
1461 3460 1844 3526 Genevensi
1903 3459 2093 3524 fratri
2150 3480 2225 3525 ac
2273 3469 2676 3545 symmystae

717 3548 789 3612 in
826 3545 1116 3611 Domino
1160 3544 1566 3611 observando
1612 3566 1746 3610 suo.

889 3683 957 3749 S.
1042 3684 1435 3765 Accepimus
1502 3681 1726 3747 literas
1795 3686 1854 3746 4.
1915 3682 2208 3748 Ianuarii
2267 3683 2461 3747 huius
2518 3682 2674 3747 anni

718 3770 992 3852 scriptas
1038 3793 1077 3834 a
1121 3768 1390 3835 Bolscro
1418 3769 1467 3851 ¹)
1513 3791 1593 3833 ex
1650 3768 1951 3845 vinculis,
1992 3770 2061 3833 in
2106 3767 2341 3852 quibus
2403 3767 2563 3833 dicit
2604 3789 2674 3833 se

717 3856 949 3919 mirari
993 3854 1162 3938 quod
1207 3877 1328 3920 nos
1373 3855 1454 3920 ab
1490 3855 1631 3937 ipso
1676 3854 2156 3933 dissentiamus,
2203 3875 2405 3936 quum
2450 3855 2674 3919 foveat

720 3941 986 4004 omnino
1030 3940 1424 4005 sententiam
1468 3951 1789 4014 nostram,
1852 3939 2086 4006 deinde
2148 3939 2317 4023 quod
2378 3938 2673 4005 dicamus

718 4047 866 4091 eum
939 4046 1081 4089 esse
1156 4025 1576 4092 haereticum.
1694 4027 2013 4093 Precatur
2075 4035 2154 4091 ut
2234 4027 2675 4091 rescribamus

718 4132 916 4194 super
971 4111 1074 4174 his
1130 4112 1341 4177 rebus.
1436 4111 1970 4179 Consultavimus
2028 4113 2232 4197 igitur
2294 4120 2523 4177 octavo
2566 4110 2673 4177 Ia-

719 4196 937 4262 nuarii
973 4193 1131 4279 quid
1156 4196 1264 4262 1110
1291 4209 1464 4263 esset
1489 4198 1877 4267 faciendum.
1945 4197 2097 4263 Non
2128 4198 2304 4262 enim
2328 4197 2675 4263 videbatur

721 4281 965 4364 aliquid
1023 4283 1165 4347 8100
1220 4283 1406 4349 vobis
1546 4284 1790 4349 endum
1855 4305 1997 4349 esse
2017 4334 2031 4360 ,
2088 4284 2479 4367 praesertim
2525 4305 2674 4350 cum

719 4389 797 4433 eo
841 4369 951 4450 qui
989 4377 1329 4433 teneretur
1362 4379 1675 4450 captivus.
1750 4369 2056 4436 Occurrit
2099 4389 2254 4434 mox
2298 4368 2676 4436 tabellarius

719 4454 936 4518 iturus
980 4454 1343 4519 Genevam.
1435 4455 1708 4538 Arripui
1752 4456 1956 4540 igitur
1991 4454 2334 4534 calamum,
2378 4457 2533 4537 quia
2574 4456 2675 4519 vi-

721 4537 998 4605 debatur
1050 4538 1377 4605 Dominus
1444 4539 1620 4604 hunc
1675 4539 1836 4606 adeo
1905 4543 2289 4625 tempestive
2345 4541 2674 4607 obtulisse.

721 4624 1021 4690 Narrabo
1082 4625 1302 4707 itaque
1363 4625 1588 4708 paucis
1635 4626 1792 4709 quid
1850 4628 2148 4694 velimus.
2253 4624 2581 4709 Optamus
2638 4649 2678 4692 a

722 4711 909 4776 vobis
945 4729 1133 4775 nosse
1171 4710 1327 4793 quid
1362 4710 1665 4777 iudicetis
1709 4712 1789 4778 de
1825 4715 2148 4781 sententia
2191 4723 2418 4780 nostra
2437 4716 2497 4789 ²)
2535 4734 2675 4792 vos,

721 4804 1067 4880 postquam
1125 4795 1236 4860 1110
1305 4796 1463 4864 dicit
1531 4796 1702 4862 hanc
1755 4820 1896 4865 esse
1951 4821 2138 4866 suam
2202 4799 2427 4866 veluti.
2532 4799 2677 4864 Hoc

725 4955 1051 4964 ..⁴-„-—„—

896 5053 990 5188 1ἑέ
1024 5052 1566 5190 εξιῗθέυιιαῖἷεοόρῑίηα
1600 5129 1650 5176 et
1682 5125 1839 5180 bonis
1872 5126 2247 5182 ecclesiasticis
2280 5125 2583 5179 servandis.

728 5189 901 5244 1588.
939 5191 997 5252 1)
1034 5193 1129 5246 sic.
1202 5191 1425 5247 Litorae
1462 5189 1678 5248 Bolscci
1710 5209 1822 5249 non
1855 5201 2087 5251 castam.

724 5259 1097 5384 ammian&
1135 5259 1268 5314 1561
1307 5262 1390 5315 vel
1422 5263 1609 5329 potius
1639 5261 1776 5332 Opp.
1814 5265 1981 5319 VIII.
2015 5264 2120 5319 235
2152 5265 2252 5320 ubi
2275 5265 2455 5333 ipsum
2475 5269 2678 5318 textum

2214 377 2740 472 EPISTOLAE
2788 405 3210 468 1582-1584
4565 408 4670 472 240

2768 594 3012 657 etenim
3058 594 3114 657 si
3157 613 3420 669 verum,
3480 612 3824 676 perperam
3881 589 4320 656 intelleximus
4372 589 4673 674 epistolam

2769 678 3085 743 fratrum:
3130 699 3289 744 nam
3330 677 3422 742 ibi
3477 678 3896 744 continentur
3938 699 3978 741 a
4020 674 4254 759 quibus
4295 697 4410 741 nos
4450 679 4674 758 penitus

2770 764 3208 830 dissentimus.
3296 763 3604 846 Exempli
3659 764 3902 846 gratia,
3955 761 4068 827 ubi
4127 761 4414 826 scribunt
4462 763 4673 828 sentire

2769 852 3016 931 ipsum:
3086 870 3217 914 non
3278 849 3418 914 ideo
3485 849 3761 915 salutem
3828 848 4137 931 consequi
4202 847 4486 912 homines
4550 850 4678 930 quia

2773 936 2962 1001 electi
3006 937 3169 1013 sint,
3231 934 3344 1000 sed
3388 935 3534 1000 ideo
3591 935 3747 1019 eligi
3790 933 3961 1017 quod
4005 933 4290 1000 credant.
4376 933 4536 996 Nam
4573 932 4676 997 hoc

2771 1020 2964 1086 modo
3010 1030 3191 1086 recta
3231 1020 3519 1104 loquitur
3561 1033 3788 1087 contra
3828 1020 4142 1098 Paulum,
4189 1020 4298 1102 qui
4339 1020 4436 1083 sic
4458 1017 4676 1084 scribit:

2773 1106 3344 1188 Quemadmodum
3403 1105 3600 1190 elegit
3653 1128 3774 1172 nos
3828 1109 3894 1171 in
3951 1107 4091 1188 ipso
4158 1117 4496 1187 antequam
4534 1105 4678 1169 iace·

2772 1203 3003 1258 rentur
3045 1191 3472 1257 fundamenta
3514 1191 3746 1257 mundi
3789 1205 3910 1258 etc.
3981 1193 4113 1256 Hic
4152 1193 4328 1255 enim
4364 1190 4518 1253 1111111
4550 1210 4678 1255 con-

2773 1280 3107 1344 sentimus.
3181 1279 3478 1344 Petimus
3522 1300 3676 1361 ergo
3719 1300 3874 1343 num
3921 1300 4040 1344 vos
4082 1276 4255 1341 idem
4293 1274 4542 1341 dicatis:
4584 1296 4681 1339 nos

2773 1365 3016 1430 sentire
3076 1385 3224 1429 cum
3282 1364 3445 1428 illo?
3551 1365 3748 1430 Prius
3823 1365 3999 1428 enim
4063 1385 4194 1428 non
4261 1364 4470 1445 placet
4520 1370 4584 1425 ut
4630 1360 4682 1424 01

2772 1449 3123 1533 quidquam
3178 1450 3706 1532 respondeamus.
3796 1449 3987 1530 Quod
4047 1450 4103 1514 si
4161 1449 4486 1525 dixeritis,
4536 1444 4682 1529 quod

2771 1557 2906 1601 non
2947 1545 3273 1619 putamus,
3320 1536 3610 1601 dicemus
3654 1535 3869 1602 adhuc
3913 1537 4154 1601 clarius
4189 1536 4344 1618 quid
4379 1533 4523 1597 fidei
4554 1554 4684 1595 nos-

2773 1632 2913 1686 trae
2957 1621 3274 1686 videatur.
3364 1622 3536 1687 Nam
3581 1624 3749 1687 tanti
3805 1626 3961 1687 estis
4007 1620 4178 1704 apud
4224 1641 4345 1684 nos
4389 1638 4530 1685 cum
4570 1627 4685 1681 tota

2772 1708 3040 1774 ecclesia
3061 1716 3301 1786 vestra,
3348 1717 3421 1772 ut
3443 1730 3573 1772 non
3597 1708 3784 1774 facile
3829 1709 4173 1774 dissentire
4217 1705 4415 1770 libeat
4454 1711 4685 1787 propter

2775 1815 2981 1858 unum
3026 1793 3308 1876 aliquem
3354 1795 3542 1859 cuius
3584 1816 3796 1878 neque
3854 1795 4213 1858 doctrinam
4260 1811 4465 1874 neque
4499 1810 4687 1872 perso-

2775 1901 2932 1944 nam
2974 1882 3303 1963 cognitam
3349 1880 3680 1946 habemus.
3753 1880 4080 1945 Audimus
4124 1901 4165 1943 a
4206 1876 4576 1960 quibusdam
4606 1874 4688 1937 vi·

2776 1986 2923 2030 rum
2961 1987 3090 2031 non
3127 1987 3269 2031 esse
3306 1966 3585 2030 malum:
3631 1966 4058 2031 nihilominus
4095 1965 4360 2031 credere
4395 1962 4688 2026 malumus

2775 2053 2868 2117 eis
2912 2073 3186 2134 quorum
3230 2050 3427 2116 fidem
3473 2053 3790 2118 hactenus
3835 2062 3903 2117 et
3937 2053 4240 2117 novimus
4285 2061 4351 2114 et
4383 2048 4689 2122 sensimus,

2778 2137 2985 2204 donec
3028 2160 3159 2202 non
3205 2136 3384 2202 aliud
3427 2158 3500 2202 re
3541 2139 3686 2220 ipsa
3726 2139 3927 2203 fuerit
3984 2144 4088 2216 (ut
4131 2159 4263 2202 non
4310 2132 4557 2218 probari
4594 2151 4689 2213 po—

2778 2226 2933 2289 terit
2975 2223 3343 2307 speramus)
3387 2223 3896 2307 comprobatum.

2947 2310 3302 2375 Praeterea
3357 2330 3480 2375 nec
3539 2310 3860 2388 diximus,
3912 2332 4034 2376 nec
4090 2310 4338 2375 dictum
4405 2304 4690 2379 volumus,

2777 2397 2990 2477 ipsum
3050 2396 3455 2461 haereticum
3511 2417 3684 2474 esse,
3759 2397 3912 2479 quia
3965 2396 4115 2461 talis
4187 2396 4378 2461 nobis
4437 2411 4564 2455 non
4611 2395 4694 2452 0⁸¹⁵

2777 2491 3162 2563 compertus.
3185 2486 3240 2556 θ)
3330 2481 3463 2547 Sed
3525 2483 3616 2547 ita
3681 2483 4091 2565 scripsimus:
4162 2482 4296 2547 Hic
4362 2480 4528 2545 enim
4580 2493 4694 2571 npn

2777 2565 2986 2630 solum
3032 2568 3388 2650 sophistam
3436 2568 3574 2651 agit
3614 2568 4072 2652 HieronymuS,
4133 2567 4247 2633 sed
4296 2578 4361 2632 et
4404 2566 4697 2630 haeresim

2778 2653 2846 2715 in
2887 2653 3272 2734 quibusdam
3313 2674 3540 2735 sapere
3585 2653 3858 2720 videtur.
3932 2654 4332 2738 Exemplum
4375 2650 4695 2742 adieciqu

2778 2759 2903 2820 quo
2976 2740 3190 2821 potuit
3258 2748 3484 2823 patere
3551 2739 3720 2822 quod
3781 2741 4122 2807 voluimus.
4221 2741 4416 2806 Nosti
4473 2760 4551 2803 ex
4610 2731 4696 2794 lus

2778 2824 3002 2906 paucis
3046 2824 3202 2907 quid
3260 2824 3368 2890 vel
3432 2828 3500 2889 in
3555 2825 3750 2909 longo
3808 2827 3920 2891 illo
3978 2827 4240 2909 negotio
4301 2828 4619 2909 cupiamus
4665 2836 4697 2879 a

2782 2910 2964 2974 vobis
3008 2932 3225 2975 nosse:
3294 2910 3604 2975 nolumus
3664 2913 3899 2978 scissas
3954 2913 4258 2979 ecclesias
4306 2923 4581 2988 nostras,
4636 2911 4698 2966 11¹³

2778 3016 2939 3077 quos
2960 2994 2994 3024 ὕ
3037 2997 3330 3077 papistae
3375 2997 3677 3062 nituntur
3720 3018 3987 3080 prorsus
4045 2999 4337 3077 abolere,
4413 3008 4594 3079 atque
4642 2986 4697 3050 id

2780 3081 3087 3146 humanis
3133 3081 3598 3148 deliramentis.
3690 3081 3874 3150 Satis
3913 3095 4016 3149 est
4058 3085 4377 3150 hostium:
4424 3083 4700 3148 nolumus

2778 3166 3019 3249 plures,
3064 3178 3380 3251 quantum
3415 3170 3484 3232 in
3523 3168 3707 3236 nobis
3744 3180 3859 3236 est.
3932 3170 4237 3254 Surgunt
4273 3193 4312 3236 e
4350 3169 4530 3235 nobis
4562 3180 4699 3249 quos

2779 3251 3129 3332 nollemus,
3191 3276 3274 3319 ex
3320 3254 3557 3337 quibus
3606 3266 3710 3321 est
3758 3257 4096 3334 Osiander,
4142 3257 4255 3340 qui
4301 3257 4383 3322 de
4422 3253 4700 3320 iustifica-

2780 3339 2952 3404 tione
3011 3341 3229 3406 nescio
3287 3340 3442 3424 quid
3493 3342 3752 3406 invenit
3795 3343 3964 3425 quod
4035 3344 4217 3425 prius
4259 3341 4699 3428 ignoravimus.

2779 3424 2882 3488 De
2926 3424 3072 3500 illo,
3139 3427 3197 3492 si
3240 3426 3531 3510 ignoras,
3601 3428 3780 3493 alias.
3871 3429 4040 3493 Vale
4093 3451 4244 3495 cum
4301 3429 4598 3494 fratribus
4642 3423 4701 3485 in

2778 3508 3084 3576 Domino.
3174 3512 3475 3579 Basileae
3522 3519 3579 3578 9.
3625 3515 3886 3579 Ianuar.
3935 3535 4084 3579 ann.
4140 3521 4323 3582 1552.

3933 3654 4006 3717 Τ.
4051 3651 4163 3720 08.
4215 3653 4557 3739 Myconius

3944 3758 4204 3821 nomine
4248 3759 4539 3823 fratrum.

2950 3926 3254 3991 Misimus
3297 3926 3604 3992 schedam
3641 3926 3722 3992 ad
3759 3927 4114 4006 Bolserum‚

2779 4022 2855 4077 ut
2894 4013 3058 4079 sciat
3101 4031 3217 4076 cur
3261 4033 3394 4076 non
3439 4013 3911 4095 scripserimus.

3551 4308 3961 4317 ..ὺ-

3658 4524 3851 4594 1584.

3274 4680 3766 4748 FARELLUS
3812 4679 4246 4748 CALVINO.

2955 4851 3203 4917 Multus
3270 4856 3361 4916 est
3414 4852 3485 4916 in
3538 4852 3799 4919 Bolseno
3868 4853 4224 4918 damnando
4239 4904 4253 4930 ,
4329 4854 4401 4917 iu
4464 4846 4710 4940 Fallcsiq

2781 4938 3240 5022 suspicionibus
3289 4939 3657 5018 premendO,
3729 4939 3800 5002 in
3871 4940 4157 5020 em'ycndo
4222 4940 4485 5021 denique
4540 4949 4709 4999 amm

2783 5027 2993 5091 animo
3011 5075 3026 5102 ‚
3082 5024 3268 5105 quasi
3324 5025 3384 5089 is
3418 5045 3582 5106 pars
3637 5023 3813 5089 laesa
3861 5023 4103 5105 fuisset.
4198 5023 4397 5091 Porro
4453 5042 4605 5106 quac
4644 5035 4710 5081 ez

2783 5183 3184 5190 ———.---——<—-—-—

2882 5263 3049 5389 WB)
3087 5264 3210 5319 Iam
3247 5281 3358 5319 uon
3403 5263 3689 5317 miraberis
3727 5260 4010 5317 Calvinum
4059 5263 4125 5319 de
4161 5263 4566 5321 Basiloensffius
4597 5271 4708 5328 que·

2779 5350 2880 5390 reu
2987 5373 3000 5385 .
