4900 6167
679 398 803 460 627

858 580 1234 647 Clarissimo
1278 580 1423 646 vire
1458 578 1842 663 Heinrycho
1866 577 2252 662 Bullingero
2274 578 2631 660 Tigurinae

672 668 1015 734 Ecclesiae
1058 667 1305 748 pastori
1351 664 1858 749 vigilantissimo
1904 685 1979 729 ac
2016 664 2277 729 domino
2311 665 2630 745 compatri

680 775 801 820 suo
836 752 1189 818 carissime.

2193 834 2458 901 Zurich.

858 972 928 1039 S.
1013 974 1182 1039 Heri
1251 972 1466 1038 oblata
1532 987 1632 1037 est
1695 973 1882 1038 nobis
1950 971 2189 1037 Serveti
2253 992 2448 1037 causa
2515 993 2632 1055 per

678 1060 866 1126 hune
909 1059 1367 1125 Genevensem
1416 1058 1846 1124 tabellarium.
1875 1062 1924 1134 1)
1993 1057 2131 1121 Nos
2172 1057 2347 1122 illico
2391 1059 2633 1139 scripta

679 1146 845 1212 haec
911 1146 1132 1210 emnia
1196 1144 1693 1228 descripsimus,
1774 1164 2157 1226 responsum
2229 1143 2628 1221 adornaturi,

678 1234 937 1297 interea
996 1229 1152 1295 dum
1212 1231 1324 1294 ille
1367 1252 1591 1295 cursor
1645 1230 1774 1295 huc
1832 1228 2019 1294 redit.
2112 1228 2428 1313 Cupimus
2474 1251 2631 1311 que-

681 1340 812 1401 que
855 1327 1150 1383 vestrum
1194 1336 1581 1398 responsum
1638 1336 2060 1399 cognoscere,
2121 1329 2472 1398 antequam
2519 1314 2631 1379 de-

678 1426 831 1469 mus
887 1416 1200 1467 nestrum.
1288 1402 1572 1484 Ideoque
1631 1421 1967 1485 regamus,
2030 1409 2105 1464 ut
2160 1411 2414 1465 mature
2465 1400 2631 1465 illud

678 1488 867 1555 nobis
934 1486 1331 1572 significetis.
1464 1487 1595 1553 Sed
1681 1485 1839 1569 quid
1918 1486 2144 1550 multis
2222 1508 2384 1570 epus
2478 1485 2625 1551 est?

676 1575 1258 1639 Haereticissimus
1294 1584 1393 1638 est
1433 1573 1644 1649 home,
1692 1589 1758 1635 et
1802 1571 2038 1656 dignus
2073 1593 2199 1655 quo
2234 1582 2631 1638 exoneretur

676 1661 966 1726 ecclesia.
1040 1660 1195 1723 Ideo
1243 1658 1456 1723 brevis
1501 1659 1625 1723 erit
1671 1659 2000 1723 sententia
2034 1668 2259 1723 nest-ra
2296 1658 2375 1723 de
2420 1658 2626 1743 illest)

676 1746 818 1812 Fac
865 1763 1079 1809 tamen
1125 1767 1394 1827 quaese,
1454 1756 1525 1808 ut
1567 1745 1721 1821 cite,
1783 1746 1911 1807 cito
1966 1764 2432 1827 cognoscamus
2480 1766 2624 1809 ves-

675 1844 855 1896 trum
912 1832 1237 1896 iudicium.
1329 1830 1506 1910 Quid
1565 1831 1728 1895 alias
1774 1830 2087 1895 Genevac
2140 1832 2285 1907 fiat,
2343 1853 2427 1897 ex
2485 1831 2626 1913 ipse

676 1917 925 1982 nuncio
1004 1920 1418 2000 cognoscetis.
1542 1918 1727 1981 Bene
1814 1914 1981 1980 vale.
2107 1915 2271 1980 Heri
2366 1917 2624 2000 vesperi

678 2004 1034 2085 Zwinylius
1054 2006 1104 2078 ³)
1164 2024 1418 2085 quoque
1468 2003 1671 2076 venit,
1731 2001 1837 2065 cui
1894 2021 2155 2084 operam
2204 2002 2357 2066 dare
2402 2002 2624 2068 hacte-

676 2110 805 2153 nus
851 2104 1112 2172 prepter
1170 2089 1291 2153 hoc
1348 2089 1677 2171 negotium
1738 2107 1867 2150 nen
1930 2087 2126 2169 potui.
2216 2087 2477 2153 Bernae
2521 2093 2619 2152 26.

674 2173 1009 2257 Septemb.
1070 2180 1245 2237 1553.
1338 2174 1521 2238 Hera
1566 2186 1800 2236 octava
1842 2172 2374 2238 antemeridiana.

1923 2311 2237 2377 Hallerus
2283 2321 2449 2377 tuus.

1556 2874 1747 2944 1808.

1068 3029 1543 3096 SULZERUS
1589 3028 2222 3099 BULLINGERO.

851 3202 1098 3267 Gaudet
1147 3201 1464 3266 Servetum
1506 3201 2004 3283 comprehensum
2060 3220 2189 3264 esse
2232 3205 2287 3262 et
2327 3199 2418 3265 ita
2461 3206 2620 3267 trac-

672 3294 873 3354 tatum
917 3289 1007 3352 iri
1050 3293 1261 3370 sperat
1302 3293 1369 3351 ut
1413 3288 1689 3370 amplius
1732 3306 1940 3351 nocere
1980 3291 2257 3368 nequeat.

684 3461 1042 3582 (Excergtum
1092 3476 1161 3512 ex
1210 3457 1545 3526 autographo
1581 3456 1740 3510 Arch.
1779 3457 1951 3510 Turio.
1999 3456 2143 3509 Plut.
2182 3456 2277 3509 VI.
2334 3455 2450 3510 Vel.
2503 3456 2621 3526 155,

716 3531 847 3583 olim
925 3530 1060 3584 crin.
1097 3528 1158 3582 B.
1195 3528 1333 3596 Epp.
1371 3526 1524 3578 Tem.
1564 3522 1646 3593 33,
1684 3527 1774 3579 fel.
1810 3524 1928 3579 354.
1966 3553 2031 3564 -
2069 3526 2276 3579 Simler.
2312 3525 2427 3579 Vol.
2464 3524 2576 3590 80.)

668 3720 837 3783 Viro
903 3718 1468 3799 praestantissimo
1526 3715 1608 3778 D.
1668 3714 2005 3779 Henricho
2060 3714 2444 3798 Bullingero
2509 3713 2622 3780 do-

864 3806 1047 3867 mino
1093 3814 1157 3867 et
1202 3807 1607 3887 symmystae
1652 3800 2243 3866 observandissime
2286 3822 2420 3866 sue.

666 3977 1386 3988 ——————
1444 3937 1550 4002 De
1598 3937 1838 4002 Ser-veto
1893 3938 2361 4019 comprehense
2407 3939 2623 4020 accepi

671 4048 822 4092 cum
884 4026 1121 4109 gaudie
1181 4025 1493 4089 nuncium
1548 4024 1742 4106 idque
1800 4044 1874 4088 eo
1928 4023 2097 4102 lece,
2156 4024 2268 4088 ubi
2327 4023 2624 4089 videatur

672 4114 957 4179 coerceri
1004 4133 1225 4193 posse,
1273 4131 1356 4173 ne
1404 4110 1705 4191 deinceps
1754 4109 2078 4173 haeretice
2124 4108 2430 4192 dogmate
2475 4111 2623 4174 infi-

672 4199 806 4264 ciat
849 4198 1170 4271 ecclesias,
1220 4216 1491 4278 eamque
1536 4196 1616 4259 ad
1663 4216 1802 4260 rem
1850 4215 2015 4277 opus
2059 4204 2159 4260 est
2202 4197 2438 4261 animis
2488 4196 2621 4261 Ge-

672 4284 1039 4359 nevatibus‚
1088 4281 1347 4365 quande
1406 4283 1536 4345 scio
1575 4303 1707 4345 non
1746 4280 2099 4359 defuturos,
2131 4280 2177 4362 ⁸)
2223 4283 2331 4364 qui
2375 4281 2622 4347 Calvini

671 4370 1159 4452 instigationem
1227 4378 1294 4430 et
1360 4378 1625 4432 senatus
1705 4388 1781 4430 ea
1845 4366 1915 4428 in
1980 4387 2051 4431 re
2129 4367 2618 4449 obsequentiam

674 4456 813 4522 sint
870 4454 1296 4518 vehementer
1356 4454 1802 4535 improbaturi.
1851 4489 2612 4500 ——————

846 4574 1049 4639 Basil.
1097 4577 1196 4636 28.
1237 4572 1565 4654 Septemb.
1614 4576 1792 4636 1553.

1886 4711 2069 4775 rsuus
2114 4710 2445 4777 Sulcerus.

672 4866 921 4874 -·-—-—---
940 4864 1081 4872 —fi-

670 4966 852 5022 1807.
890 4966 947 5033 1)
1020 4967 1080 5018 ui
1112 4966 1298 5019 attulit
1330 4967 1609 5033 epistolam
1655 4969 1765 5022 iam
1802 4968 2098 5038 quatriduo
2143 4976 2306 5024 antea
2340 4970 2616 5038 scriptam.

881 5034 939 5097 2)
980 5080 984 5085 .
1040 5050 1134 5088 aec
1168 5034 1256 5089 ille
1286 5035 1761 5090 moderatissimus.

881 5102 940 5166 3)
990 5101 1223 5170 Utricus,
1260 5106 1446 5172 maqni
1473 5103 1646 5159 Ulrici
1672 5107 1838 5174 filius,
1875 5107 2186 5176 Bullinyeri
2213 5123 2392 5178 yenev·²
2427 5112 2618 5176 pastor

668 5173 974 5225 nosocomii
1019 5171 1325 5225 Turio-ensis
1359 5180 1407 5226 et
1442 5173 1519 5226 ad
1552 5174 1711 5229 aedes
1747 5175 2217 5232 Praedicatorum.

644 5240 854 5294 2808.
886 5240 941 5304 1)
991 5239 1126 5294 E'cce
1157 5239 1343 5294 illum!
1411 5241 1791 5299 Subodoratur
1827 5244 2195 5301 Castellionem
2237 5252 2288 5301 et
2328 5244 2614 5300 Curionem

652 5310 893 5375 ,futuros
934 5307 1156 5361 Caluini
1184 5313 1579 5378 antaqrmistas.

2200 386 2726 455 EPIS'POLAE
2779 392 3024 452 1807—
3036 393 3058 450 l
3071 392 3146 453 81
3165 392 3188 450 1

2672 2156 2679 2329 !

2672 2522 2678 2683 ἓ

2672 2686 2678 2841 ἔ

4540 393 4646 456 628

3619 574 3808 644 1809.

3111 729 3612 797 MUSOULUS
3658 728 4296 796 BULLINGERO.

2910 902 3293 968 Haeresium
3319 901 3633 982 procellae
3667 902 3984 967 irremisse
4018 899 4335 967 eeclesiam
4369 903 4454 966 im
4542 906 4655 967 unt.

2740 988 3033 1053 Ser-vetus
3095 990 3408 1053 Genevam
3481 989 3645 1052 venit
3702 986 3792 1051 ibi
3838 987 4058 1069 pedem
4110 986 4370 1068 fixurus
4539 988 4656 1052 vini

2735 1075 3122 1140 adversariis
3163 1075 3383 1156 fretus,
3430 1079 3488 1138 et
3531 1072 3841 1139 horrenda
3883 1094 4004 1138 sua
4045 1073 4337 1156 doymata
4377 1074 4662 1140 seminare

2733 1165 2941 1240 coepit.

2733 1331 2844 1396 (Ex
2894 1331 3230 1400 autographo
3283 1331 3445 1385 Arch.
3493 1331 3668 1383 Turic.
3719 1331 3862 1383 Plut.
3903 1330 4002 1383 VI.
4054 1330 4145 1383 fol.
4185 1329 4310 1393 153,
4364 1328 4488 1381 olim
4535 1328 4659 1398 Epp.

2734 1401 2886 1452 Tem.
2937 1400 3031 1462 31,
3083 1400 3173 1453 fol.
3224 1398 3339 1452 193.
3381 1427 3441 1436 -
3479 1398 3995 1533 {glefiLngllssJSQ
4067 1398 4140 1452 Cf.
4195 1399 4486 1466 Hettinger
4527 1397 4658 1450 helv.

2903 1641 3478 1705 Praestantissimo
3537 1639 3836 1723 theologe
3883 1640 3962 1702 M.
4009 1638 4374 1704 Heinriehe
4420 1637 4664 1702 Bullin-

2730 1747 2903 1810 gero,
2952 1724 3213 1790 domino
3258 1748 3331 1791 ac
3377 1727 3696 1809 compatri
3739 1746 3856 1789 sue
3899 1725 4251 1791 carissime.

4256 1828 4503 1910 Tiguri.

2902 1964 2972 2031 S.
3050 1964 3622 2044 Quemadmodum
3695 1966 3764 2029 in
3828 1964 4318 2047 tempestatibus
4396 1963 4668 2046 procella

2729 2051 3079 2135 precellam
3139 2050 3586 2116 indesinenter
3640 2052 4060 2133 subsequitur
4128 2071 4202 2115 ae
4258 2049 4494 2125 trudit,
4561 2049 4665 2127 its,

2729 2146 3060 2220 compater
3104 2138 3172 2201 in
3220 2137 3496 2201 Domino
3539 2137 3902 2214 carissime,
3965 2136 4334 2201 doctrinam
4381 2136 4668 2201 veritatis

2728 2225 3101 2288 irremissae
3138 2223 3482 2288 haeresum
3520 2222 3974 2288 altercationes
4010 2224 4324 2304 impetere
4359 2243 4495 2286 nen
4537 2241 4667 2285 ces-

2729 2320 2892 2375 sant.
2984 2309 3176 2374 Facit
3221 2309 3344 2374 hec
3402 2308 3662 2391 quidem
3717 2309 4072 2392 plurimum
4116 2309 4198 2372 ad
4244 2306 4668 2391 comproban-

2730 2395 2878 2459 dam
2923 2395 3226 2459 veritatis
3281 2394 3695 2459 soliditatem.
3787 2395 4038 2459 Verum
4098 2396 4347 2458 interea
4392 2391 4670 2458 orandus

2729 2490 2827 2545 est
2873 2482 3197 2544 Dominus
3243 2490 3316 2544 ut
3359 2482 3468 2562 qui
3512 2481 3579 2544 in
3624 2481 3778 2544 navi
3825 2481 3947 2547 hac
3991 2501 4186 2544 verae
4231 2480 4541 2544 ecclesiae
4581 2477 4670 2544 fe-

2729 2576 2966 2630 runtur
3025 2574 3090 2629 et
3148 2567 3504 2643 iactantur,
3577 2567 3795 2630 animo
3851 2568 4039 2630 firme
4098 2574 4166 2629 et
4218 2564 4505 2631 infracto
4561 2584 4673 2647 per

2728 2653 2930 2734 ipsius
2974 2653 3247 2734 gratiam
3310 2654 3378 2716 in
3427 2655 3702 2717 veritate
3746 2652 4116 2735 perdurent.
4208 2651 4532 2716 Videmus
4573 2671 4671 2715 ec-

2729 2738 2992 2803 clesiam
3053 2737 3514 2803 Genevensem
3572 2738 3813 2802 mirum
3873 2740 3944 2801 in
4013 2737 4280 2801 modum
4346 2737 4581 2819 impeti
4636 2756 4675 2800 a

2729 2822 3046 2887 ministris
3083 2822 3388 2899 Satanae,
3435 2845 3634 2907 quare
3670 2825 3980 2890 convenit
4020 2834 4096 2886 ut
4131 2823 4459 2888 luctantes
4503 2821 4675 2887 illius

2727 2910 3064 2974 ministres
3089 2911 3263 2975 vires
3287 2909 3528 2985 fideles,
3568 2908 3866 2992 precibus
3902 2908 4182 2974 assiduis
4217 2910 4288 2972 in
4323 2916 4675 2991 conspectu

2727 2994 3001 3060 Domini
3043 2997 3363 3061 iuvemus.
3437 2995 3725 3060 Michael
3775 2993 4082 3072 ServetuS,
4128 2996 4238 3077 qui
4275 3005 4428 3059 ante
4472 3012 4677 3059 annos

2725 3081 2962 3165 viginti
3013 3083 3438 3168 Argentorati
3479 3081 3637 3159 fuit,
3668 3086 3715 3158 ¹)
3763 3080 3979 3163 ibique
4024 3082 4208 3144 virus
4250 3102 4451 3146 suum
4498 3100 4674 3163 spar-

2727 3188 2881 3250 gere
2926 3168 3171 3248 ceepit,
3217 3189 3425 3250 nuper
3470 3167 3812 3233 Genevam
3857 3167 4073 3245 venit,
4134 3166 4463 3233 abusurus
4507 3165 4674 3230 invi-

2727 3252 2860 3331 dia,
2940 3273 3070 3334 qua
3143 3263 3484 3336 magnates
3550 3252 3686 3319 illic
3756 3252 4087 3318 Calvinum
4165 3262 4671 3335 prosequuntur.

2727 3337 3039 3419 Speravit
3082 3360 3152 3403 se
3197 3339 3331 3404 illic
3375 3339 3594 3405 sedem
3639 3339 3940 3404 invenire
3984 3360 4192 3422 posse,
4236 3338 4411 3402 unde
4463 3348 4536 3402 et
4579 3358 4678 3401 re-

2726 3422 2922 3505 liquis
2988 3424 3278 3491 ecclesiis
3342 3427 3673 3509 negotium
3751 3425 3962 3490 faeere
4036 3438 4265 3506 posset.
4286 3426 4340 3504 ²)
4446 3423 4678 3506 Coepit

2727 3511 3053 3574 seminare
3119 3532 3341 3576 semen
3403 3512 3760 3593 impietatis
3827 3520 3893 3574 et
3951 3531 4141 3576 voces
4205 3511 4286 3574 de
4351 3508 4678 3592 capitibus

2728 3594 3065 3678 religionis
3121 3604 3384 3662 nostrae
3444 3597 3752 3661 eiaculari
3823 3597 4245 3661 vehementer
4309 3597 4554 3677 impias
4616 3599 4680 3658 et

2730 3682 2975 3757 noxias,
3037 3682 3117 3746 (16
3161 3682 3331 3761 Deo,
3390 3683 3470 3747 de
3515 3684 3782 3760 deitate,
3847 3682 3925 3747 de
3970 3680 4039 3748 S.
4087 3679 4353 3760 Tfiade,
4401 3681 4490 3747 de
4534 3701 4680 3764 per-

2728 3767 2904 3832 senis
2949 3768 3321 3847 Trinitatis,
3368 3767 3448 3832 de
3495 3769 3741 3843 Verbo,
3805 3769 3883 3832 de
3928 3767 4218 3850 Spiritu,
4281 3765 4360 3831 de
4405 3766 4681 3831 Christo

2727 3853 2861 3917 filie
2907 3851 3065 3929 Dei,
3113 3854 3191 3918 de
3235 3855 3454 3919 anima
3499 3864 3564 3918 et
3609 3876 3804 3919 carne
3848 3854 4056 3933 illius,
4113 3854 4192 3918 de
4238 3853 4676 3917 communica·

2726 3939 2903 4003 tione
2948 3937 3393 4005 substantialis
3439 3939 3716 4019 deitatis,
3764 3941 3843 4005 de
3879 3940 4131 4023 origine
4177 3948 4244 4002 et
4288 3939 4682 4004 aeternitate

2725 4025 3074 4107 spirituum
3119 4034 3519 4105 nostrerum,
3580 4027 3660 4091 de
3706 4027 4012 4109 Angelis,
4074 4034 4140 4089 et
4183 4024 4262 4089 de
4306 4023 4679 4107 paedobap-

2726 4110 3004 4175 tismate.
3096 4112 3242 4176 Hac
3287 4112 3367 4177 de
3407 4133 3478 4177 re
3522 4114 3655 4177 scie
3698 4134 3815 4177 ves
3862 4112 4081 4176 literas
4136 4120 4203 4174 et
4245 4110 4498 4194 scripta
4542 4110 4678 4175 Ge-

2727 4198 3110 4261 nevensium
3157 4200 3493 4280 accepisse.
3585 4199 3799 4281 Rege,
3849 4207 3922 4261 ut
3967 4198 4150 4262 nobis
4193 4207 4481 4261 vestram
4528 4214 4677 4261 sen·

2726 4282 2998 4346 tentiam
3069 4284 3582 4350 communicetis.
3688 4283 4132 4348 Vehementer
4203 4282 4528 4347 abhorreo
4598 4280 4679 4345 ab

2725 4369 2867 4433 istis
2914 4378 3048 4433 tam
3094 4372 3305 4433 noxiis
3327 4380 3392 4432 et
3433 4369 3651 4450 impiis
3694 4369 4121 4453 dogmatibus.
4187 4367 4438 4432 Infelix
4482 4368 4678 4431 hemo

2724 4475 2844 4518 sua
2888 4475 2970 4518 ex
3015 4457 3275 4538 scriptis
3299 4455 3687 4519 Tertulliani
3733 4466 3801 4520 et
3836 4455 4094 4519 Irenaei
4139 4454 4369 4520 fulcire
4412 4454 4676 4531 nititur,

2725 4540 2909 4622 quasi
2952 4540 2999 4603 ii
3043 4540 3162 4605 seli
3208 4540 3602 4606 christianae
3659 4541 3809 4605 fidei
3878 4541 4025 4625 puri
4067 4540 4313 4605 fuerint
4356 4538 4677 4615 doct-ereS,

2724 4626 2961 4689 caeteri
3005 4647 3260 4704 emneS,
3323 4648 3362 4690 a
3406 4627 3654 4693 Niceno
3715 4628 4018 4703 coneilio,
4079 4626 4227 4691 falsi
4285 4635 4351 4690 et
4394 4623 4679 4690 erronei.

2722 4900 2901 4955 1809.
2931 4902 2989 4967 1)
3023 4902 3189 4953 Arme
3225 4898 3373 4953 1530.
3452 4898 3625 4967 Quum
3662 4914 3821 4952 suum
3856 4900 4053 4953 librum
4088 4900 4155 4952 de
4199 4899 4487 4953 Τιὺιιϊαίίε
4521 4910 4679 4951 erro-

2722 4972 2876 5023 ribus
2911 4986 3058 5024 anno
3092 4985 3148 5020 se
3189 4975 3341 5022 uente
3375 4968 3659 5033 edidisset,
3710 4967 3959 5022 Bucerus
4009 4970 4064 5021 ei
4105 4976 4269 5021 autor
4297 4968 4411 5034 fuit
4442 4974 4506 5020 ut
4539 4964 4680 5019 urbe

2722 5039 3010 5093 excederet.
3107 5036 3151 5093 O
3174 5077 3186 5090 .
3228 5036 3332 5105 Ep.
3370 5039 3488 5091 eius
3529 5036 3665 5104 Opp.
3709 5035 3856 5090 Calv.
3897 5037 4050 5090 VIII.
4094 5052 4153 5105 p.
4189 5034 4308 5091 868.
4393 5032 4679 5090 Βοῶν-ἰῶ

2716 5124 2774 5175 p·
2814 5107 2875 5160 81
2916 5123 2995 5240 139)
3030 5174 3180 5229 Haec
3225 5190 3373 5227 mera
3424 5176 3711 5229 mendacia
3770 5189 3886 5227 esse
3931 5175 4286 5229 certissimum
4337 5179 4429 5227 est.
4521 5170 4679 5225 Istos

2719 5244 3125 5368 mapggifum
3161 5245 3273 5297 viri
3302 5243 3539 5299 adduxit
3575 5248 3634 5297 ut
3665 5242 3883 5312 quidvis
3917 5250 4106 5299 temere
4122 5258 4374 5313 sparsum
4407 5242 4516 5295 sibi
4546 5254 4679 5307 per·
