4900 6167
215 421 323 484 533

212 613 270 670 et
306 605 623 673 choi-cher
679 616 749 670 et
799 605 983 673 veoir
1036 606 1133 672 les
1189 626 1300 673 mo
1346 627 1465 673 ens
1521 625 1642 691 par
1843 604 1986 673 uels
2040 604 2153 671 lon

212 691 455 774 pouroit
499 689 680 757 selon
701 689 877 757 Dieu
922 698 1159 759 mettre
1437 713 1564 777 que
1601 690 1758 757 telle
1850 691 1863 707 '

211 777 282 842 de
322 777 721 844 ceremonias
763 798 848 843 ne
891 796 1062 844 nous
1094 778 1274 845 fusse
1316 778 1466 861 plus
1507 797 1843 862 proposse.

918 912 1165 1002 (Soelle
1210 914 1298 981 du
1342 913 1555 983 Soeau
1599 912 1681 982 de
1724 915 1793 981 la
1833 912 2063 999 Viuo.)

967 1206 1376 1216 ——n———u—

1084 1423 1274 1498 178⁹.

585 1559 1250 1631 BULLINGERUS
1295 1560 1744 1629 OALVINO.

363 1733 749 1802 Gratulatur
787 1733 1043 1802 Fmao
1082 1734 1666 1816 convalescentiam
1706 1734 1988 1801 vindieat
2028 1734 2148 1803 Bc„

206 1822 438 1887 blaaudr·
438 1842 554 1887 um
596 1843 641 1888 a
682 1821 1037 1903 weptmone'
912 1821 926 1835 ⁶
1091 1819 1338 1886 hostilis
1392 1818 1464 1884 in
1683 1819 1698 1836 ‘
1910 1823 2149 1904 anisii,-

207 1914 384 1973 monet
435 1914 512 1972 ut
578 1910 647 1972 in
701 1908 967 1974 editione
1020 1925 1278 1990 operum
1339 1903 1807 1990 Oecolampadii
1866 1906 2148 1975 Genevae

197 2000 415 2077 parata
457 2015 540 2059 ne
581 1993 739 2076 quid
772 1998 992 2059 tenere
1033 1996 1322 2058 mtdur.

81 2176 89 2217 ῐ
207 2166 301 2230 (Ex
342 2173 578 2237 autogra
613 2165 688 2219 110
722 2163 853 2219 Ood.
890 2165 1096 2219 GeneV.
1135 2161 1237 2217 114
1255 2203 1270 2229 ‚
1312 2163 1405 2218 sol.
1439 2161 1507 2217 76
1552 2179 1784 2233 quocum
1818 2163 2146 2220 contulimus

207 2235 316 2290 coci
357 2234 501 2302 ma,
540 2234 633 2288 ro.
670 2232 804 2304 2323
841 2232 1169 2305 uppem.
1195 2231 1287 2287 vr„
1323 2250 1378 2301 p.
1400 2230 1523 2303 299,
1557 2232 1849 2288 etsimlori
1871 2232 1995 2288 v01.
2035 2231 2144 2302 79.)

208 2406 579 2473 Clarissimo
639 2406 788 2472 viro
833 2406 917 2472 D.
964 2404 1197 2471 Ioanni
1240 2403 1520 2471 Calvino
1564 2403 1981 2472 Genevensis
2040 2426 2143 2473 ec-

204 2492 419 2559 clesiae
462 2492 600 2558 fido
642 2493 889 2576 pastori
952 2489 1232 2590 domino·
1261 2489 1640 2558 honorando
1684 2499 1753 2558 et
1794 2491 1984 2557 fratri
2027 2512 2145 2559 suo

1009 2596 1366 2643 carissimo.

357 2715 427 2783 S.
479 2717 567 2782 D.
647 2712 983 2781 Iucundae
1053 2713 1220 2780 mihi
1278 2715 1549 2779 fuerunt
1604 2713 1835 2780 literae
1891 2721 2062 2795 tuae,
2091 2721 2144 2793 ¹)

207 2800 573 2867 honorande
632 2802 759 2865 Vir
818 2799 1075 2867 Calvina
1095 2851 1109 2874 ‚
1179 2807 1256 2864 ‘et
1320 2798 1492 2884 quod
1562 2808 2150 2868 commemorarent

79 2963 88 2974 Ι
209 2888 276 2952 D.
321 2887 656 2953 Far-ellum
697 2885 883 2952 nobis
928 2908 1012 2952 ex
1048 2886 1327 2951 mortuis
1371 2885 1769 2966 restitutum,
1820 2887 1959 2953 Deo
2002 2907 2151 2972 gra·

209 2976 313 3052 tia,
368 2985 436 3039 et
496 2972 672 3056 quod
730 2972 931 3039 talem
973 2972 1243 3037 omnino
1288 2993 1445 3058 erga
1488 2993 1595 3038 me
1640 2981 2040 3040 testarentur
2082 2981 2148 3039 te

73 3089 78 3098 ·
209 3080 360 3140 esse,
438 3059 705 3143 qualem
772 3079 893 3144 ego
959 3058 1319 3143 sperabam.
1428 3057 1858 3126 Iucundiores
1924 3068 2147 3124 autem

210 3145 395 3210 multo
429 3145 744 3222 fuissent,
790 3145 916 3210 nisi
952 3154 1575 3210 commemorassent
1618 3146 1838 3210 neseio
1874 3143 2030 3228 quid
2068 3144 2149 3211 de

211 3243 411 3296 nostro
458 3230 862 3306 Bibliandro,
906 3237 1323 3313 praeceptore
1364 3239 1607 3305 nost10‚
1655 3231 1796 3295 viro
1832 3241 2004 3296 corte
2040 3231 2148 3313 pio

211 3331 267 3379 et
307 3317 512 3395 docto,
557 3337 752 3401 quem
798 3337 931 3381 non
967 3331 1126 3399 puto
1163 3327 1354 3380 tuum
1390 3335 1530 3381 esse
1568 3315 1844 3394 hostem,
1891 3318 2150 3383 tametsi

212 3424 324 3467 non
365 3404 597 3468 omnia
638 3414 753 3467 tua
794 3401 922 3486 ipsi
958 3402 1336 3485 probentur.
1424 3401 1575 3467 Non
1621 3402 1845 3467 omnia
1888 3401 2152 3485 placent

211 3489 350 3554 mihi
410 3492 481 3554 in
543 3490 882 3555 veteribus
937 3487 1396 3569 scriptoribus,
1464 3496 1755 3552 attamen
1811 3488 1960 3554 illos
2017 3508 2147 3554 non

213 3572 398 3641 habeo
459 3595 583 3660 pro
642 3575 960 3640 hostibus.
1053 3574 1142 3639 Et
1196 3583 1272 3638 tn
1327 3593 1583 3656 quoque
1627 3573 1858 3640 scribis
1901 3574 1969 3639 in
2016 3574 2149 3639 tuis

213 3658 326 3726 illis
380 3661 463 3727 ad
528 3682 634 3726 me
691 3659 903 3725 literis
923 3712 936 3737 ,
1000 3681 1120 3725 nos
1177 3681 1311 3724 non
1355 3656 1769 3742 respondisse
1812 3669 2150 3742 exspecta-

213 3747 354 3812 tioni
411 3758 570 3813 tuae
613 3746 683 3811 in
745 3746 1196 3812 controversia
1238 3744 1796 3829 Hieronymiana:
1858 3754 2148 3811 attamen

215 3833 538 3900 vinculum
572 3833 836 3899 unionis
873 3840 941 3898 et
983 3831 1291 3907 caritatis,
1338 3852 1416 3896 ea
1458 3852 1529 3895 re
1575 3851 1708 3896 non
1754 3852 1897 3897 esse
1940 3830 2149 3897 dissu-

215 3925 353 3984 tum.
442 3917 676 4002 Neque
720 3930 881 4002 puto
927 3916 1384 3984 Bibliandmm
1437 3926 1734 3981 nostrum
1780 3917 1987 3983 ullum
2033 3917 2152 3982 ha-

216 4000 346 4070 bere
386 4007 457 4071 in
507 4003 810 4069 manibus
839 4003 1081 4070 librum
1118 4009 1349 4069 contra
1382 4011 1449 4069 te
1484 4002 1804 4069 hostilem.
1825 4006 1883 4083 2)
1954 4005 2152 4069 Atro-

217 4090 368 4155 ciora
399 4093 570 4157 forte
604 4089 777 4173 apud
822 4100 888 4154 te
923 4089 1220 4156 referunt
1262 4088 1547 4172 quidam,
1592 4110 1788 4172 quam
1834 4110 1951 4172 pro
1993 4110 2151 4172 pru-

215 4172 417 4243 dentia
477 4186 547 4242 et
621 4177 894 4242 caritate
978 4173 1426 4242 conservanda
1499 4175 1740 4259 alioqui
1815 4174 2149 4241 deberent.

219 4258 350 4327 Scio
391 4261 657 4347 quidem
700 4282 893 4329 voces
936 4260 1110 4326 ultro
1156 4262 1448 4344 citroque
1482 4262 1755 4326 iactatas
1800 4270 1866 4326 et
1901 4259 1982 4324 ab
2025 4260 2152 4326 im-

219 4347 595 4427 pudentibus
629 4349 924 4430 utrisque
959 4348 1271 4424 effutitas,
1317 4347 1570 4413 animos
1603 4348 1739 4412 fere
1776 4346 2152 4431 disiungere

219 4442 321 4498 aut
357 4434 728 4501 abalienare
744 4484 759 4510 ‚
823 4433 1112 4499 maxime
1168 4453 1374 4516 quum
1430 4433 1637 4499 hostis
1682 4443 1951 4499 sanctae
1996 4453 2149 4498 con-

219 4519 455 4586 cordiae
499 4519 808 4605 frigidam
863 4540 1117 4619 quoque
1176 4519 1460 4585 libenter
1504 4517 1863 4585 suffundat.
1952 4518 2149 4584 'Pem-

220 4607 563 4686 ρει-3311331
597 4604 864 4691 quidem
899 4607 1139 4671 animis
1172 4624 1316 4670 esse
1351 4625 1602 4683 censeo,
1646 4623 1721 4671 ac
1755 4624 1835 4671 ea
1866 4604 2152 4670 arbitror
2179 4663 2188 4670 .
2257 4679 2274 4684 -

221 4687 610 4758 humanitate
678 4691 1048 4775 praeditum
1107 4688 1567 4758 Beliandrum
1631 4711 1850 4757 meum
1871 4741 1886 4767 ‚
1962 4698 2037 4755 ut
2094 4690 2153 4756 si

223 4778 441 4845 amicas
497 4780 562 4843 ei
620 4778 847 4843 literas
907 4778 1257 4855 scriberes,
1327 4796 1462 4842 non
1514 4797 1629 4843 eas
1694 4784 1772 4843 ut
1826 4776 1907 4841 ab
1963 4776 2152 4842 hoste

408 5073 467 5207 2))
503 5139 782 5195 Eddana
813 5153 868 5193 a.
908 5136 1042 5192 1535
1071 5137 1332 5194 Bucam
1362 5136 1561 5192 ῑῶναιι
1594 5135 1664 5190 de
1699 5136 1944 5207 legitima
1977 5136 2152 5191 vindi·

228 5205 416 5261 atione
451 5208 836 5263 christianismi
871 5209 991 5262 veri
1025 5213 1084 5262 et
1116 5206 1457 5278 sempiterni,
1504 5206 1567 5260 ἐκ
1609 5220 1717 5276 qno
1752 5205 2067 5275 emptio-‘tor
2102 5211 2156 5261 et

229 5272 287 5326 ab
332 5279 476 5331 omni
523 5277 824 5333 suauitate
885 5275 1215 5347 mandi
1274 5275 1486 5332 alim
1538 5289 1695 5329 3113111
1729 5275 2050 5332 mantiam
2085 5273 2154 5331 de

223 5344 694 5405 praedestinat-'one
726 5346 960 5402 dixerat.

1995 418 2154 481 1553
2199 416 2397 485 MAI.

4088 428 4217 492 534

2255 605 2581 758 ΨΜ
2715 695 2735 722 ·.
2924 697 2937 710 ·
3089 611 3417 712 Dominus
3460 612 3649 679 Iesus
3706 612 4047 681 benedicat
4088 636 4211 681 no·

2375 742 2390 770 ,
2435 700 2513 758 ut
2555 692 2841 761 fideliter
2880 716 3024 762 eius
3068 697 3345 782 gloriam
3395 697 3570 782 apud
3615 720 3842 766 omnes
3884 720 4209 786 propage-

2255 797 2408 842 mus
2463 786 2692 845 nostro
2748 781 3135 848 ministerio.
3221 781 3393 850 Vale
3451 803 3602 850 cum
3661 784 3965 851 omnibus
4024 805 4208 870 sym-

2256 862 2493 964 mystis
2530 871 2603 963 et
2643 865 2978 947 fratribus,
3026 866 3304 936 dominis
3340 868 3758 936 honorandis.
3830 869 3967 937 Sed
4011 870 4205 937 audio

2256 969 2348 1099 Ἠ
2391 951 2893 1103 ffmm‘i'pffl}
2939 952 3612 1107 ffffltss‘fizfflff
3643 976 3766 1107 3⁷32
3789 956 4206 1108 (3.ῗὲἓὲἒὲ

2257 1086 2463 1186 haim}
2499 1121 2632 1187 viri
2676 1089 2898 1189 sansa'
2929 1123 3276 1205 labonbus,
3322 1126 3514 1210 qualo
3554 1127 3852 1193 evenisse
3896 1128 4030 1194 seio
4072 1128 4204 1194 As-

2338 1204 2569 1273 ntinae
2624 1208 2697 1273 in
2738 1209 2881 1275 eius
2927 1208 3210 1276 Ieremia
3268 1217 3337 1277 et
3377 1211 3740 1279 Ezechiele.
3830 1212 4206 1281 Praestabis

2305 1292 2361 1358 'c
2404 1292 2710 1361 omnibus
2765 1295 2893 1379 piis
2935 1302 3004 1362 et
3055 1297 3401 1363 universae
3459 1297 3768 1365 ecclesiae
3825 1319 3967 1364 rem
4010 1320 4204 1368 sanc-

2253 1377 2576 1480 tissimam
2617 1379 3184 1531 utilis-simaquue.
3272 1383 3620 1485 Rependet
3662 1381 3780 1452 tibi
3823 1385 4023 1486 etiam
4065 1385 4204 1451 Do-

2253 1483 2483 1565 minus
2518 1487 2591 1530 13
2636 1465 2742 1533 die
2782 1466 2913 1532 1113.
3068 1489 3176 1534 1νο
3232 1479 3298 1535 et
3355 1470 3505 1537 vale
3548 1478 3792 1537 iterum
3836 1479 3906 1537 et
3945 1477 4203 1550 iterum,

2255 1549 2488 1635 Tiguri
2532 1554 2632 1617 22.
2681 1552 2846 1619 Maii
2890 1573 3062 1619 anno
3116 1559 3293 1620 1553.

3387 1692 3817 1779 Bullingerus
3862 1705 4033 1760 tuus.

2637 606 3000 692 repelleret.

3029 1985 3434 1994 ———

3133 2217 3325 2289 1740.

2803 2371 3168 2441 OHEOUS
3214 2372 3651 2441 CALVINO.

2426 2543 2778 2627 Respondet
2819 2546 2907 2611 cd
2942 2565 3248 2627 ntcperam
3288 2547 3427 2612 eius
3468 2546 3793 2630 epistolam
3826 2546 4046 2613 laudes
4079 2547 4207 2614 sibi

2249 2629 2559 2696 cumulate
2601 2629 2841 2696 oblatas
2881 2629 3266 2698 cumulatius
3306 2630 3668 2699 retribuens,

2254 2801 2366 2867 (Ex
2402 2801 2717 2871 apographo
2753 2800 2967 2858 Oodicis
3004 2802 3329 2856 Parisiensis
3365 2803 3499 2857 Coll.
3536 2795 3731 2873 D'upuy
3767 2803 3886 2871 102,
3922 2802 4012 2858 fol.
4049 2802 4117 2858 89
4152 2822 4204 2857 v.

2539 2869 2771 2925 Pravam
2807 2871 3138 2926 latinitatem
3176 2872 3432 2925 librarius
3467 2873 3709 2942 peiorem
3746 2871 3917 2940 fecit.)

2427 3040 2680 3127 Oulpae
2743 3041 3006 3109 veniam
3075 3062 3275 3127 quam
3341 3041 3713 3126 deprecaris
3739 3048 3791 3121 ¹)
3871 3044 4059 3109 facile
4125 3042 4207 3110 do

2255 3128 2392 3206 tibi,
2444 3125 2721 3205 Calvina,
2766 3148 2976 3211 neque
3016 3135 3089 3192 tu
3125 3149 3415 3211 unquam
3455 3129 3905 3195 vehementior
3946 3131 4019 3194 in
4054 3149 4207 3195 con-

2253 3212 2583 3280 tendendo
2620 3214 2750 3279 eris
2786 3234 2981 3297 quam
3021 3235 3142 3298 ego
3176 3214 3428 3281 facilior
3460 3214 3532 3281 in
3552 3214 3912 3300 largiendo
3974 3212 4207 3296 Quan-

2255 3320 2453 3384 quam
2498 3305 2718 3364 autem
2779 3299 3039 3383 culpam
3094 3299 3371 3364 minime
3428 3298 3675 3379 iudico,
3734 3299 3816 3365 ad
3874 3302 4211 3367 hominem

2252 3387 2550 3469 ignotum
2595 3385 2864 3450 minime
2906 3385 3217 3463 scribere,
3263 3407 3469 3468 quum
3513 3395 3735 3451 tamen
3779 3394 3856 3453 tu
3901 3408 4044 3452 eam
4086 3387 4209 3452 tibi

2252 3471 2536 3553 imponis
2581 3489 2861 3555 agnosco
2906 3470 3207 3555 equidem
3265 3473 3361 3536 ita
3403 3493 3545 3539 esse
3562 3524 3577 3551 ,
3644 3492 3776 3538 non
3818 3472 4013 3539 modo
4053 3473 4208 3555 quia

2254 3556 2568 3622 iudicium
2628 3566 2813 3621 tuum
2871 3557 3141 3639 plurimi
3195 3556 3391 3635 facio,
3452 3558 3565 3624 sed
3624 3558 3826 3623 etiam
3883 3559 4039 3641 quia
4093 3558 4209 3623 ubi

2256 3663 2389 3708 non
2433 3641 2760 3709 scribendi
2806 3641 3063 3725 culpam
3100 3643 3342 3720 fateris,
3389 3643 3714 3710 scribendi
3748 3642 4038 3710 studium
4072 3663 4208 3709 non

2253 3727 2658 3794 intermittis.
2756 3728 2863 3793 De
2928 3750 3004 3793 eo
3060 3737 3281 3794 autem
3336 3737 3550 3796 tantas
3606 3728 3726 3794 tibi
3782 3730 4028 3813 gratias
4084 3749 4209 3814 ago

2255 3822 2536 3898 quantas
2579 3834 2699 3897 par
2742 3821 2876 3892 est,
2934 3813 3185 3879 homini
3245 3814 3623 3880 doctissimo
3681 3835 3757 3880 ac
3799 3814 4210 3898 pientissimo

2256 3909 2323 3966 et
2375 3920 2638 3967 mecum
2686 3899 2913 3964 multis
2980 3899 3061 3965 de
3129 3901 3341 3965 causis
3410 3902 3958 3968 coniunctissimo.
4059 3900 4211 3966 Etsi

2256 3988 2432 4054 enim
2489 3986 2923 4050 humanitatis
2983 3993 3052 4049 et
3102 3985 3358 4071 ingenii
3373 3988 3426 4065 2)
3482 4007 3726 4070 magna
3769 3987 4045 4053 societas
4088 3996 4209 4065 est,

2256 4073 2497 4138 arctior
2539 4079 2763 4137 tamen
2808 4080 2909 4136 est
2950 4071 3320 4137 coniunctio
3366 4070 3737 4152 doctrinae,
3785 4093 3914 4156 qua
3954 4079 4212 4137 mentes

2257 4156 2692 4224 similitudine
2728 4156 3011 4242 quadam
3048 4157 3385 4223 sociantur
3419 4158 3821 4223 arctissimae
3853 4156 4209 4243 religionis,

2256 4264 2386 4327 qua
2408 4243 2681 4327 spiritus
2707 4242 2998 4308 maxima
3037 4243 3336 4309 veritatis
3371 4245 3832 4310 communione
3865 4243 4207 4309 continen-

2257 4338 2384 4395 tur.
2475 4329 2566 4394 Et
2608 4349 2811 4414 quum
2867 4348 3094 4393 omues
3148 4328 3230 4394 ad
3274 4351 3501 4395 veram
3546 4329 3670 4395 Dei
3716 4330 4211 4396 venerationem

2258 4415 2612 4494 nascimur,
2654 4422 2723 4480 et
2766 4415 2848 4481 ad
2886 4415 3061 4480 hunc
3097 4414 3287 4498 quasi
3323 4417 3521 4481 finem
3558 4416 3782 4480 omnia
3822 4414 4040 4482 studia
4073 4414 4209 4480 fac·

2255 4513 2451 4585 taque
2486 4501 2926 4578 conferantur,
2973 4521 3051 4566 ea
3086 4499 3281 4567 debet
3315 4501 3669 4567 amicitiam
3705 4510 3773 4567 et
3814 4500 4209 4568 benevolen-

2463 4791 2526 4860 3)
2565 4792 2659 4849 Vel
2689 4791 2871 4859 falsus
2914 4805 3130 4857 rumor,
3176 4791 3258 4845 vel
3305 4791 3592 4845 conanimi
3639 4798 3943 4861 wceptum
3992 4789 4209 4861 quidem

2257 4877 2370 4917 11011
2403 4876 2534 4917 vero
2566 4859 2646 4917 ad
2675 4861 2840 4943 finem
2869 4859 3205 4928 perductum.
3264 4857 3675 4930 Oceolampadii
3712 4860 3896 4930 Opera
3928 4873 4211 4929 nunquan

2256 4931 2478 5014 collecta
2518 4929 2863 5012 prodierunt.
2945 4928 3037 5012 12⁶
3086 4927 3524 5012 commetitur-iis·
3549 4932 3693 4996 eius,
3747 4945 3816 4985 ex
3857 4933 4021 4998 parte
4060 4932 4208 4997 post-

2252 4999 2454 5122 ξέἔοοε,
2491 5016 2531 5055 a
2563 4997 2704 5055 nalo
2722 4997 2865 5068 fidus
2899 4998 3198 5056 edetonbuo
3231 4995 3548 5068 ἄορναυατω
3581 5015 3632 5055 v.
3668 4998 3902 5068 Rev-⁸09,
3942 4995 4115 5052 Oecol.
4135 4995 4211 5051 11.

2257 5083 2534 5205 ivff'i)
2575 5135 2661 5218 os.
2710 5133 2995 5218 1131791.
3074 5134 3270 5192 Auem
3319 5134 3392 5191 N.
3431 5133 3566 5189 1711
3611 5135 3701 5218 aaa
3744 5150 3858 5190 ..οη
3884 5134 4211 5217 ‚rapsace-w,

2256 5222 2327 5262 ⁶⁰²
2359 5203 3793 5344 wffwtmmfmwffi.
3802 5203 4003 5330 sm
4053 5269 4219 5329 ..a

2254 5342 2428 5401 dubia
2460 5349 2604 5400 aaut.

3703 5424 3801 5482 34*
