4900 6167
81 4341 82 4398 ἶ
196 4314 435 4384 eschstte,
470 4333 569 4372 sur
601 4316 806 4372 l'heure
842 4325 994 4388 print
1027 4319 1082 4373 ls

81 4455 82 4462 ἵ
195 4397 313 4450 pour
345 4385 426 4440 les
459 4386 680 4441 induire
713 4404 749 4442 a
781 4388 1027 4457 supplici·
1070 4404 1110 4458 p
1132 4404 1196 4443 us
1241 4388 1353 4443 fort
1397 4388 1448 4442 le
1483 4387 1589 4444 Boi
1674 4405 1705 4443 e
1750 4389 1950 4474 rendre
1984 4391 2132 4445 leurs

81 4527 82 4538 κ
196 4452 1209 4588 ῥοᾞιὲῗὼωξὲῃθέἕέιῧῗὲ
1227 4455 1537 4595 ,mm
1573 4458 1913 4583 mm

233 416 334 483 493

229 613 483 675 vestrum
524 603 815 674 studium
877 607 947 671 in
1000 606 1086 672 iis
1141 606 1601 692 procurandis,
1659 627 1826 692 quae
1869 612 2014 674 tum
2056 608 2140 676 ad

226 695 497 778 pietatem
552 690 673 757 reli
725 691 1066 775 ’onemque
1121 692 1547 758 christianam
1602 692 2138 777 promovendam,

228 791 340 845 tum
377 778 570 844 etiam
740 777 1036 845 membra
1072 776 1323 844 Christi
1356 777 1601 845 iniuste
1645 778 1887 845 afflicta
1929 779 2139 846 suble-

224 862 407 931 vanda
446 871 778 948 spectant,
834 863 958 930 has
1013 861 1096 928 ad
1160 884 1282 930 vos
1337 861 1690 930 mittendas
1743 866 2139 944 censuimus,

224 958 295 1030 ut,
349 950 654 1034 qnoniam
721 970 840 1016 nos
910 949 1270 1017 maioribus
1333 950 1716 1017 cumulastis
1785 951 2135 1033 beneficiis,

222 1056 386 1121 quam
425 1046 541 1139 ant
571 1035 897 1135 hactenus
927 1036 1270 1137 promeriti
1311 1035 1648 1126 fuerimus,
1691 1046 1807 1103 ant
1849 1057 2138 1122 unquam

220 1120 1161 1275 issmssrssonvffifflffiffiffl
1168 1121 1450 1287 ..2³53
1477 1143 1598 1274 ¹32¹
1616 1122 1760 1293 12¹2}
1803 1131 2136 1276 2⁴³5qu

219 1292 451 1360 ferenda
491 1294 711 1380 gratia
753 1315 840 1359 ne
882 1294 1172 1379 cogitare
1215 1291 1480 1378 quidem
1521 1295 1860 1379 possimne.
1948 1295 2137 1362 Nun-

217 1379 1163 1550 33330202331'033211'
1166 1379 1508 1549 {2⁰³3ss
1524 1387 1854 1534 θὲεἷξέῗιέῗ
1896 1382 2138 1552 ἰῖηὲἓί

217 1572 388 1635 quum
430 1559 499 1617 et
542 1551 804 1617 illorum
848 1549 1174 1636 praesidio
1219 1561 1287 1618 et
1330 1562 1547 1618 vestro
1590 1552 1812 1619 favore
1877 1574 2000 1619 nos
2054 1554 2135 1620 ab

215 1638 558 1703 imminenti
601 1637 833 1703 mortis
877 1638 1163 1722 periculo
1178 1689 1195 1717 ,
1253 1636 1570 1723 singulari
1614 1637 1744 1705 Dei
1802 1639 2134 1722 beneficio,

213 1721 439 1789 liberati
459 1722 728 1790 fuimus.
794 1721 1136 1808 Siquidem
1173 1725 1300 1791 nisi
1325 1724 1653 1790 Dominus
1697 1725 1942 1811 insigni
2019 1748 2135 1792 uo-

214 1808 335 1875 dam
376 1808 695 1878 miraculo
755 1831 875 1876 nos
932 1829 1016 1875 ex
1067 1808 1355 1877 hostium
1417 1819 1793 1877 nostrorum
1833 1813 2011 1877 mani
2061 1832 2137 1878 us

212 1896 548 1979 eripuisset,
590 1905 706 1961 aut
748 1895 967 1979 aliqua
1000 1895 1130 1960 alia
1164 1896 1419 1962 ratione
1454 1894 1640 1963 nobis
1675 1895 1872 1980 plane
1910 1899 2135 1982 incog-

211 1982 326 2045 nita
365 1989 630 2048 nostrae
695 1983 868 2048 vitae
910 1980 1362 2061 consuluisset,
1423 2002 1498 2048 eo
1537 1980 1679 2066 ipse
1725 1982 1829 2049 die
1873 2004 1998 2068 quo
2040 1983 2137 2050 le·

210 2075 372 2151 gatus
414 2088 455 2133 a
511 2066 1181 2152 magnificentissimis
1235 2067 1639 2152 principibus
1692 2068 1930 2137 missus
1986 2090 2136 2137 cum

207 2152 538 2219 eorundem
583 2152 795 2220 literis
836 2161 904 2219 et
959 2151 1044 2220 ad
1085 2152 1332 2221 iudices
1374 2161 1635 2221 nostros
1677 2164 1745 2220 et
1777 2154 1860 2220 ad
1903 2153 2136 2222 Cardi-

207 2237 413 2318 nalem,
458 2237 808 2325 capitalem
851 2248 1150 2305 nostrum
1199 2238 1477 2317 hostem,
1541 2241 1801 2324 scriptis
1846 2240 1977 2309 huc
2021 2263 2135 2308 ve-

208 2323 307 2403 nit,
346 2325 415 2390 in
457 2325 718 2391 cineres
751 2326 1038 2409 profecto
1083 2322 1332 2393 redacti
1373 2324 1744 2393 fuissemus.
1772 2327 1823 2411 ¹)
1910 2325 2134 2409 Quare

237 2431 376 2476 uum
434 2419 698 2477 tantum
753 2419 1018 2496 tamque
1072 2410 1406 2497 singulare
1469 2412 1854 2480 beneficium
1920 2421 1990 2479 et
2052 2412 2135 2480 ab

205 2430 332 2576 315⁵,
364 2506 432 2563 et
465 2518 508 2562 a
532 2495 717 2563 vobis
738 2498 1200 2582 acceperimus,
1236 2497 1480 2582 ingrati
1502 2497 1706 2564 animi
1737 2499 1901 2566 vitio
1937 2499 2135 2584 plane

203 2580 446 2649 notandi
506 2581 916 2661 videremur,
973 2583 1101 2650 nisi
1157 2583 1290 2650 illis
1347 2590 1417 2648 et
1460 2582 1643 2650 vobis
1687 2586 1938 2670 gratias
1980 2607 2133 2673 age-

203 2686 415 2735 remus.
505 2668 703 2736 Licet
757 2670 934 2734 enim
992 2669 1177 2735 Dens
1234 2666 1544 2754 Optimus
1587 2670 1956 2751 Maximus,
2014 2693 2132 2756 pro

202 2753 362 2821 cuius
403 2754 614 2822 verbo
659 2754 792 2821 iam
836 2776 877 2821 a
920 2754 1148 2822 multis
1181 2754 1519 2821 mensibus
1561 2755 1633 2821 in
1669 2756 1936 2824 vincula
1978 2778 2133 2825 con-

202 2839 328 2905 iecti
349 2840 661 2924 patimur,
688 2840 886 2907 huius
925 2840 1095 2906 tanti
1127 2841 1425 2907 beneficii
1451 2841 1689 2910 unicus
1716 2843 1915 2909 fuerit
1942 2844 2133 2910 nobis

202 2933 380 3006 autor,
403 2925 561 3012 quia
581 2935 803 2993 tamen
826 2937 893 2992 et
914 2926 1174 2992 illorum
1198 2935 1268 2993 et
1288 2937 1507 2994 vestro
1530 2928 1776 2995 anxilio
1798 2930 1900 2994 uti
1919 2929 2135 2996 voluit

201 3009 268 3075 ad
311 3018 574 3078 tantum
630 3030 671 3077 a
728 3011 917 3080 nobis
973 3013 1492 3098 propulsandum
1542 3013 1907 3099 periculum
1923 3067 1941 3096 ,
1997 3035 2129 3082 non

200 3115 486 3164 veremur
520 3118 643 3181 per
675 3098 797 3165 has
831 3098 1080 3178 testari,
1128 3119 1247 3165 nos
1280 3098 1588 3184 inprimis
1615 3099 1781 3180 Deo,
1826 3108 1968 3167 tum
2014 3123 2131 3169 vo-

200 3181 282 3249 bis
311 3184 618 3251 omnibns
650 3185 858 3251 vitam
896 3184 920 3249 i
1040 3205 1126 3264 m,
1171 3205 1302 3270 qua
1334 3185 1588 3251 homini
1623 3186 1738 3253 vix
1774 3187 2131 3272 quidquam

199 3269 389 3336 carius
433 3291 584 3337 esse
625 3280 870 3355 potest,
962 3271 1171 3337 ebere.
1276 3268 1501 3353 Quare
1554 3293 1756 3356 quum
1813 3272 2131 3342 hactenus

198 3355 379 3421 multo
420 3357 680 3423 maiora
723 3378 764 3423 a
804 3356 994 3424 vobis
1047 3356 1118 3421 in
1166 3377 1285 3423 nos
1328 3356 1563 3424 collata
1603 3358 1847 3425 fuerint
1886 3360 2132 3428 benefi-
2193 3369 2201 3384 ’

197 3440 280 3540 cis
316 3462 517 3544 quam
561 3448 640 3507 ιιι
680 3442 764 3509 iis
807 3463 1099 3527 unquam
1142 3463 1214 3509 re
1296 3530 1311 3544 ·
1336 3443 1539 3510 ndere
1584 3445 1937 3528 possimus,
1994 3446 2130 3513 Do-

197 3544 691 3712 mum
721 3535 1061 3680 mu
1067 3548 1248 3693 ιιι
1261 3550 1484 3682 ..¹¹:⁰3
1514 3531 2133 3685 mmm.

196 3697 304 3763 fimi
357 3700 488 3766 sibi
546 3699 782 3780 oblati,
847 3709 1111 3786 gratum
1170 3699 1410 3767 habeat
1458 3712 1844 3788 vestrosque
1898 3723 2130 3771 omnes

196 3792 441 3851 conatus
485 3806 565 3851 ac
611 3786 863 3852 labores
905 3787 1003 3852 ita
1045 3787 1367 3867 fortunet,
1422 3794 1499 3853 nt
1539 3788 1622 3853 iis
1664 3797 2005 3855 aeternum
2050 3788 2128 3854 il-

194 3865 288 3934 lud
337 3870 596 3938 Christi
649 3872 1007 3939 servatoris
1063 3873 1275 3939 nostri
1319 3893 1599 3957 regnum
1655 3873 1866 3941 indies
1920 3876 2131 3960 magis

194 3957 515 4042 magisque
558 3958 935 4043 propagari,
982 3965 1211 4024 contra
1249 3979 1409 4026 vero
1451 3958 1655 4043 impia
1694 3958 1983 4027 Satanae
2025 3972 2131 4047 ty-

196 4173 349 4233 1700.
376 4177 437 4248 1)
474 4179 614 4234 Iesu
649 4179 867 4253 Leyner
899 4180 1195 4236 marchand
1228 4181 1299 4236 de
1332 4180 1387 4236 S.
1426 4180 1551 4237 Gall
1597 4183 1718 4237 rint
1759 4200 1866 4238 aux
1913 4185 2131 4254 priscus

196 4243 252 4299 de
279 4245 506 4304 Bonane
540 4253 601 4303 et
645 4255 851 4321 voyant
895 4249 1056 4332 qu’on
1104 4250 1313 4305 vouloit
1356 4251 1623 4320 proceder
1671 4260 1863 4309 contre
1908 4269 2014 4307 eux
2059 4269 2129 4308 en

1291 4335 1417 4373 vers
1449 4320 1531 4374 los
1549 4319 1638 4374 Sei
1715 4337 1841 4375 eure
1861 4321 1932 4376 de
1950 4324 2131 4377 Berne

1985 4475 2132 4514 uem·

1991 4528 2131 4583 arle-

196 4597 330 4645 ment
360 4592 429 4647 de
467 4592 652 4660 Paris,
700 4594 793 4664 qni
828 4593 980 4648 avoit
1012 4593 1130 4650 este
1167 4610 1238 4663 ap
1312 4594 1399 4647 rte
1431 4594 1485 4648 le
1517 4594 1737 4650 dernier
1772 4597 1891 4653 ionr
1926 4597 1995 4652 de
2030 4598 2130 4652 Fe-

199 4659 1048 4735 rrierutquc‘nvwoyoitkm·
1280 4701 1294 4715 .
1367 4660 2131 4737 Le4deMsrs,sinsique

197 4725 241 4779 le
270 4731 460 4802 penple
497 4731 654 4786 alloit
687 4748 787 4803 par
819 4737 1045 4802 troupes
1078 4748 1185 4785 aux
1220 4731 1366 4784 leux
1393 4731 1695 4788 ordinaires
1731 4733 1827 4788 des
1862 4735 2134 4805 supplices

199 4809 319 4863 pour
350 4800 472 4853 voir
506 4800 553 4853 si
589 4800 919 4870 proper-stirs
953 4799 1031 4872 ι’]
1049 4798 1300 4854 fsisoient
1334 4815 1475 4869 pour
1508 4808 1760 4857 executor
1793 4803 1848 4857 la
1880 4803 2133 4860 condam·

201 4866 367 4921 nation
404 4868 474 4922 de
511 4884 601 4923 ces
636 4869 780 4940 cinq,
818 4869 1001 4923 arrivs
1034 4885 1105 4922 un
1141 4868 1336 4923 beraut
1381 4868 1477 4924 des
1514 4869 1805 4941 Scigneurs
1852 4872 1919 4927 de
1952 4873 2132 4929 Berne

201 4948 314 4988 avec
343 4935 542 4991 lettres
576 4955 645 4992 au
681 4937 1011 4993 Licutenant
1055 4937 1124 4991 de
1158 4937 1312 5008 Lyon
1356 4943 1413 4991 et
1459 4955 1528 4993 su
1563 4939 1845 5009 cardinal,
1932 4943 1986 4995 ui
2024 4942 2131 4996 u's·

202 5016 376 5069 μοι-ω
410 5011 677 5061 revensnt
711 5006 920 5061 d'ltalie
956 5013 1014 5060 et
1046 5011 1270 5077 passant
1311 5022 1412 5089 par
1447 5007 1529 5062 les
1563 5014 1741 5065 terres
1774 5010 1982 5065 desdits
2018 5010 2131 5066 Sei·

201 5086 378 5193 mn
414 5075 565 5130 svoit
599 5077 808 5147 promis
842 5076 1049 5130 d’sider
1066 5075 1100 5129 a
1134 5075 1189 5129 la
1223 5074 1533 5131 dehvrance
1567 5077 1637 5132 de
1654 5079 1802 5134 leurs
1819 5079 2130 5136 escholiers.

281 5140 293 5153 “
353 5143 533 5198 arn-ive
570 5160 677 5215 que
711 5145 795 5200 fut
826 5145 881 5199 le
916 5144 1172 5199 Cardinal
1217 5161 1286 5198 au
1330 5144 1440 5199 lieu
1485 5143 1552 5200 oti
1605 5146 1645 5200 il
1691 5146 1920 5203 desiroit
1971 5155 2133 5215 estre,

202 5215 347 5278 :xant
380 5213 621 5268 entendu
696 5231 762 5269 ue
797 5214 850 5269 le
885 5213 990 5268 Boi
1027 5214 1284 5269 enclinoit
1318 5211 1352 5265 a
1385 5213 1440 5267 la
1457 5220 1710 5285 requeste
1731 5215 1886 5271 dudit
1919 5217 2132 5285 heraut,

203 5274 256 5329 fit
285 5286 404 5334 tons
439 5279 627 5338 efforts
657 5231 729 5338 de
761 5283 815 5336 le
852 5281 1173 5338 destonrner
1217 5281 1285 5336 de
1320 5287 1463 5338 cette
1500 5283 1719 5340 volonte
1755 5292 1811 5341 et
1843 5287 1912 5342 de
1948 5286 2134 5342 hester

204 5343 249 5400 le
279 5348 481 5417 proces.
553 5349 732 5419 (ΗΜ.
768 5350 822 5407 d.
858 5351 1117 5423 Mamers
1149 5350 1187 5407 1.
1221 5353 1295 5421 c.)

1946 421 2106 481 1553
2145 417 2426 484 MART.

4069 426 4197 488 494

2241 606 2472 673 rannis
2527 606 2830 672 imminui
2891 627 2966 672 ac
3029 607 3292 692 penitus
3346 607 3721 673 labefactari
3778 611 4009 694 possit,
4068 632 4198 696 quo

2240 691 2527 771 tandem,
2570 698 2910 776 postquam
2960 700 3273 768 vestrum,
3315 701 3389 758 ιιι
3429 714 3551 777 par
3594 701 3712 774 est,
3758 696 3827 759 in
3869 696 4197 780 pascendo

2241 776 2495 844 Christi
2538 797 2740 863 grege
2785 779 3241 862 praestiteritis
3285 779 3589 860 officium,
3635 802 3871 847 corona
3914 781 4027 847 illa
4070 786 4193 848 im·

2241 863 2537 943 mortali,
2594 883 2760 948 quae
2806 865 3109 931 omnibus
3167 885 3318 930 vere
3375 864 3770 951 evangelicis
3826 869 4199 952 pastoribus

2244 949 2492 1033 (quales
2537 969 2651 1016 vos
2696 970 2837 1016 esse
2881 971 3269 1034 persuasum
3306 951 3568 1016 omnino
3612 950 3955 1032 habemus)
3999 975 4038 1019 a
4083 975 4197 1020 ve-

2240 1034 2461 1100 ritatis
2504 1035 2796 1120 principe
2838 1037 3161 1119 promissa
3205 1051 3333 1116 est,
3394 1036 3740 1117 donemini,
3798 1061 4074 1124 cumque
4119 1061 4194 1105 eo

2241 1129 2560 1205 perpetua
2602 1121 2813 1206 gloria
2859 1122 3192 1188 fruamini.
3281 1122 3419 1188 Nos
3466 1143 3710 1202 omnes,
3757 1135 4077 1207 quantum
4123 1127 4192 1191 in

2242 1207 2429 1272 nobis
2473 1213 2591 1286 est,
2639 1228 2756 1273 vos
2797 1208 3032 1274 obnixe
3086 1229 3410 1293 rogamus,
3466 1219 3541 1273 ut
3583 1231 3702 1274 nos
3745 1231 3884 1275 sem
3930 1233 4003 1277 er
4050 1233 4194 1279 ves-

2238 1294 2363 1359 tris
2405 1292 2709 1377 precibus
2752 1293 2994 1359 iuvetis
3054 1293 3138 1359 ad
3196 1301 3380 1359 tanto
3439 1294 3656 1360 animo
3701 1317 3849 1361 cum
3942 1297 4192 1364 ostibus

2240 1379 2541 1445 veritatis
2587 1377 3064 1459 dimicandum,
3126 1390 3199 1446 ut
3258 1391 3403 1463 post
3459 1380 3701 1446 multos
3744 1380 4018 1462 labores,
4078 1405 4198 1449 seu

2240 1465 2525 1531 vivendo
2571 1487 2686 1531 seu
2734 1465 3098 1544 moriendo,
3157 1466 3431 1532 victoria
3474 1465 3629 1530 laeti
3672 1468 4019 1550 potiamur,
4066 1489 4196 1552 quo

2240 1572 2500 1636 semper
2556 1551 2700 1617 luce
2761 1551 3086 1637 evangelii
3145 1550 3356 1636 magis
3414 1561 3834 1619 corruscante
3885 1553 4194 1620 tenebrae

2239 1636 2389 1703 illae
2433 1636 2585 1721 plns
2629 1657 2824 1722 quam
2869 1636 3273 1716 cimmeriae,
3343 1636 3576 1721 quibus
3632 1646 3730 1703 tot
3783 1640 3963 1705 aevis
4018 1647 4196 1705 totus

2239 1744 2448 1807 paene
2492 1723 2667 1790 orbis
2708 1721 3044 1790 demersus
3081 1723 3219 1803 suit,
3267 1723 3464 1789 finem
3502 1743 3698 1789 suum
3734 1723 4036 1806 habeant,
4085 1746 4195 1791 ve-

2238 1830 2483 1893 rusque
2539 1817 2605 1875 et
2666 1807 2945 1875 debitus·
2968 1807 3111 1875 Deo
3170 1809 3423 1875 viventi
3479 1807 3563 1875 ab
3621 1810 3923 1878 omnibus
3980 1810 4187 1877 honos

2237 1894 2641 1961 exhibeatur.
2702 1894 2837 1961 Nos
2859 1895 3059 1960 etiam
3082 1916 3121 1961 a
3167 1893 3255 1961 ud
3291 1895 3977 1980 magnificentissimos
4010 1898 4192 1981 prin-

2237 1981 2430 2065 cipes,
2478 1988 2548 2047 et
2588 2001 2740 2047 eum
2786 1982 2893 2065 qui
2938 1990 3037 2047 est
3079 1981 3127 2046 il
3157 1982 3212 2047 is
3257 2000 3294 2044 a
3335 1981 3652 2060 consiliis,
3707 1981 3790 2045 ad
3846 2003 4008 2066 quos
4051 2004 4192 2048 om-

2238 2087 2356 2132 nes
2399 2088 2576 2134 nunc
2661 2064 3167 2133 uemadmodum
3204 2075 3270 2132 et
3307 2064 3387 2132 ad
3424 2087 3539 2132 vos
3574 2068 3703 2133 scri
3749 2069 3972 2148 simus,
4019 2090 4194 2133 com·

2238 2151 2585 2220 mendatos
2677 2152 2984 2231 abebitis,
3040 2161 3116 2219 ut
3158 2153 3215 2219 si
3268 2152 3538 2236 posthac
3594 2151 3675 2218 ab
3718 2153 3954 2219 iisdem
4004 2154 4194 2237 quid-

2240 2258 2435 2324 quam
2480 2239 2566 2307 sit
2607 2238 2794 2305 nobis
2836 2238 3342 2322 impetrandum,
3401 2238 3573 2322 quod
3617 2237 3698 2304 ad
3741 2238 4018 2323 gloriam
4062 2238 4192 2306 Dei

2236 2332 2506 2410 spectet,
2551 2324 2739 2392 nobis
2785 2323 2867 2390 ad
2902 2322 2972 2390 id
3007 2332 3226 2390 vestro
3259 2324 3481 2391 favore
3516 2324 3940 2390 auxiliemini.
4008 2326 4196 2392 Bene

2236 2410 2473 2477 valete.
2561 2409 2891 2479 Dominus
2936 2431 3051 2479 vos
3093 2430 3353 2495 semper
3396 2430 3516 2477 suo
3562 2411 3798 2494 spiritu
3937 2411 4194 2492 bernet,

2236 2517 2558 2582 suumque
2595 2517 2862 2583 gregem
2898 2494 3080 2563 vobis
3124 2496 3543 2563 commissum
3589 2507 3803 2562 vestro
3873 2496 4063 2563 abore
4100 2498 4194 2562 ita

2282 2591 2481 2665 ascat,
2522 2593 2599 2651 ut
2642 2603 2870 2649 omnes
2911 2580 3175 2648 tandem
3221 2582 3286 2646 in
3325 2581 3497 2649 ovile
3532 2580 3696 2648 illud
3731 2585 4014 2668 pastoris
4048 2603 4193 2650 coe-

2262 2671 2419 2737 estis
2484 2668 2753 2735 admissi
2810 2674 3159 2754 perpetuas
3204 2668 3347 2734 Deo
3408 2665 3636 2734 laudes
3701 2689 3954 2747 canere,
4022 2670 4193 2735 eius-

2233 2776 2362 2840 que
2431 2757 2829 2822 immensam
2884 2752 3415 2833 misericordiam,
3486 2754 3821 2833 iustitiam,
3882 2776 4001 2822 nec
4059 2777 4193 2821 non

2235 2840 2364 2907 alia
2406 2839 2790 2908 admiranda
2832 2841 3002 2906 facta
3045 2839 3287 2908 divinis
3336 2839 3653 2906 extollere
3698 2838 3999 2907 laudibus
4043 2861 4190 2925 pos-

2234 2927 2383 2993 sint.
2487 2928 2594 2994 Ex
2647 2925 3016 2995 carceribus
3075 2925 3274 3011 regiis
3326 2924 3914 3011 Lugdunensibus,
3982 2925 4194 2992 Nonis

2234 3014 2463 3080 Martii

2761 3133 2987 3199 Vestri
3021 3133 3093 3199 in
3127 3132 3393 3199 Christo
3427 3132 3749 3200 carissimi
3783 3132 4037 3210 fiat-res,
4069 3151 4194 3215 pro

2646 3217 2944 3286 eiusdem
3008 3219 3273 3285 nomine
3333 3218 3722 3302 iampridem
3795 3219 3868 3283 in
3926 3217 4194 3284 vincula

2646 3304 2918 3371 coniecti

3059 3389 3390 3458 Martialis
3410 3390 3606 3470 Alba,
3628 3389 4011 3456 Ludovicus
4026 3388 4190 3456 θοι·-

3057 3476 3287 3555 beliue,
3331 3475 3579 3543 Petrus
3623 3473 4004 3554 Scribanus,
4061 3474 4190 3540 Oa-

3056 3563 3236 3629 rolus
3278 3562 3637 3642 Fabritius,
3682 3561 3924 3628 Petrus
3967 3560 4029 3626 N
4033 3581 4190 3626 ave-

3055 3649 3214 3727 rius,
3258 3647 3641 3714 Bernardus
3683 3645 4039 3732 Seguinus.

3116 4160 3303 4231 mo.

2448 4298 2804 4369 GALVIN
2849 4299 2977 4369 ΛΠ
3020 4298 3187 4366 ROI
3230 4295 3975 4364 D’ANGLE'PERRE.

2407 4474 2483 4540 Π
2524 4473 2780 4541 sollicite
2820 4472 3262 4539 l'intercession
3316 4470 3404 4535 du
3455 4467 3580 4535 Roi
3633 4489 3709 4535 en
3755 4468 3987 4552 favour
4038 4470 4192 4538 d’un

2229 4558 2657 4732 w
2694 4558 2984 4642 franceis
3037 4556 3260 4625 decena
3314 4556 3356 4621 ἀ
3402 4552 3603 4622 Paris
3646 4575 3818 4638 pour
3873 4577 4056 4622 cause
4111 4555 4189 4622 de

2237 4818 2468 4886 (Minuta
2501 4815 2838 4888 autographo
2885 4814 2919 4870 ὁ
2963 4816 3019 4869 la
3053 4814 3194 4870 Bibl.
3238 4813 3309 4868 de
3345 4812 3565 4868 Geneve
3602 4813 3719 4879 107,
3764 4814 3800 4868 f.
3836 4811 3922 4868 35.
3991 4813 4188 4892 Oopies

2234 4888 2379 4942 Bibl.
2417 4887 2549 4956 imp.
2584 4884 2717 4940 coll.
2756 4884 2970 4956 Dupuy,
3006 4884 3126 4967 yol.
3163 4881 3280 4951 102,
3317 4883 3408 4938 fol.
3447 4881 3532 4937 29.
3570 4912 3630 4922 —
3680 4884 3930 5005 Biblfioge
3964 4881 4190 5005 6εοίἴίἒί

2231 4955 2354 5081 ξ’ίξί..
2383 4952 2503 5079 ᾖξ’
2518 4951 3580 5158 Βιώᾮῖωοΐᾱῗὲζὲῗῗᾙοῖιζξζξῗρ
3646 4952 3751 5075 3}sz
3783 5028 3841 5073 et
3874 4990 3944 5073 eh
3977 5019 4187 5089 anglais

2956 5132 2968 5145 .
3162 5110 3199 5146 n
3238 5131 3251 5146 .
3349 5132 3362 5146 .
3504 5132 3516 5145 .

2406 5247 2558 5314 Sire
2572 5296 2587 5326 ‚
2643 5246 2943 5314 combien
2999 5267 3126 5331 que
3179 5247 3235 5313 si
3289 5248 3522 5330 iavoye
3575 5265 3617 5310 a
3669 5263 3833 5311 vous
3888 5247 4187 5329 requerir

2230 5355 2401 5421 pour
2441 5352 2895 5419 moy-mesme,
2941 5333 3002 5400 ie
3044 5333 3310 5399 naurois
3353 5353 3470 5416 pas
3510 5330 3579 5396 la
3616 5329 3956 5398 hardiesse
4000 5330 4081 5398 de
4124 5331 4187 5398 le
