4900 6167
738 403 868 465 259

897 588 1164 665 averim,
1207 606 1485 670 quarum
1526 606 1632 649 me
1672 585 1827 669 iugo
1873 585 2089 662 eximi,
2135 603 2335 667 quum
2376 582 2675 648 omnibus

735 609 932 742 <lime
991 675 1154 751 sint,
1228 671 1408 737 nulla
1461 671 1753 753 aequitas
1817 669 2002 734 nulla
2057 670 2222 733 ratio
2288 668 2671 752 postulabat.

742 759 1091 826 Caeterum
1152 758 1272 822 hoc
1328 755 1492 821 mihi
1548 753 1759 821 laudis
1802 754 2339 837 innocentiaeque
2383 754 2673 819 testimo-

740 846 923 930 nium
983 842 1113 908 Dei
1169 841 1611 907 munificentia
1673 847 1920 906 restare
1964 840 2269 923 profiteor
2284 890 2299 916 ,
2369 838 2540 922 quod
2601 838 2674 901 in

742 929 1073 1013 religionis
1107 947 1299 994 causa
1332 946 1603 1009 meoque
1646 946 1803 1010 erga
1843 944 2066 1009 regem
2101 945 2175 990 ac
2209 924 2489 1007 patriam
2533 924 2672 987 offi-

740 1017 840 1081 cio
903 1013 1303 1097 inculpatum
1366 1033 1475 1077 me
1541 1011 1859 1077 hactenus
1924 1009 2363 1094 praebuerim,
2437 1009 2676 1091 quippe

740 1099 850 1184 'qui
915 1100 983 1163 in
1031 1098 1153 1163 hoc
1214 1118 1474 1163 omnem
1529 1097 1663 1161 fere
1711 1115 1973 1180 operam
2016 1115 2337 1178 omneque
2379 1093 2671 1160 studium

742 1206 992 1262 meum,
1048 1182 1193 1249 Deo
1247 1182 1771 1265 conscientiaque
1812 1202 1960 1247 mea
2001 1188 2199 1256 teste,
2264 1179 2672 1254 contulerim,

741 1277 817 1335 ut
857 1269 1191 1354 religionis
1235 1267 1528 1353 negotio,
1586 1269 1758 1352 regis
1800 1266 2198 1341 educationi,
2258 1268 2447 1349 regni
2501 1284 2673 1329 com·

740 1354 951 1421 modis
993 1364 1062 1419 et
1102 1353 1533 1421 incolumitati
1576 1373 1770 1437 quam
1813 1352 2055 1435 optime
2111 1350 2478 1416 consultum
2525 1369 2672 1431 pro-

738 1451 1163 1525 spectumque
1208 1445 1394 1505 esset.
1463 1436 1614 1520 Quo
1658 1439 1731 1502 fit
1773 1445 1849 1502 ut
1889 1443 2164 1501 mortem
2206 1435 2375 1500 hanc
2419 1437 2672 1518 aequis-

740 1529 903 1591 simo
947 1547 1024 1592 ac
1065 1525 1472 1609 pacatissimo
1514 1524 1731 1588 animo
1770 1523 2006 1599 feram,
2062 1529 2306 1598 certus,
2366 1518 2673 1604 quemad·

742 1610 1005 1676 modum
1050 1621 1115 1675 et
1158 1629 1332 1674 nunc
1375 1630 1457 1673 ex
1503 1610 1717 1673 animo
1751 1609 1968 1673 Deum
2012 1628 2228 1671 meum
2276 1628 2535 1690 precor,
2581 1607 2673 1670 ita

740 1696 903 1762 mihi
945 1716 1107 1779 quae
1152 1694 1384 1759 admisi
1418 1694 1770 1759 condonari
1804 1701 2081 1776 peccata:
2119 1693 2292 1757 sicut
2324 1713 2500 1757 nunc
2534 1711 2672 1755 om-

740 1784 935 1848 nibus
976 1782 1197 1846 omnia
1238 1779 1589 1846 liberaliter
1642 1778 1949 1844 condono.
2039 1778 2266 1843 Vestri
2327 1799 2480 1842 vero
2534 1796 2670 1841 om-

740 1869 924 1933 nium
966 1865 1161 1932 officii
1203 1867 1414 1944 fuerit,
1458 1864 1626 1948 quod
1670 1874 1738 1929 et
1778 1884 1894 1929 vos
1935 1862 2018 1927 ad
2062 1884 2266 1927 uuum
2299 1883 2523 1928 omnes
2566 1861 2672 1927 ob-

742 1955 898 2018 nixe
941 1973 1053 2016 oro
1071 2002 1087 2029 ,
1147 1967 1221 2017 ut
1271 1973 1389 2035 pro
1441 1971 1547 2014 me
1604 1948 1962 2013 Dominum
2018 1949 2397 2028 precemini,
2462 1967 2671 2029 neque

738 2038 863 2103 hoc
918 2058 1064 2102 meo
1124 2037 1438 2121 supplicio
1494 2036 1715 2100 tristes
1756 2042 1823 2098 et
1865 2035 2165 2098 commoti
2210 2033 2438 2099 turbae
2481 2031 2667 2114 quid-

661 2142 668 2149 ·
736 2145 934 2207 quam
977 2123 1274 2189 excitetis
1292 2174 1306 2199 ,
1362 2129 1475 2185 aut
1518 2119 1677 2184 mihi
1723 2120 1928 2185 vitam
1971 2120 2163 2184 etiam
2207 2120 2439 2203 optetis
2483 2118 2671 2183 resti-

735 2210 849 2288 tui,
892 2228 1089 2291 quam
1132 2227 1253 2273 nec
1285 2208 1423 2290 ipse
1465 2205 1824 2289 longiorem
1866 2224 2058 2288 agere
2101 2204 2357 2288 cupiam
2414 2217 2481 2268 et
2525 2223 2669 2268 ves-

736 2290 910 2360 trum
955 2294 1194 2376 alioqui
1240 2310 1759 2373 unumquemque
1800 2289 1995 2354 velim
2034 2291 2249 2373 potius
2292 2302 2427 2353 tam
2470 2309 2670 2371 aeque

734 2402 812 2447 ac
853 2381 1107 2445 fortiter
1147 2378 1271 2442 hoc
1313 2377 1480 2440 ferre
1522 2396 1717 2458 quam
1917 2377 2007 2442 sic
2051 2396 2303 2441 mecum
2342 2376 2449 2458 agi
2490 2395 2667 2439 mea-

736 2487 862 2549 que
905 2475 1078 2530 sorte
1136 2468 1481 2528 contentus
1524 2481 1686 2526 sum.
1841 2460 1964 2525 uod
2024 2468 2317 2543 superest
2372 2461 2512 2543 regi
2567 2480 2667 2523 re-

734 2553 986 2635 giisque
1039 2549 1317 2629 satrapis
1370 2555 1435 2610 et
1490 2546 1877 2611 consiliariis
1944 2566 2057 2628 per
2109 2547 2329 2611 omnia
2370 2545 2667 2628 obsequi-

736 2635 916 2712 mini,
962 2634 1177 2698 Deum
1235 2641 1303 2696 et
1343 2631 1594 2695 Christi
1636 2632 1787 2696 Iesu
1826 2631 2234 2716 evangelium
2287 2639 2364 2695 ut
2404 2652 2525 2713 par
2567 2640 2670 2696 est

736 2740 993 2785 summo
1036 2718 1174 2784 loco
1213 2717 1547 2799 pretioque
1590 2716 1908 2795 habetote,
1953 2716 2128 2802 leges
2167 2716 2389 2783 civiles
2433 2738 2509 2782 ac
2552 2737 2665 2798 po-

734 2807 945 2872 liticas
1001 2803 1396 2878 sanctiones,
1470 2803 1525 2866 si
1581 2823 1724 2866 meo
1779 2802 2010 2867 saltem
2073 2801 2371 2886 exemplo
2417 2801 2665 2885 sapitis,

737 2891 1087 2974 diligenter
1130 2890 1491 2963 observate,
1536 2888 1778 2952 violate
1821 2909 2175 2971 nunquam.

906 2975 1090 3040 Haec
1159 2982 1350 3056 atque
1416 2973 1636 3037 omnia
1701 2993 1820 3039 sua
1882 2973 2125 3040 dixisse
2189 2973 2410 3038 ferunt
2478 2972 2664 3037 vultu

735 3070 1049 3146 gestuque
1092 3067 1227 3123 toto
1270 3057 1351 3122 ad
1394 3059 1819 3124 constantiam
1874 3059 2021 3123 viro
2065 3058 2353 3140 principe
2397 3057 2664 3141 dignam

734 3159 802 3213 et
843 3146 1226 3211 modestiam
1270 3144 1690 3209 christianam
1733 3145 2118 3227 composito,
2174 3143 2480 3207 vestitum
2523 3144 2665 3225 qui·

734 3234 882 3296 dem
917 3229 1270 3313 splendide,
1317 3239 1392 3293 ut
1426 3251 1496 3294 re
1542 3251 1646 3295 em
1682 3229 1982 3295 aditurus
2026 3237 2141 3295 aut
2174 3229 2409 3294 celebri
2450 3227 2665 3311 aliquo

734 3317 836 3381 die
878 3315 1256 3399 proditurus
1292 3318 1357 3378 in
1406 3251 1737 3396 pufilioum
1781 3314 2058 3391 solebat,
2117 3313 2441 3379 detractos
2486 3335 2524 3378 e
2568 3313 2664 3378 di-

732 3404 886 3486 gitis
906 3399 1185 3465 annulos
1208 3400 1454 3482 aliquot
1470 3419 1700 3465 aureos
1723 3399 1978 3465 dedisse
1999 3399 2289 3466 carnifici
2311 3399 2499 3476 dono,
2514 3419 2664 3464 cum

732 3499 867 3552 toto
910 3506 1099 3569 quem
1145 3483 1411 3568 gerebat
1444 3491 1509 3562 *,
1566 3506 1787 3551 ensem
1846 3494 2099 3550 tantum
2142 3506 2292 3551 cum
2335 3495 2514 3550 veste
2556 3507 2664 3550 su·

733 3595 959 3657 prema
1013 3571 1287 3635 donasse
1341 3570 1541 3635 nobili
1593 3570 1850 3635 cuidam
1907 3573 2073 3637 arcis
2117 3570 2557 3637 Londinensis
2595 3572 2665 3636 in

732 3681 859 3743 qua
902 3656 1200 3739 captivus
1242 3657 1455 3720 fuerat
1488 3656 1828 3738 praefecto.
1902 3655 2069 3737 Quis
2111 3658 2323 3734 fietus,
2368 3657 2663 3734 eiulatus,

732 3744 1033 3825 planctus
1085 3751 1358 3806 mortem
1418 3741 1727 3824 principis
1793 3741 1990 3806 huius
2055 3744 2495 3825 subsequutus
2559 3743 2662 3818 sit,

734 3839 866 3891 tam
926 3828 1169 3907 scriptu
1229 3825 1490 3892 difficile
1561 3839 1659 3892 est
1718 3847 1913 3909 quam
1977 3827 2245 3893 creditu.
2350 3828 2666 3894 Asserunt

733 3912 1036 3977 nonnulli
1071 3911 1453 3977 consiliariis
1512 3912 1707 3996 regiis
1742 3912 2095 3979 familiares
2133 3921 2201 3977 et
2245 3934 2463 3978 rerum
2501 3912 2664 3977 auli-

732 4018 958 4063 carum
1004 4018 1134 4060 nou
1180 4017 1446 4079 prorsus
1468 3998 1672 4074 inscii,
1717 3996 2125 4082 indulgentia
2166 4000 2349 4081 regia
2391 3998 2664 4080 capitale

733 4083 1116 4166 supplicium
1163 4104 1306 4149 cum
1345 4084 1522 4147 omui
1557 4083 1748 4166 culpa
1780 4085 2121 4149 remissum
2167 4085 2364 4149 fuisse
2407 4083 2664 4164 captivo

731 4169 943 4236 adhuc
986 4168 1154 4242 duci,
1199 4189 1406 4249 neque
1448 4167 1517 4231 id
1559 4169 1759 4235 semel
1793 4169 2135 4234 mandasse
2176 4168 2273 4232 illi
2316 4175 2525 4233 totum
2565 4187 2664 4232 se-

732 4265 956 4318 natum
1001 4255 1283 4337 regium:
1352 4253 1464 4316 sed
1522 4276 1721 4334 quum
1780 4254 1890 4318 ille
1945 4255 2225 4337 gratiam
2268 4253 2440 4319 hauc
2480 4265 2545 4318 et
2589 4253 2664 4316 li-

732 4340 1139 4405 beralitatem
1183 4338 1463 4403 oblatam
1509 4341 1829 4404 renuisset
1871 4339 2474 4421 contemsissetque,
2519 4359 2664 4403 nes-

732 4426 831 4489 cio
876 4445 1001 4509 quo
1044 4426 1280 4496 fretus,
1337 4443 1536 4487 suane
1590 4426 1995 4500 innocentia,
2051 4443 2132 4488 an
2180 4424 2353 4508 regis
2396 4433 2465 4488 et
2507 4424 2665 4490 alio-

733 4533 877 4575 rum
938 4508 1342 4592 quorundam
1400 4511 1652 4584 favore,
1712 4511 2058 4592 propriave
2117 4511 2495 4585 autoritate,
2552 4519 2667 4574 aut

734 4597 960 4679 opibus
983 4606 1097 4659 aut
1118 4594 1450 4679 dignitate,
1490 4617 1574 4658 an
1596 4595 1723 4659 alia
1758 4595 1977 4676 aliqua
2013 4595 2224 4659 fallaci
2244 4595 2665 4678 persuasione

733 4680 997 4746 tandem
1048 4679 1172 4744 hac
1226 4701 1296 4743 re
1361 4693 1785 4754 commotum,
1846 4681 2221 4746 universum
2267 4682 2664 4745 senatorium

731 4766 1023 4833 ordinem
1067 4766 1369 4830 statuisse
1416 4788 1540 4829 non
1586 4765 1831 4830 diutius
1875 4765 2210 4831 ferendum
2252 4773 2505 4830 tautam
2546 4766 2665 4830 ho-

734 4855 929 4919 minis
973 4851 1370 4934 superbiam,
1417 4875 1497 4914 ex
1541 4873 1667 4933 qua
1710 4853 1869 4915 satis
1912 4861 2239 4916 constaret
2283 4851 2448 4928 fore,
2493 4864 2568 4915 ut
2611 4852 2663 4916 si

735 4940 990 5023 quando
1057 4937 1433 5020 captivitate
1502 4935 1886 5001 liberaretur
1948 4957 2081 5001 non
2148 4945 2666 5018 temperaturum

734 5021 1082 5090 ulciscendi
1126 5023 1227 5087 sui
1271 5023 1479 5106 gratia
1522 5043 1561 5085 a
1603 5023 1786 5087 miris
1821 5022 2209 5088 suscitandis
2244 5024 2361 5086 toti
2405 5020 2666 5105 quidem

736 5131 935 5192 regno
978 5108 1533 5192 perniciosissimis
1576 5107 1995 5182 tumultibus,
2041 5107 2252 5173 turbis
2293 5107 2669 5191 ingentibus

734 5195 1187 5277 intestinisque
1232 5191 1529 5258 dissidiis.
1624 5193 1811 5259 Addo
1857 5193 2208 5259 verisimile
2251 5213 2422 5270 esse,
2469 5214 2666 5275 quum

734 5299 926 5342 nemo
970 5281 1225 5344 illorum
1272 5279 1432 5342 satis
1463 5289 1641 5343 tutus
1665 5281 1859 5344 fuerit·
1901 5291 1967 5342 et
2000 5300 2266 5345 securus
2302 5279 2459 5361 quin
2495 5287 2667 5362 post-
2713 5275 2721 5340 Ξ

2402 389 2861 461 EPISTULA
2912 397 3072 459 1592

4552 400 4660 462 260

2777 581 2898 648 hac
2941 583 3064 648 sibi
3105 583 3374 665 quisque
3418 581 3660 647 malum
3702 578 4078 663 impendere
4120 597 4160 642 a
4200 581 4443 661 captivo
4478 587 4660 667 suspi-

2779 679 3035 733 caretur
3100 689 3290 751 quem
3356 688 3490 731 uno
3545 687 3655 732 ore
3706 686 3932 731 omnes
4003 665 4229 747 capitis
4296 664 4660 746 damnarant,

2776 753 3162 837 praesertim
3195 753 3391 817 huius
3425 752 3583 817 mali
3616 760 3874 817 autores
3910 752 4222 833 primarii,
4259 752 4663 833 conquiescere

2775 860 2907 903 non
2951 840 3235 938 potuisse
3275 837 3534 903 illorum
3577 839 3825 904 animos
3840 888 3856 915 ,
3901 847 3980 901 ut
3998 838 4125 935 ιιι,
4169 837 4293 900 nisi
4312 835 4571 938 'sublato-
4599 860 4663 904 eo

2775 923 3719 1092 ῗωᾞὲὼῗηὲἓθέιῖοᾏῗθὲῧὲῗι
3735 929 4169 1091 ’ΜΨἛΜ
4257 919 4366 987 ⁹²⁰
4398 921 4663 990 ΝΜ

3390 1183 3606 1197 .....
3646 1144 3719 1197 Et
3790 1161 3889 1197 uae
3925 1144 4026 1198 sibi
4063 1144 4289 1213 quisque
4325 1143 4553 1210 timebat,

3317 1213 3489 1267 Unius
3525 1213 3581 1266 in
3615 1214 3797 1265 misen
3834 1213 4087 1266 excitium
4122 1227 4379 1264 conversa
4411 1212 4582 1264 tulere.
4593 1210 4637 1274 ⁸)

2946 1351 3292 1433 Utcunque
3349 1370 3491 1416 sese
3546 1349 3849 1415 habuerit
3891 1370 3995 1414 res
4013 1400 4029 1425 ‚
4085 1349 4329 1414 clarum
4372 1359 4492 1424 est,
4545 1369 4667 1413 meo

2776 1435 3035 1518 quidem
3079 1434 3315 1503 iudicio
3331 1486 3348 1516 ,
3389 1435 3762 1501 defunctum
3807 1435 4165 1517 principem
4180 1485 4195 1513 ,
4240 1444 4313 1498 ut
4354 1435 4666 1511 hominem,

2775 1522 2915 1586 suis
2981 1542 3111 1586 non
3168 1522 3453 1588 caruisse
3492 1521 3672 1587 vitiis
3689 1572 3703 1594 ,
3772 1531 3964 1602 atque
4035 1520 4234 1585 etiam
4299 1519 4667 1603 gravioribus

2776 1627 2968 1689 quam
3013 1617 3090 1671 ut
3132 1628 3173 1672 a
3216 1607 3357 1672 Deo
3399 1606 3567 1671 forte
3619 1607 3940 1689 impunita
3981 1606 4315 1687 praeteriri
4375 1603 4670 1687 potuerint

2776 1693 2843 1755 in
2888 1691 3009 1757 hoc
3063 1692 3352 1770 saeculo,
3411 1700 3487 1757 ut
3523 1691 3677 1756 hinc
3719 1692 3937 1756 Deum
3993 1692 4248 1774 insigne
4304 1690 4526 1756 occulti
4581 1690 4668 1753 sui

2774 1777 2999 1843 iudicii
3037 1779 3427 1862 mysterium
3481 1776 3758 1860 intelligi
3806 1777 4087 1840 voluisse
4129 1775 4426 1858 colligam
4441 1827 4456 1853 ,
4513 1783 4575 1838 et
4610 1794 4670 1838 re

2771 1864 3133 1929 wcuratius
3167 1883 3452 1946 expensa
3485 1872 3550 1928 te
3583 1883 3835 1946 quoque
3868 1882 3942 1927 ac
3977 1863 4119 1943 pios
4153 1882 4377 1928 omnes
4407 1863 4498 1926 ita
4524 1860 4669 1925 iudi·

2773 1955 3030 2013 caturos
3087 1970 3228 2013 esse
3293 1950 3404 2013 vix
3468 1946 3773 2012 dubitem.
3875 1947 4035 2011 Fuit
4099 1949 4210 2012 vir
4261 1947 4372 2012 ille
4426 1946 4670 2013 summis

2772 2034 2898 2098 Dei
2943 2033 3131 2099 donis
3174 2044 3239 2098 et
3280 2054 3545 2116 corpore
3588 2042 3655 2099 et
3697 2034 3913 2096 animo
3958 2041 4312 2097 exornatus
4353 2031 4669 2115 locupleta-

2773 2127 3037 2201 tusque,
3096 2120 3266 2202 quod
3323 2129 3387 2182 te
3430 2118 3695 2201 quidem
3747 2138 3986 2201 magua
4039 2139 4122 2183 ex
4182 2127 4367 2201 parte
4423 2119 4500 2184 ab
4543 2117 4668 2181 aliis

2769 2205 3149 2289 cognovisse
3205 2206 3361 2270 satis
3427 2204 3735 2287 intelligo.
3826 2204 3966 2268 Iam
4025 2224 4184 2269 vero
4253 2224 4470 2269 annon
4528 2200 4671 2266 illud

2771 2310 3101 2354 summum
3146 2302 3261 2367 est,
3303 2289 3475 2373 quod
3519 2310 3636 2371 per
3675 2289 3863 2354 illum
3903 2290 4087 2354 Deus
4134 2290 4342 2355 voluit
4383 2286 4673 2371 evangelii

2770 2373 2982 2441 lucem
3026 2375 3178 2441 huic
3218 2395 3420 2460 regno
3461 2374 3926 2442 inclarescere?
3985 2375 4161 2457 quod
4205 2375 4379 2440 filius
4419 2372 4538 2438 Dei
4579 2391 4671 2436 ve-

2769 2460 2870 2526 lut
2923 2461 3131 2543 ipsius
3185 2482 3383 2526 manu
3437 2482 3577 2527 sese
3620 2461 3960 2526 Britannis
4018 2458 4404 2525 donaverit?
4490 2459 4673 2523 Taceo

2769 2567 2945 2611 nuno
3002 2546 3321 2628 quomodo
3380 2547 3566 2611 illum
3619 2547 3804 2612 Deus
3856 2546 4090 2610 humili
4144 2546 4286 2611 loco
4339 2557 4558 2610 natum
4597 2544 4674 2606 ita

2769 2630 3083 2696 extulerit
3146 2641 3220 2696 ut
3283 2653 3352 2697 re
3403 2635 3503 2697 ‘us
3561 2631 3755 2708 levir,
3817 2634 4082 2715 reginae
4102 2637 4161 2705 ⁶)
4228 2633 4447 2706 frater,
4524 2629 4673 2727 regis

2767 2716 3152 2795 avunculus,
3193 2719 3265 2782 in
3385 2738 3502 2783 ens
3543 2719 3867 2782 neminem
3901 2718 4009 2782 hic
4043 2717 4178 2782 ullo
4202 2723 4236 2756 ⁴*
4279 2718 4675 2783 existimatio-

2768 2804 2873 2867 nis
2938 2801 3213 2886 gradum
3279 2804 3672 2885 superiorem
3740 2801 4040 2880 haberet,
4112 2813 4256 2868 tum
4327 2801 4675 2885 praesertim

2766 2907 2970 2970 quum
3012 2909 3354 2972 supremus
3395 2887 3588 2952 huius
3629 2887 3816 2970 regui
3857 2897 4190 2970 promotor
4230 2897 4510 2965 creatus,
4550 2895 4680 2951 tau·

2759 2982 2906 3037 tum
2949 2992 3082 3038 non
3125 2994 3263 3052 rex,
3307 2973 3437 3038 imo
3485 2992 3640 3037 vero
3684 2993 3800 3037 rex
3836 2976 4008 3056 regis
4052 2975 4136 3039 ab
4171 2974 4471 3040 omnibus
4502 2972 4676 3036 habe—

2767 3067 2969 3123 retur.
3083 3058 3336 3124 Omitto
3411 3077 3611 3141 quam
3688 3058 4054 3142 prodigiose
4119 3082 4272 3126 eum
4347 3057 4677 3126 servaverit

2766 3144 2953 3209 Deus
3001 3163 3042 3207 a
3097 3144 3324 3227 capitis
3382 3143 3699 3227 supplicio
3716 3196 3730 3222 ,
3797 3157 3938 3209 tum
4002 3163 4206 3228 quum
4266 3147 4493 3211 turbae
4546 3142 4675 3206 illae

2769 3236 3020 3309 tantae,
3086 3228 3165 3294 de
3207 3228 3438 3312 quibus
3480 3227 3752 3306 audisti,
3818 3228 3926 3296 hic
3980 3231 4048 3294 ιιι
4094 3233 4318 3314 ipsum
4382 3230 4675 3296 excitatae

2769 3325 2972 3379 erant.
3057 3314 3212 3379 Alia
3253 3316 3392 3380 eius
3435 3316 3697 3400 generis
3738 3316 4063 3397 permulta
4107 3318 4324 3382 sciens
4369 3314 4676 3382 brevitatis

2768 3400 2978 3485 gratia
3018 3410 3364 3483 praetereo.
3455 3399 3648 3466 Certe
3683 3400 3788 3464 his
3823 3401 3949 3466 Dei
3981 3402 4320 3469 beneficiis
4353 3402 4676 3468 christiane

2765 3506 3022 3569 semper
3041 3507 3234 3551 usum
3258 3508 3388 3551 non
3409 3488 3606 3552 fuisse
3646 3485 3854 3562 illum,
3897 3488 4054 3570 quin
4077 3490 4379 3571 graviter
4397 3488 4679 3571 petiusea

2768 3572 3160 3655 scelesoeque
3203 3572 3549 3655 aliquando
3591 3573 3970 3655 profanasse
4011 3574 4244 3640 multis
4288 3574 4493 3638 modis
4525 3590 4677 3637 com·

2767 3666 3023 3741 pertum
3095 3662 3549 3741 cognitumque
3612 3656 3851 3723 habeo:
3917 3678 4294 3741 quanquam
4351 3671 4416 3725 te
4472 3659 4678 3722 horum

2768 3743 2933 3807 nihil
2973 3763 3266 3825 unquam
3309 3745 3574 3810 scivisse
3591 3794 3605 3820 ‚
3652 3755 3767 3808 aut
3809 3746 4125 3826 suspicari
4171 3747 4375 3811 etiam
4501 3743 4678 3807 tuisse

2768 3828 3085 3893 existimo.
3175 3828 3328 3911 Ipse
3371 3829 3452 3894 D.
3498 3852 3540 3894 a
3584 3829 3801 3906 Lusco,
3843 3849 4036 3910 quem
4082 3833 4280 3906 nosti,
4328 3832 4413 3894 ιιι·
4466 3831 4487 3893 ι
4527 3830 4681 3892 inter

2767 3920 3056 3977 caeteros
3098 3915 3281 3979 testis
3324 3936 3463 3982 esse
3507 3925 3719 3997 potest
3760 3913 4058 3990 idoneus,
4105 3916 4299 3982 illum
4343 3918 4412 3980 in
4456 3910 4678 3980 Ohristi

2767 3999 3026 4082 negotio
3068 3998 3230 4064 adeo
3288 4000 3644 4076 refrixisse,
3704 4007 3838 4063 toto
3880 4001 4015 4064 fere
4080 4011 4377 4085 tempore
4432 4021 4551 4083 quo
4588 3996 4680 4061 hic

2767 4084 2954 4148 ambo
2997 4086 3246 4149 versati
3286 4108 3540 4163 sumus,
3599 4095 3671 4149 ut
3715 4085 3826 4148 vix
3869 4085 4043 4149 aliud
4087 4089 4446 4170 quidquam
4490 4088 4681 4150 minus

2766 4176 3025 4234 curaret
3067 4190 3263 4252 quam
3305 4192 3431 4253 quo
3467 4173 3534 4235 in
3579 4178 3752 4236 statu
3797 4170 3902 4234 hic
3936 4181 4108 4235 esset
4146 4173 4392 4254 religio.
4481 4170 4681 4250 Neque

2764 4253 3115 4337 quidquam
3165 4255 3286 4321 hac
3329 4258 3397 4320 in
3440 4267 3624 4338 parte
3667 4254 3853 4319 laude
3888 4255 4161 4339 dignum
4210 4259 4482 4323 retinuit
4518 4275 4682 4339 prae·

2766 4347 3062 4422 terquam
3098 4341 3268 4422 quod
3303 4363 3412 4406 ore
3447 4352 3657 4418 tenue,
3694 4342 3748 4405 si
3786 4340 4002 4423 aliqua
4034 4345 4407 4424 postularet
4440 4339 4682 4412 occasio.

2767 4446 3024 4507 semper
3066 4426 3512 4510 evangelicum
3550 4447 3691 4491 sese
3726 4428 4050 4509 professus
4087 4445 4210 4504 est,
4259 4432 4354 4495 ita
4397 4431 4582 4494 etiam
4621 4433 4686 4486 ιιι

2768 4530 2996 4576 revera
3052 4512 3297 4593 culpari
3356 4531 3396 4574 a
3449 4533 3769 4595 quoquam
3831 4533 3964 4576 uon
4026 4518 4234 4596 possit
4289 4514 4460 4598 quod
4513 4512 4686 4577 rebus

2771 4597 2952 4661 bonis
3042 4596 3539 4680 christianisque
3628 4618 3768 4663 sese
3859 4599 4213 4664 adversum
4295 4596 4685 4685 praestiterit.

2768 4679 2904 4747 Sed
2957 4703 3168 4764 neque
3228 4683 3346 4748 hoc
3398 4682 3495 4746 illi
3555 4682 3750 4748 tribui
3806 4691 4046 4765 potest,
4104 4687 4188 4751 ab
4249 4708 4324 4752 eo
4366 4684 4531 4770 quod
4572 4686 4687 4748 iam

2768 4766 2905 4831 dixi
2972 4778 3291 4849 tempore,
3367 4769 3533 4832 serio
3599 4777 3664 4833 et
3729 4789 3810 4832 ex
3876 4770 4092 4833 animo
4160 4795 4287 4838 sua
4366 4773 4687 4839 autoritate

2770 4874 2960 4918 usum
3004 4853 3205 4916 fuisse
3248 4851 3327 4916 ad
3381 4853 3890 4935 promovendam
3937 4856 4276 4936 pietatem:
4339 4882 4414 4925 ac
4460 4875 4684 4930 vereor,

2767 4946 3083 5020 quantum
3145 4937 3252 5001 hic
3317 4941 3658 5024 ingenium
3718 4940 3999 5004 hominis
4061 4944 4228 5008 mihi
4299 4950 4688 5028 perspectum

2769 5044 2909 5088 esse
2954 5024 3191 5105 potuit,
3237 5026 3291 5089 si
3335 5028 3405 5090 iu
3451 5046 3590 5090 rem
3635 5025 3837 5108 ipsius
3881 5028 4087 5109 magis
4137 5028 4376 5095 fuisset
4420 5031 4688 5094 diversas

2971 5227 3032 5292 5)
3082 5231 3227 5299 νόω.
3259 5233 3394 5285 Aea.
3429 5230 3494 5283 11.
3535 5227 3648 5281 lm.

2971 5295 3027 5362 6)
3067 5299 3149 5354 10.
3190 5297 3444 5366 Semi-our
3477 5299 3671 5352 uxoris
3705 5298 3937 5354 Henrici
3969 5300 4108 5354 vm.
