4900 6167
575 487 699 550 ⁷39

571 674 874 741 mouilles
909 695 945 740 e
982 673 1262 748 retraits,
1308 673 1371 738 ie
1406 672 1501 738 les
1535 672 1736 738 laisse
1772 690 1938 754 pour
1970 668 2092 734 tels
2127 667 2316 751 qu’ils
2352 666 2530 752 sont)

573 784 648 827 se
690 768 1148 828 contenteront
1191 757 1446 824 d’avoir
1487 779 1617 823 une
1656 756 2053 823 translacion
2092 753 2271 820 aussi
2316 754 2531 819 bonno

574 868 613 913 e
658 847 846 914 facile
888 867 926 910 e
971 847 1122 913 bien
1164 866 1432 923 cousus,
1491 843 1646 928 qu’il
1691 844 1816 907 m’a
1873 850 1977 907 ete
2022 839 2304 924 possible
2347 837 2429 904 de
2470 839 2531 905 le

571 933 754 999 faire.
861 931 1008 1014 Que
1064 931 1196 998 s’ils
1256 940 1565 996 trouvent
1629 929 1907 1014 quelque
1962 928 2158 994 chose
2212 926 2325 1010 qui
2384 926 2532 990 leur

621 1020 796 1084 uisse
841 1016 1156 1101 deplaire‚
1201 1019 1261 1082 ie
1304 1016 1399 1081 les
1442 1019 1583 1099 prie
1628 1014 1817 1100 qu’ils
1862 1035 1968 1078 me
2013 1012 2334 1079 veuillent
2377 1032 2527 1095 par-

571 1040 861 1171 gonner:
908 1105 1013 1168 i'ai
1059 1105 1175 1169 fait
1219 1125 1292 1170 ce
1329 1125 1452 1186 que
1496 1103 1602 1167 i’ai
1648 1122 1805 1185 peu:
1852 1100 1901 1164 il
1944 1103 2076 1165 n’et
2119 1098 2402 1182 possible
2448 1097 2529 1162 de

573 1196 919 1256 contenter
962 1190 1247 1267 chacun,
1307 1211 1440 1253 non
1482 1210 1600 1272 pas
1645 1208 1684 1252 a
1729 1186 1957 1252 Christ
2000 1197 2243 1250 meme:
2302 1205 2414 1250 car
2457 1205 2529 1248 ce

578 1279 692 1361 qui
752 1277 914 1359 plait
973 1298 1012 1341 a
1071 1275 1243 1352 l’un,
1305 1274 1550 1359 deplait
1607 1294 1646 1337 a
1704 1272 1954 1338 l'autre.
2044 1269 2190 1352 Que
2250 1271 2307 1335 si
2364 1290 2528 1335 vous

571 1370 846 1428 trouves
874 1361 1150 1445 quelque
1195 1362 1370 1425 faute
1415 1371 1692 1437 (comme
1736 1360 1796 1423 ie
1843 1379 2042 1440 pense
2089 1357 2237 1421 bien
2285 1355 2436 1439 qu'il
2483 1379 2528 1439 y

573 1469 660 1514 en
702 1469 862 1514 aura
906 1461 1061 1531 peut
1104 1459 1242 1512 etre
1287 1448 1637 1529 plusieurs,
1696 1466 1823 1509 veu
1883 1465 2008 1527 que
2063 1443 2312 1509 l’euvre
2361 1452 2427 1507 et
2473 1443 2528 1506 si

573 1535 839 1601 difficile
883 1556 919 1599 e
963 1536 1017 1599 si
1065 1534 1246 1616 long)
1287 1533 1654 1615 pardonnes
1694 1531 1841 1608 moi,
1888 1553 1925 1595 e
1969 1531 2142 1595 m'en
2179 1530 2528 1595 avertisses

573 1620 1068 1695 amiablement‚
1135 1640 1388 1684 comme
1450 1619 1556 1682 i'ai
1623 1618 1814 1681 tache
1882 1615 1962 1681 de
2033 1636 2194 1681 vous
2259 1616 2530 1698 profiter

576 1705 1071 1772 amiablement:
1133 1726 1215 1769 ou
1276 1705 1333 1768 si
1391 1725 1551 1769 vous
1610 1726 1690 1768 uc
1740 1702 1990 1778 voules,
2052 1724 2137 1766 ou
2182 1723 2263 1765 ne
2307 1708 2529 1783 poves,

575 1794 921 1859 avertisses
942 1813 1026 1857 en
1063 1791 1156 1856 les
1192 1800 1409 1855 autres
1446 1790 1507 1855 le
1550 1790 1698 1873 plus
1722 1800 1819 1853 tot
1861 1810 1986 1871 que
2031 1809 2191 1853 vous
2235 1794 2528 1869 pourres,

574 1878 824 1962 lequels
865 1899 1024 1942 vous
1064 1886 1285 1941 verres
1324 1897 1475 1941 user
1519 1876 1599 1941 de
1643 1883 1786 1939 cete
1831 1874 2245 1951 translacion,
2286 1874 2530 1955 ,princi-

571 1964 929 2049 pallement
970 1965 1027 2027 si
1071 1967 1195 2029 c'et
1237 1962 1515 2046 quelque
1560 1963 1737 2026 faute
1782 1961 2199 2044 dangereuse.
2290 1960 2424 2024 Car
2468 1959 2529 2022 ie

570 2072 658 2117 ne
702 2070 875 2114 veux
920 2060 1207 2132 tromper
1249 2070 1590 2131 personne,
1637 2047 1741 2113 s'il
1787 2057 1850 2110 et
1894 2046 2190 2132 possible.
2259 2045 2318 2110 E
2362 2065 2530 2127 pour

573 2146 717 2203 cete
760 2156 987 2211 cause,
1034 2136 1328 2200 combien
1387 2139 1577 2217 qu’en
1644 2142 1784 2198 cete
1839 2131 2151 2216 besegne,
2197 2134 2363 2213 i'aye
2406 2151 2529 2213 par

572 2221 643 2287 la
686 2242 881 2306 grace
927 2221 1006 2284 de
1052 2220 1253 2297 Dieu,
1302 2220 1605 2285 travaille
1650 2220 1807 2303 long
1850 2228 2048 2295 tems,
2096 2216 2526 2284 continuelle-

571 2316 777 2385 ment‚
824 2329 863 2371 a
907 2306 1115 2390 grand
1160 2307 1357 2383 loisir,
1403 2327 1485 2370 en
1530 2304 1743 2371 bonne
1787 2314 1992 2380 sante,
2040 2327 2076 2370 e
2120 2303 2275 2369 d'un
2318 2302 2527 2385 grand

571 2415 873 2477 comaga,
911 2392 1248 2457 toute-fois
1270 2413 1502 2457 encore
1533 2391 1887 2457 desormais
1907 2391 2038 2471 (s'il
2058 2390 2224 2474 plait
2257 2389 2524 2465 aDieu)

571 2481 633 2547 si
673 2481 763 2565 i’y
808 2489 1040 2544 trouve
1083 2479 1356 2562 quelque
1400 2478 1609 2556 faute,
1668 2479 1795 2543 soit
1851 2499 1969 2561 par
2028 2478 2528 2543 avertissement

571 2566 881 2643 d'autrui,
927 2568 1053 2630 soit
1096 2575 1499 2641 autrement‚
1544 2565 1604 2628 ie
1649 2564 1910 2628 mettrai
1955 2564 2168 2647 peine,
2214 2562 2386 2628 Dieu
2429 2561 2524 2625 ai-

574 2652 753 2729 dant,
791 2649 873 2715 de
909 2650 972 2715 la
1007 2652 1310 2733 corriget.
1381 2647 1528 2730 Que
1563 2649 1667 2714 s'il
1706 2650 1885 2714 vient
1922 2671 2050 2714 une
2084 2657 2271 2730 autre
2307 2659 2522 2713 trans-

569 2738 783 2804 lacion
820 2737 932 2820 qui
966 2737 1092 2802 soit
1123 2735 1477 2815 meilleure,
1518 2737 1786 2821 i’espere
1823 2755 1950 2820 que
1987 2735 2218 2801 cete-ci
2260 2756 2343 2800 ne
2378 2754 2527 2800 sera

573 2844 694 2908 pas
736 2824 975 2888 martie
1021 2823 1101 2888 de
1146 2823 1236 2886 lui
1277 2822 1439 2888 faire
1484 2823 1683 2904 place.

1456 3334 1648 3404 1890.

853 3486 1320 3556 OALVINUS
1366 3490 1720 3557 AGNETI
1763 3491 2166 3558 ANGLAE.
2198 3492 2246 3575 ¹)

750 3659 1085 3726 Mulierem
1114 3663 1297 3744 piam
1350 3663 1422 3728 in
1476 3683 1597 3728 sua
1638 3665 1862 3745 patria
1904 3664 2294 3748 evanqelium
2327 3664 2527 3745 profi-

573 3748 693 3813 tem·
733 3747 981 3813 vetitam
1017 3748 1104 3814 ad
1135 3751 1546 3814 constantiam
1578 3748 1878 3827 hortatur,
1915 3754 1968 3814 e!
2001 3749 2299 3816 exsilium
2309 3751 2527 3831 potius

571 3831 960 3898 subeundum
996 3835 1163 3901 docet
1204 3854 1395 3916 quam
1432 3835 1622 3915 fidem
1662 3836 2173 3902 renunciandam.

577 4002 771 4070 (Manu
808 4005 1012 4074 scripta
1054 4021 1162 4059 non
1198 4012 1395 4060 exstat.
1465 4006 1657 4060 Edidit
1692 4008 1836 4060 Besa
1870 4006 2071 4060 Genev.
2112 4024 2166 4076 p.
2204 4004 2320 4071 130,
2358 4007 2522 4060 Laus.

573 4089 632 4142 p.
666 4071 786 4138 283,
835 4074 1049 4129 Hanov.
1085 4092 1137 4144 p.
1172 4073 1293 4143 317,
1340 4075 1549 4131 Chouet
1585 4093 1634 4145 p.
1684 4073 1801 4142 175,
1849 4081 2019 4129 Amet.
2067 4091 2121 4145 p.
2159 4073 2245 4129 80.
2317 4076 2526 4131 Gallice

974 4159 1134 4198 versa
1169 4145 1369 4214 legitur
1402 4146 1458 4197 in
1494 4144 1625 4198 edit.
1663 4145 1843 4198 Berol.
1882 4161 1935 4214 p.
1979 4142 2121 4209 171.)

749 4313 1146 4399 Quanquam
1191 4314 1477 4382 sciebam
1520 4337 1684 4399 opus
1727 4315 1866 4381 fore
1908 4316 2288 4399 interprete,
2333 4337 2529 4401 gene-

575 4420 727 4465 rosa
767 4401 1076 4478 Domina,
1123 4411 1199 4468 ιιι
1242 4400 1468 4466 literas
1511 4421 1693 4467 meas
1727 4400 2152 4486 intelligeres,
2199 4401 2528 4468 scribendi

575 4494 796 4552 tamen
842 4485 1149 4554 fiduciam
1193 4486 1356 4552 mihi
1421 4485 1740 4552 dederunt
1785 4485 2048 4569 quidam
2107 4489 2330 4553 amici:
2394 4489 2527 4553 imo

573 4570 659 4637 ad
702 4573 824 4639 hoc
867 4574 1153 4639 officium
1217 4572 1334 4638 tibi
1391 4570 1860 4657 praestandum
1905 4572 2328 4639 vehementer
2371 4574 2526 4639 hor·

574 4657 698 4723 tati
740 4671 915 4726 sunt.
982 4659 1318 4744 Linguam
1361 4680 1519 4725 vero
1557 4659 1834 4724 latinam
1878 4659 2097 4743 potius
2142 4659 2329 4744 elegi,
2372 4661 2529 4744 quia

573 4745 921 4827 sperabam
975 4745 1094 4810 tibi
1152 4745 1394 4811 multos
1450 4746 1590 4811 fore
1646 4743 1729 4810 ad
1787 4765 2055 4810 manum
2073 4796 2087 4822 ,
2143 4748 2253 4828 qui
2296 4745 2528 4812 Italice

574 4840 1013 4914 exponerent,
1068 4853 1268 4982 <auum
1328 4830 1593 4913 linguae
1639 4830 1936 4896 Gallicae
1996 4830 2182 4896 nulla
2239 4833 2373 4896 fere
2418 4833 2525 4898 vel

573 4936 727 4981 rara
795 4917 883 4982 sit
947 4939 1074 5002 apu
1187 4938 1304 4983 vos
1368 4918 1666 5000 cognitiO.
1758 4916 2093 5001 Principio
2157 4928 2378 4983 autem
2442 4939 2528 4984 ne

572 5003 793 5068 fructu
833 5013 1103 5070 careant
1144 5024 1332 5069 meae
1376 5002 1626 5080 literae,
1673 5001 1833 5067 mihi
1870 5002 2164 5088 roganda
2199 5026 2270 5070 es
2306 5013 2381 5069 ut
2414 5025 2528 5070 eas

576 5275 759 5330 1800.
804 5278 855 5338 l)
892 5276 1053 5331 Haec
1085 5275 1292 5331 εοιῖϊοει
1335 5276 1750 5400 cumscriptio
1783 5278 2046 5347 epistoloe
2077 5279 2143 5334 in
2177 5278 2527 5334 editionibus.

573 5343 1200 5414 Baeipoaverolacae
1244 5344 1588 5400 diceneum
1658 5346 2048 5414 talantuim
2096 5347 2526 5404 etinlocode-

570 5413 1607 5484 mummoyallioecalkbat.

2084 477 2611 547 EPISTOLAE
2665 483 2825 544 1889
2840 519 2908 529 --
2924 483 3088 544 1890

4469 486 4598 547 740

2635 668 2909 732 comiter
2967 669 3268 751 excipere
3329 690 3411 734 ne
3469 671 3790 754 graveris.
3892 667 4089 751 Quod
4134 668 4322 735 facile
4364 670 4480 736 abs
4524 680 4594 736 te

2634 752 3000 838 impetrabo
3018 806 3032 833 ,
3114 755 3170 818 si
3236 754 3492 820 consilii
3567 757 3694 822 mei
3761 758 3962 821 finem
4029 765 4298 839 spectes.
4410 755 4596 838 Quin

2636 841 2835 905 etiam
2880 839 3047 922 quod
3094 841 3352 924 postulo
3386 854 3616 925 sponte
3660 852 3727 907 et
3762 841 4046 908 libenter
4079 841 4404 907 facturam
4439 862 4596 926 pro·

2635 927 2928 1005 mittunt,
2975 947 3253 1009 quornm
3301 926 3564 993 hortatu
3608 929 3839 994 scribo.
3946 926 4085 995 Nec
4140 950 4299 995 vero
4360 929 4594 1012 pietati

2635 1020 2789 1076 tuae
2834 1024 3342 1078 consentaneum
3388 1023 3591 1093 esset,
3659 1035 3855 1097 quem
3914 1035 4118 1080 unum
4164 1016 4465 1098 agnoscis
4508 1036 4590 1080 ex

2635 1098 2846 1164 servis
2881 1097 3130 1164 Ohristi
3177 1120 3503 1182 spernere,
3549 1100 3932 1183 praesertim
3979 1100 4212 1166 salutis
4257 1111 4407 1166 tuae
4452 1109 4592 1167 stu-

2634 1182 2742 1248 dio
2785 1183 3175 1267 loquentem.
3270 1187 3366 1251 Ac
3423 1188 3595 1252 iusta
3651 1185 3912 1270 quidem
3973 1207 4174 1252 causa
4231 1197 4360 1265 est,
4421 1198 4499 1251 ιιι
4552 1208 4592 1252 a

2635 1269 3074 1354 gratulatione
3119 1270 3447 1356 incipiam.
3537 1272 3711 1337 Nam
3769 1272 4091 1356 evangelii
4146 1272 4345 1337 fidem
4388 1273 4484 1340 sic
4527 1282 4594 1338 te

2634 1355 3004 1438 amplexam
3051 1377 3191 1421 esse
3236 1356 3446 1435 audi0,
3492 1373 3565 1422 ut
3601 1358 3764 1423 nihil
3804 1357 3918 1422 tibi
3960 1359 4175 1441 potius
4211 1360 4300 1423 sit
4333 1360 4594 1429 sincero

2636 1442 2764 1508 Dei
2807 1443 3019 1508 cultu:
3080 1443 3264 1507 cuius
3323 1443 3654 1527 singulare
3712 1445 4003 1510 studium
4057 1445 4127 1508 iu
4179 1466 4406 1510 eorum
4449 1468 4596 1510 om·

2636 1530 2820 1593 nium
2855 1529 3091 1594 animis
3129 1530 3352 1613 vigere
3389 1529 3595 1609 debet,
3641 1533 3751 1613 qui
3796 1530 4187 1596 suavitatem
4224 1531 4404 1595 illam
4441 1552 4596 1616 gra-

2635 1616 2784 1689 tiae,
2831 1636 2997 1697 quae
3042 1615 3227 1680 nobis
3263 1618 3334 1680 in
3370 1616 3637 1681 Christo
3682 1617 3971 1695 offertur,
4020 1637 4171 1681 vere
4215 1626 4594 1702 gustarunt.

2633 1699 2791 1765 Ideo
2837 1700 3013 1765 enim
3061 1703 3360 1784 apparuit
3405 1703 3578 1768 filius
3623 1703 3768 1783 Dei,
3815 1702 4213 1785 et'quotidie
4254 1724 4406 1770 suos
4443 1705 4594 1770 the-

2633 1806 2861 1851 sauros
2921 1786 3105 1851 nobis
3165 1791 3499 1871 proponit,
3558 1797 3634 1853 ut
3689 1788 3920 1853 mundi
3975 1789 4298 1855 illecebris
4341 1810 4594 1855 renun-

2631 1872 2880 1938 ciantes
2961 1873 3305 1938 coelestem
3361 1876 3567 1940 vitam
3641 1874 4052 1940 meditemur.
4161 1875 4322 1941 Ideo
4388 1877 4596 1941 etiam

2631 1960 2880 2024 semine
2924 1958 3402 2042 incorruptibili
3447 1981 3604 2027 suae
3649 1960 3983 2026 doctrinae
4026 1981 4146 2027 nos
4175 1962 4360 2027 Deus
4404 1982 4594 2047 rege-

2631 2056 2836 2121 nerat,
2884 2053 2960 2109 ut
3002 2046 3285 2110 iustitiae
3331 2046 3578 2113 fructus
3636 2049 3920 2130 proferat
3977 2058 4114 2112 tota
4157 2048 4298 2112 vita
4341 2060 4581 2129 nostra,

2630 2132 2743 2213 qni
2789 2150 3012 2197 sacrae
3071 2131 3211 2196 eius
3270 2133 3600 2214 adoptioni
3649 2132 4105 2216 respondeant.
4195 2133 4398 2199 Multi
4443 2138 4586 2219 qui—

2632 2215 2780 2282 dem
2845 2218 3043 2301 impie
3099 2217 3294 2283 hodie
3350 2218 3641 2283 illudunt
3686 2218 3980 2297 Christe,
4035 2228 4452 2304 praetextum
4514 2221 4590 2287 li-

2630 2305 2884 2368 centiae
2942 2314 3332 2386 quaerentes
3386 2325 3469 2372 ex
3535 2306 3675 2371 eius
3731 2304 4056 2370 doctrina:
4115 2305 4230 2372 sed
4285 2304 4590 2373 videmus

2630 2411 2825 2471 quam
2874 2388 3220 2455 horrendis
3277 2390 3487 2456 modis
3535 2390 3698 2456 haec
3751 2391 4096 2476 sacrilegia
4139 2393 4319 2458 Deus
4363 2393 4586 2458 vindi-

2628 2484 2749 2541 cet.
2839 2476 2932 2540 Te
2990 2496 3148 2541 vero
3213 2477 3282 2540 in
3340 2476 3462 2543 hoc
3522 2487 3723 2542 totam
3779 2498 3955 2555 esse,
4019 2486 4095 2542 ιιι
4155 2488 4373 2543 sancta
4435 2480 4582 2545 vita

2629 2561 3042 2646 evangelium
3087 2583 3311 2640 ornes,
3368 2584 3766 2647 magnopere
3809 2561 4079 2647 gaudeo,
4171 2567 4381 2647 Atque
4421 2564 4586 2631 hinc

2629 2656 2902 2731 apparet
2945 2649 3357 2732 evangelium
3400 2650 3471 2713 in
3508 2660 3572 2713 te
3609 2650 3800 2715 vivas
3834 2650 4044 2734 egisse
4080 2649 4350 2716 radices.
4418 2648 4590 2724 an-

2627 2742 2864 2811 terum,
2910 2733 3063 2817 quia
3105 2736 3472 2801 innumeris
3517 2734 3708 2800 hodie
3752 2735 4135 2821 corruptelis
4173 2736 4451 2802 refertus
4481 2746 4591 2802 est

2625 2818 2948 2899 mundus,
3002 2841 3132 2885 non
3188 2820 3378 2886 modo
3423 2831 3600 2888 recte
3644 2821 3999 2887 animatam
4043 2830 4108 2887 te
4152 2842 4296 2888 esse
4340 2842 4588 2889 conve-

2627 2907 2729 2971 nit
2769 2905 2851 2970 ad
2896 2905 3302 2991 pergendum
3342 2908 3414 2970 in
3459 2906 3581 2971 hoc
3616 2929 3829 2987 cursu,
3881 2905 3994 2973 sed
4029 2907 4277 2974 invicta
4322 2929 4588 2992 quoque

2627 2990 3011 3057 fortitudine
3081 3012 3223 3057 esse
3324 3002 3649 3058 armatam
3733 3012 3997 3060 necesse
4076 3000 4205 3071 est,
4303 3002 4382 3058 ut
4450 2993 4574 3060 sub

2628 3077 2895 3144 Christo
2930 3077 3190 3144 coelesti
3227 3076 3390 3144 duce
3426 3078 3686 3145 milites.
3735 3079 3904 3145 Nam
3940 3079 4035 3144 sic
4068 3078 4262 3145 hodie
4296 3080 4584 3146 invaluit

2626 3164 2952 3246 impietas,
2998 3183 3073 3229 ac
3118 3166 3503 3246 praesertim
3563 3165 3735 3249 apud
3790 3186 3912 3232 vos
3955 3167 4049 3232 sic
4091 3174 4432 3249 grassatur
4475 3174 4587 3251 ty-

2627 3250 2856 3314 rannis
2901 3250 3309 3327 Antichristi,
3368 3260 3445 3315 ut
3486 3272 3618 3316 non
3664 3252 3873 3334 possis
3915 3251 4056 3317 sine
4098 3253 4361 3335 magnis
4404 3251 4585 3336 peri·

2628 3335 2813 3413 culis,
2872 3343 2939 3399 et
2982 3337 3446 3403 certaminibus
3502 3338 3834 3422 integrum
3879 3335 4023 3403 Deo
4079 3337 4333 3402 cultum
4386 3358 4580 3421 prae-

2628 3431 2821 3488 stare.
2910 3420 3115 3487 Ouius
3159 3423 3254 3487 rei
3315 3431 3388 3488 tu
3444 3423 3692 3507 optima
3745 3424 3933 3489 testis
3987 3443 4091 3489 es:
4152 3431 4346 3506 atque
4387 3425 4456 3488 in
4502 3445 4583 3491 eo

2629 3507 2917 3572 maxime
2959 3506 3247 3592 refulget
3287 3509 3547 3593 pietatis
3592 3517 3746 3574 tuae
3793 3510 3979 3593 vigor
3993 3560 4009 3588 ,
4065 3509 4240 3593 quod
4294 3530 4425 3575 non
4469 3530 4580 3575 so·

2629 3592 2771 3658 lum
2815 3592 2932 3657 tibi
2975 3614 3106 3659 non
3150 3593 3454 3680 indulges
3498 3595 3569 3660 in
3605 3595 3785 3662 vitiis
3840 3595 4330 3674 communibus,
4386 3595 4575 3661 sicuti

2629 3678 2822 3744 multi
2857 3679 3094 3745 solent:
3134 3680 3248 3746 sed
3285 3682 3438 3765 quia
3474 3701 3593 3764 pro
3627 3687 3743 3746 tua
3780 3681 4133 3765 prudentia
4165 3680 4350 3747 vides
4381 3700 4582 3763 quam

2630 3765 2874 3831 misera
2916 3765 3005 3830 sit
3046 3767 3192 3832 istic
3235 3775 3350 3833 tua
3391 3767 3677 3834 servitus
3694 3818 3711 3846 ,
3768 3766 4220 3833 voluntarium
4275 3766 4592 3833 exsilium

2632 3851 2855 3917 subire
2897 3853 3127 3931 mavis,
3175 3874 3369 3936 quam
3403 3854 3477 3918 in
3511 3852 3643 3920 illis
3679 3851 3999 3931 sordibus,
4045 3873 4211 3937 quae
4254 3860 4321 3918 te
4363 3862 4592 3920 conta-

2631 3937 2917 4016 minant,
2979 3957 3245 4004 manere
3299 3938 3536 4005 defixa.
3636 3939 3845 4005 Porro
3904 3936 4164 4022 quando
4208 3937 4338 4005 huc
4380 3960 4588 4024 usque

2633 4035 2697 4089 te
2739 4023 2925 4089 Deus
2980 4024 3211 4108 spiritu
3267 4046 3385 4090 sno
3429 4024 3898 4110 expergefecit,
3954 4045 4250 4091 mearum
4297 4026 4596 4109 partium

2630 4128 2775 4175 esse
2818 4107 2994 4187 duxi,
3041 4111 3326 4176 currenti
3372 4109 3610 4197 addere
3653 4111 3969 4189 stimulos,
4015 4120 4084 4177 et
4126 4122 4426 4176 sanctum
4461 4111 4594 4179 hoo

2631 4195 2972 4261 consilium
3032 4193 3365 4263 adiuvare.
3472 4196 3548 4262 Si
3605 4195 3721 4262 tibi
3785 4197 3935 4262 istic
3999 4204 4172 4262 esset
4228 4196 4592 4281 integrum,

2631 4282 2849 4347 Deum
2894 4304 3025 4347 non
3067 4281 3374 4347 fraudare
3408 4282 3627 4349 debito
3663 4282 4007 4366 obsequio:
4054 4303 4321 4347 manere
4367 4283 4593 4366 potius

2632 4367 2992 4445 suaderem,
3038 4389 3233 4452 quam
3273 4369 3500 4435 relicta
3534 4370 3765 4452 patria,
3810 4368 4008 4454 longo
4041 4369 4296 4447 itinere,
4341 4389 4590 4453 magno

2631 4462 2919 4536 sumptu,
2963 4463 3031 4518 et
3075 4455 3327 4538 ingenti
3369 4454 3669 4520 molestia
3712 4454 4138 4539 longinquam
4184 4464 4252 4520 et
4288 4454 4594 4538 incogni-

2631 4550 2767 4604 tam
2812 4539 3143 4624 regionem
3198 4550 3438 4623 petere.
3526 4539 3721 4606 Nunc
3777 4561 3937 4606 vero
3990 4562 4191 4624 quum
4244 4540 4463 4605 minae
4518 4550 4598 4607 et

2633 4634 2918 4692 terrores
2973 4625 3258 4691 hostium
3312 4625 3564 4692 Christi
3625 4625 3746 4690 tibi
3789 4625 3984 4692 fidem
4029 4635 4230 4705 tuam,
4272 4633 4349 4691 ut
4393 4625 4594 4692 dece-

2632 4711 2774 4789 bat,
2844 4712 3136 4794 profiteri
3192 4733 3329 4776 non
3390 4713 3805 4795 permittant,
3873 4722 3939 4778 te
4005 4713 4202 4778 etiam
4266 4712 4596 4797 impediat

2634 4798 2851 4863 carnis
2887 4797 3254 4876 infirmitas,
3300 4807 3374 4862 ιιι
3409 4796 3491 4863 ab
3529 4800 3632 4864 his
3668 4799 3917 4882 laqueis
3952 4798 4330 4864 exitialibus
4360 4819 4597 4881 quam-

2630 4882 2918 4966 primum
2986 4885 3231 4960 evoles,
3301 4885 3639 4950 consulere
3693 4895 3761 4949 et
3817 4884 4067 4951 hortari
4124 4906 4260 4950 non
4326 4883 4592 4951 dubito:

2632 4968 2919 5052 adeoque
2962 4990 3067 5034 me
3111 4980 3366 5035 tacente
3409 4972 3554 5035 fieri
3608 4992 3739 5036 non
3800 4978 4048 5055 potest,
4106 4972 4261 5053 quin
4318 4981 4387 5036 te
4430 4992 4594 5038 con-

2632 5055 2943 5120 scientiae
2987 5056 3368 5139 inquietudo
3409 5055 3493 5120 ad
3533 5057 3975 5140 quaerendum
4021 5057 4384 5122 remedium
4424 5059 4594 5123 assi-

2633 5140 2760 5205 due
2804 5142 3123 5208 sollicitet.
3212 5143 3489 5208 Interim
3530 5143 3895 5208 cavendum
3938 5142 4056 5209 tibi
4101 5152 4217 5217 est,
4264 5164 4350 5209 ne
4384 5143 4450 5209 lo

2633 5225 3099 5293 deliberatione
3141 5229 3388 5294 frustra
3458 5240 3717 5314 tempus
3776 5227 4081 5309 terendo,
4142 5230 4396 5295 exitum
4451 5165 4595 5295 {iffi

2630 5313 3035 5395 praecludas.
3126 5315 3370 5379 Fateor
3422 5335 3578 5381 sane
3632 5316 3704 5387 in
3749 5324 3885 5378 tam
3929 5315 4133 5382 arduo
4176 5315 4442 5399 negotio
4485 5324 4596 5380 te-

2632 5420 2811 5465 mere
2855 5398 3024 5465 nihil
3068 5421 3209 5465 esse
3253 5400 3672 5466 tentandum:
3734 5408 3968 5467 verum
4023 5401 4080 5467 si
4134 5400 4255 5467 tibi
4308 5400 4596 5469 obscura.
