4900 6167
296 369 394 437 189

290 559 359 627 D.
414 561 634 628 loanni
702 562 982 630 Calvino
1022 564 1213 630 Evan
1299 562 1365 629 lo
1386 565 1440 648 ¹)
1484 562 1943 631 Gebennatum
2002 561 2211 628 amico

956 671 1075 715 suo
1126 648 1195 715 in
1243 648 1510 716 ubitat0.

477 802 561 868 D.
605 803 845 869 Ioanni
889 803 1169 870 Calvino
1214 803 1500 871 Thomas
1542 801 1922 868 Blaurerus.
1942 804 1999 878 ²)

435 936 501 1006 S.
572 937 795 1005 Oblati
854 949 1010 1005 sunt
1068 939 1231 1006 mihi
1295 941 1363 1005 in
1418 939 1776 1007 diversorio
1833 939 1917 1004 ad
1981 939 2211 1005 urbem

288 1025 723 1091 Constantiam
764 1025 1118 1106 institores,
1163 1027 1291 1093 viri
1334 1026 1485 1092 boni
1531 1035 1600 1092 et
1640 1025 2005 1103 christiani,
2052 1045 2212 1108 quos

288 1131 459 1193 quum
505 1110 588 1175 de
631 1121 729 1188 te,
772 1111 997 1195 ignoto
1040 1110 1301 1196 quidem
1345 1111 1426 1178 de
1468 1110 1666 1189 facie,
1712 1110 1825 1176 sed
1870 1112 2210 1195 scripturis

286 1204 484 1261 nostro
528 1195 785 1261 saeculo
828 1197 1080 1262 idoneis
1136 1219 1212 1264 ac
1252 1197 1377 1281 piis
1419 1197 1536 1263 abs
1578 1209 1644 1263 te
1679 1196 2066 1281 divulgatis,
2134 1205 2213 1260 ut

284 1281 460 1346 animi
500 1280 782 1365 fideique
817 1283 1043 1367 signis,
1086 1283 1465 1368 percognito
1497 1293 1936 1368 percontarer,
1978 1281 2212 1367 ecquid

284 1366 544 1445 valeres,
607 1366 837 1451 ecquid
880 1371 1259 1454 proficeres,
1324 1367 1700 1435 indicarunt
1759 1390 1828 1434 se
1890 1368 2072 1433 brevi
2126 1364 2212 1432 ad

281 1463 337 1517 tc
386 1465 692 1519 venturos
712 1505 726 1529 ,
784 1474 979 1538 quem
1036 1454 1389 1541 diligerent
1439 1463 1507 1519 et
1561 1454 2075 1540 magnifacerent
2126 1453 2209 1517 ob

280 1558 374 1604 em
408 1560 513 1605 res
556 1551 623 1604 et
666 1541 945 1606 virtutes
987 1541 1221 1624 quibus
1275 1539 1424 1605 odio
1479 1548 1548 1605 et
1598 1538 2212 1623 persequutionibus

285 1625 598 1707 expositus
641 1647 711 1691 es
756 1628 985 1691 mundi
1031 1627 1287 1692 animis.
1379 1626 1567 1708 Quae
1604 1627 2059 1710 opportunitas
2100 1645 2209 1689 me

280 1709 570 1775 invitavit
612 1723 704 1790 ut,
749 1712 915 1795 quod
964 1734 1157 1796 saepe
1202 1734 1349 1778 sum
1384 1712 1751 1792 meditatus,
1796 1711 2089 1794 epistolio
2124 1720 2206 1788 te,

280 1816 449 1877 quem
512 1797 586 1861 in
650 1796 941 1881 reliquiis
1006 1798 1214 1864 habeo
1270 1800 1614 1864 firmorum
1688 1807 1756 1863 et
1809 1798 2209 1864 sincerorum

278 1902 655 1964 praeconum
698 1882 969 1961 Christi,
1016 1885 1386 1952 salutarem.
1459 1884 1553 1949 Et
1594 1883 1994 1950 christianus
2036 1880 2209 1965 quod

280 1966 385 2030 sim
426 1977 495 2033 et
537 1990 681 2034 esse
724 1973 1013 2053 cupiam,
1070 1971 1413 2037 christiani
1474 1969 1642 2034 nihil
1684 1990 1725 2033 a
1767 1990 1873 2036 me
1917 1969 2206 2034 alienum

282 2074 403 2118 esse
471 2055 858 2135 arbitratae,
942 2056 1065 2122 hoc
1137 2067 1213 2123 ut
1275 2054 1682 2122 commodum
1742 2061 2206 2139 argumentum

278 2139 579 2205 scribendi
624 2141 1076 2223 nanciscebar,
1141 2153 1216 2208 ut
1278 2142 1336 2209 si
1392 2141 1758 2226 dignareris
1813 2161 1932 2225 per
1994 2140 2200 2205 otium

280 2223 411 2289 dato
450 2247 762 2310 responso
806 2226 1237 2310 perdiscerem
1296 2228 1376 2294 de
1431 2228 1642 2294 salute
1685 2228 1861 2293 illius
1900 2228 2203 2294 acerrimi

280 2310 534 2378 vindicis
606 2315 1145 2397 superstitionum
1171 2315 1223 2402 ³)
1292 2313 1578 2380 Phar-elli
1594 2365 1608 2394 ,
1669 2334 1870 2398 quum
1942 2312 2207 2379 audiam

281 2418 427 2479 quae
472 2400 559 2463 sit
600 2400 697 2463 ira
740 2400 811 2464 in
858 2401 1190 2467 hominem
1239 2421 1550 2485 pagorum
1581 2400 1946 2467 Helvetiae.
2021 2400 2206 2466 Actis

278 2503 433 2549 nunc
480 2486 670 2550 annis
713 2486 988 2569 aliquot,
1034 2508 1240 2571 quum
1285 2487 1500 2552 adhuc
1545 2486 1704 2552 urbs
1746 2487 1959 2570 patria
2001 2493 2206 2550 staret

279 2566 549 2648 Christo,
615 2592 905 2638 mensem
976 2594 1178 2638 unum
1229 2581 1421 2655 atque
1480 2572 1758 2638 alterum
1823 2570 2206 2638 versabatur

276 2653 370 2718 ille
392 2653 834 2737 Constantius,
872 2679 1021 2724 cum
1057 2659 1619 2725 concionatoribus
1655 2659 1894 2724 nostris
1929 2657 2206 2741 aliisque

277 2739 512 2806 civibus
574 2744 917 2808 veritatem
989 2744 1352 2810 colentibus
1421 2744 1818 2811 contrahens
1884 2744 2202 2809 notitiam.

276 2823 521 2892 Interea
598 2829 721 2892 viri
789 2829 979 2896 istius
1053 2831 1432 2896 memoriam
1502 2851 1833 2914 nunquam
1916 2829 2204 2913 deposui.

280 2908 567 2980 Christus
610 2913 797 2980 illum
843 2915 1143 2982 obfirmet
1179 2929 1371 3001 atque
1406 2917 1641 3001 eripiat
1677 2917 1933 2982 insidiis
1976 2925 2042 2980 et
2077 2967 2092 2980 .
2134 2967 2145 2979 .
2189 2965 2201 2979 .

277 3046 288 3058 .
321 3048 333 3059 .
370 3003 467 3072 .⁴)
500 3000 1021 3067 adversariorum
1065 3004 1275 3069 crucis
1312 3002 1585 3070 Christi.

426 3085 735 3153 Fratrem
806 3109 1025 3152 meum
1091 3110 1481 3173 germanum
1554 3089 1960 3155 Ambrosium
2028 3109 2207 3154 nunc

278 3166 478 3235 Bielae
521 3174 919 3238 servientem
966 3172 1270 3254 Domino,
1315 3181 1391 3239 ut
1425 3196 1599 3240 nunc
1635 3174 2017 3240 viciniorem
2054 3182 2206 3239 tuae

278 3255 586 3338 ecclesiae,
632 3258 753 3325 tibi
797 3259 1195 3326 commendo.
1286 3260 1589 3327 Christus
1649 3271 1943 3326 servator
2001 3273 2064 3325 te
2109 3259 2207 3324 di·-

277 3339 433 3425 rigat
467 3353 665 3428 atque
699 3345 971 3411 adiuvet
1012 3355 1233 3429 partes
1267 3345 1748 3431 promovendae
1792 3345 2209 3431 evangelicae

278 3427 668 3496 sinceritatis.
750 3431 943 3497 Hanc
988 3453 1198 3515 porro,
1245 3442 1318 3498 ut
1360 3433 1534 3510 facis,
1579 3453 1985 3517 prosequere.
2053 3431 2202 3496 Non

278 3512 532 3580 dubium
575 3525 675 3583 est
732 3518 909 3583 enim
953 3519 1110 3601 quin
1155 3518 1468 3603 principis
1511 3519 1777 3585 istiusce
1821 3539 2100 3603 regnum
2143 3526 2211 3583 et

277 3599 552 3666 doctrina
595 3613 671 3667 ut
712 3604 933 3686 palma
975 3625 1255 3670 evasura
1298 3606 1386 3669 sit
1426 3606 1492 3670 in
1539 3605 1892 3690 fastigium.
1981 3603 2205 3685 Quare

272 3687 499 3766 psaltes
561 3690 777 3754 omnis
844 3705 1138 3755 caeterae
1206 3691 1654 3756 universitatis
1708 3693 1986 3755 intuitus
2040 3691 2205 3755 fines

276 3773 735 3855 amplissimum
780 3783 976 3859 atque
1008 3776 1338 3841 infinitum
1375 3777 1719 3842 constituit
1763 3777 1885 3842 hoc
1928 3774 2097 3859 quod
2134 3776 2205 3840 in

273 3861 622 3943 praeceptis
690 3867 759 3926 et
832 3862 1158 3927 vaticiniis
1215 3863 1465 3928 Christi
1536 3871 1716 3946 patet
1769 3864 2207 3945 sempiternae

274 3944 435 4009 vitae
477 3948 904 4030 pomoerium,
950 3969 1149 4031 quum
1196 3949 1316 4012 ait:

545 4079 685 4135 uim
721 4079 923 4155 *mum
958 4080 1138 4135 nnn-¹
1174 4081 1258 4165 γρ
1296 4080 1480 4136 'mm
1516 4050 1693 4136 aban
1732 4051 1915 4136 525⁶)

432 4167 897 4251 Rescripturus
953 4170 1195 4252 aliquid
1262 4169 1484 4235 literas
1537 4169 1620 4234 ad
1664 4169 2029 4236 Musculum
2093 4178 2210 4234 aut

274 4249 706 4338 Baaliwerum
761 4256 981 4338 potius
1026 4257 1242 4332 mitte,
1304 4256 1413 4339 qui
1459 4276 1571 4320 eas
1612 4256 1685 4319 in
1728 4277 1961 4339 agrum
2005 4255 2205 4339 'l'igu-

274 4337 475 4404 rinum
550 4341 662 4407 ubi
726 4340 988 4408 consedi
1068 4343 1488 4408 transmittet.
1596 4340 1849 4407 Iterum
1926 4341 2072 4408 vale
2135 4341 2207 4405 in

276 4419 552 4504 Christo,
613 4428 687 4490 in
749 4447 876 4508 quo
929 4447 1037 4490 me
1093 4446 1260 4492 ama.
1361 4427 1780 4512 Crucilingae
1837 4427 1918 4491 ad
1974 4428 2206 4493 urbem

274 4505 711 4577 Constantiam
756 4512 894 4596 xxij
939 4510 1243 4577 Octobris
1285 4511 1547 4578 MDLI.

359 4857 371 4868 .
424 4758 437 4772 Ο
459 4722 518 4854 y)
549 4735 838 4843 Ἃὺνοεὲο·
882 4790 1086 4872 frater,
1130 4787 1254 4841 olim
1309 4785 1672 4870 Constantia(
1706 4789 1909 4870 Consul
1941 4787 2203 4869 (Barasr-

273 4860 515 4925 naua),
558 4874 708 4912 nanc
753 4865 1079 4911 secretarius
1126 4854 1612 4922 (sinamus-aber)
1647 4873 1709 4911 m
1742 4859 1944 4927 opptdo
1989 4857 2201 4912 Βοιαὶ·

274 4923 427 4992 hosen
448 4941 621 4995 prope
664 4925 1056 4994 Kreuelinyen,
1091 4925 1151 4979 in
1187 4924 1393 4978 ditione
1424 4923 1813 4992 Helvetiorum,
1852 4926 2204 4982 Οοηααηίίαο

267 4994 550 5058 nominas.
628 4996 863 5060 Deqebat
898 4997 959 5048 in
992 4994 1211 5049 castello
1244 5008 1345 5047 suo
1384 4993 1677 5064 Gyrspera.

462 5062 520 5131 3)
555 5063 651 5119 Ita
682 5065 788 5130 ille,
821 5063 985 5130 plane
1018 5064 1135 5117 alia
1167 5065 1415 5130 cogitans
1448 5078 1516 5119 ac
1546 5064 1711 5119 verba
1745 5071 1959 5120 sonant.

461 5132 521 5194 4)
552 5148 662 5188 νοω
696 5134 885 5185 dubia.

464 5202 522 5268 ὃ)
562 5202 766 5258 Poazm.
808 5200 920 5268 119,
955 5198 1038 5253 96.

1238 5325 1307 5332 ———

1990 377 2145 439 1551
2196 370 2524 442 OC'I'OB.

4135 391 4256 453 190

3053 567 3245 640 1587.
3331 569 3525 642 1588.

2530 733 2893 805 BOLSEO
2955 739 3080 806 AU
3125 726 3427 807 SENA'I·
3471 742 3598 808 DE
3642 728 4043 810 GENEVE.

2490 905 3683 993 Bozeoemisenprismaoausede
3734 935 3812 980 sa
3860 918 4265 997 protestatio„

2303 991 2603 1075 publique
2653 1000 2856 1061 contre
2896 995 2952 1061 le
2991 997 3204 1081 doymo
3242 998 3320 1064 de
3361 999 3428 1065 la
3459 999 3952 1081 predestinationi
3981 1001 4266 1084 presente

2311 1080 2813 1146 suceessivanont
2885 1081 3048 1148 deme
3112 1089 3387 1165 requaes
3447 1107 3618 1167 pour
3686 1088 4021 1153 demander
4074 1088 4265 1153 bomw

2314 1333 2442 1400 (Cen
2487 1335 2628 1389 deux
2675 1336 2856 1406 pieoes
2904 1355 3012 1392 non
3059 1339 3276 1409 datees,
3335 1343 3470 1395 mais
3518 1342 3722 1396 devant
3755 1343 3908 1395 avoir
3944 1343 4030 1397 ete
4066 1344 4263 1398 ecrites

2314 1408 2471 1457 entre
2507 1404 2557 1458 lc
2592 1404 2664 1458 24
2698 1413 2756 1458 et
2790 1407 2841 1459 le
2876 1404 2944 1459 27
2980 1406 3245 1470 Octobre,
3293 1427 3351 1464 se
3387 1417 3648 1465 trouvent
3683 1411 3920 1466 inserens
3954 1430 4058 1465 aux
4095 1413 4264 1466 Actes

2313 1472 2387 1525 du
2420 1471 2645 1544 proces,
2691 1492 2762 1528 au
2795 1474 2963 1529 Tome
3000 1476 3139 1531 VIII
3199 1478 3298 1533 des
3333 1478 3573 1534 Oeuvres
3622 1480 3691 1533 de
3726 1480 3919 1534 Oalvin
3954 1498 4008 1550 p.
4061 1480 4155 1534 171
4206 1488 4264 1534 et

2315 1538 2430 1594 173.
2486 1542 2635 1597 Elles
2671 1552 3044 1598 commencent
3077 1553 3260 1600 tontes
3294 1548 3374 1601 les
3392 1548 3531 1602 deux
3608 1565 3666 1601 as
3701 1565 3790 1602 ces
3827 1555 3997 1603 mots:
4040 1548 4263 1619 Supplie

2792 1612 3254 1671 tremunbkment
3287 1633 3384 1672 vos
3418 1633 3544 1671 exce
3707 1621 3780 1681 ε.)

3195 1895 3206 1900 ,
3235 1895 3380 1903 -Ὦ---π-

3188 2111 3378 2180 1539.

2696 2248 3203 2317 HALLERUS
3247 2248 3867 2317 BULLINGERO.

2479 2419 2796 2486 Describit
2826 2443 2985 2502 quae
3019 2444 3058 2488 a
3101 2421 3362 2491 calvino
3402 2422 3635 2502 accepit
3674 2422 3751 2486 de
3783 2422 4023 2487 crudeli
4068 2422 4263 2488 edicto

2308 2508 2479 2589 reyis
2527 2506 2799 2573 Galliae.

2309 2676 2670 2799 (Exoethnm
2706 2691 2774 2731 ex
2809 2678 3146 2749 autographo
3180 2679 3310 2733 Ood.
3348 2678 3524 2732 Turio.
3563 2677 3779 2732 Archiv.
3816 2677 3961 2732 Plut.
3998 2677 4095 2731 vl.
4133 2677 4258 2732 Vol.

2431 2746 2461 2799 1
2537 2785 2550 2811 ‚
2587 2746 2716 2800 olim
2751 2746 2890 2816 Epp.
2927 2747 3078 2803 Tem.
3112 2745 3201 2816 32,
3233 2747 3327 2801 sol.
3364 2745 3480 2801 153.
3519 2775 3582 2786 -
3621 2745 3818 2801 Simler
3854 2747 3979 2801 Vol.
4017 2745 4129 2810 76.)

2480 2916 2863 2984 Clarissimo
2906 2919 3049 2984 viro
3089 2918 3174 2983 D.
3197 2918 3587 3001 Heinrycho
3629 2916 4016 3002 Bullingero
4059 2917 4257 3002 'Pigu-

2311 3005 2494 3105 rinae
2537 3003 2845 3104 ecclesiae
2886 3003 3278 3104 ‘fidelissimo
3332 3004 3610 3068 antistiti
3669 3002 3932 3067 domino
3976 3011 4044 3068 et
4086 3023 4261 3069 com-

2308 3098 2482 3173 patri
2527 3111 2644 3156 suo
2679 3110 3030 3156 carissimo.
3827 3175 4086 3240 zurich·

2310 3350 2395 3359 —
2441 3351 2522 3361 -
2575 3352 2652 3360 --
2697 3350 2781 3362 —
2823 3349 2906 3360 -ο
2951 3349 3036 3360 -
3092 3348 3170 3358 —
3226 3351 3293 3361 ——
3361 3349 3440 3357 -—
3503 3349 3585 3358 --
3631 3348 3712 3358 -
3765 3349 3834 3356 --
3902 3348 3988 3359 ——
4055 3345 4126 3356 ...⁶—
4176 3347 4262 3359 —

2501 3399 2634 3464 Von
2660 3399 2850 3482 Genff
2875 3398 3103 3466 sobria
3138 3399 3265 3463 mir
3287 3396 3608 3465 Calvinus
3641 3397 3815 3463 diser
3855 3403 4036 3481 tayen
4070 3397 4262 3462 vader

2310 3487 2574 3552 andem
2629 3484 2950 3551 semlichs:
3015 3482 3445 3549 Horrendum
3489 3482 3669 3549 dictu
3712 3495 3814 3547 est
3857 3491 4260 3566 quantopere

2311 3568 2550 3636 Gallus
2579 3573 2632 3654 ¹)
2679 3591 2853 3635 nunc
2897 3572 3162 3636 saeviat.
3227 3569 3524 3654 Longius
3558 3588 3904 3653 progressa
3940 3581 4042 3632 est
4083 3579 4260 3631 atro-

2310 3657 2472 3722 citas
2515 3676 2711 3738 quam
2746 3657 3192 3722 timueramus.
3261 3656 3353 3719 Et
3394 3665 3552 3721 sunt
3593 3653 3908 3737 quaedam
3939 3652 4263 3717 duntaxat

2309 3740 2664 3826 praeludia.
2751 3741 3010 3807 Passim
3053 3739 3134 3806 ad
3191 3738 3565 3806 incendium
3619 3740 3966 3823 rapiuntur
4023 3737 4147 3821 pii,
4192 3749 4264 3801 et

2309 3827 2521 3892 edicto
2556 3826 2865 3893 iubentur
2897 3826 3209 3892 ordinarii
3245 3825 3492 3891 iudices
3526 3824 3766 3889 reiecta
3801 3823 4261 3908 provocatione

2306 3934 2585 3981 exurere
2629 3915 2742 3997 qui
2786 3914 2891 3981 vel
2934 3914 3217 3979 sensisse
3256 3910 3620 3987 nobiscum,
3663 3909 3771 3976 vel
3814 3909 4055 3992 aliquid
4100 3929 4263 3994 erga

2309 4022 2432 4065 nos
2477 4001 2718 4066 favoris
2760 3998 3140 4071 ostendisse,
3186 3997 3292 4063 vel
3334 3996 3680 4079 pecuniam
3723 3996 3979 4061 misisse
4020 4016 4096 4061 co
4189 4017 4260 4059 a·

2308 4088 2397 4152 tis
2441 4089 2599 4162 suis,
2648 4085 2749 4151 vel
2791 4085 2989 4150 libros
3032 4084 3335 4149 habuisse
3377 4082 3692 4163 comperti
3734 4083 3996 4147 fuerint.
4145 4082 4259 4146 uin

2308 4173 2507 4237 etiam
2551 4171 2672 4237 sub
2716 4172 2904 4254 gravi
2942 4191 3148 4252 poena
3188 4176 3501 4232 vetantur
3535 4175 3840 4249 parentes
3882 4188 3999 4250 pro
4035 4166 4258 4232 liberis

2311 4257 2662 4341 deprecari.
2766 4256 3107 4323 Permulta
3160 4262 3318 4319 sunt
3381 4253 3522 4317 eius
3578 4253 3851 4336 generis.
3954 4251 4033 4318 Si
4091 4251 4258 4317 nihil

2310 4341 2490 4409 aliud
2535 4362 2897 4426 possumus,
2942 4340 3179 4407 saltem
3221 4348 3516 4404 nostrum
3560 4345 3661 4403 est
3701 4338 3978 4404 miseros
4023 4340 4259 4404 fratres

2307 4427 2681 4494 laborantes
2710 4448 2976 4512 precum
3012 4434 3386 4490 nostrarum
3421 4421 3707 4489 subsidio
3742 4425 3984 4490 iuvare.
4071 4423 4256 4488 Haec

2308 4514 2434 4580 ille.
2483 4551 2568 4562 —-
2631 4544 4258 4560 ——————————————

2308 4601 2570 4666 Bernae
2617 4603 2715 4664 26.
2764 4597 2990 4665 Octob.
3047 4602 3225 4661 1551.

3642 4681 3714 4746 Τ.
3753 4669 4081 4747 Hanerus.
4151 4683 4156 4687 ’

2309 4796 2506 4806 --—-—-
2555 4796 2715 4804 ——ffl

2306 4873 2483 4928 1⁶89.
2517 4876 2571 4938 1)
2611 4871 2698 4939 Of.
2739 4872 2958 4926 Caluini
2990 4888 3070 4940 ep.
3107 4871 3183 4925 ad
3219 4868 3594 4939 Bullinqerum
3636 4869 3707 4923 N.
3746 4867 3896 4923 1535.

3076 5149 3486 5160 -n-——u-——u--no-
