4900 6167
706 415 836 482 343

704 602 831 670 der
875 624 959 669 en
1000 607 1178 669 toute
1220 601 1552 686 prudenoe
1606 607 1676 667 et
1730 607 1925 668 vei-tu
1966 621 2130 668 vous
2185 599 2347 667 faire
2386 555 2653 686 prospe-

713 710 823 758 rer
863 697 929 755 et
969 690 1152 754 florir
1194 708 1235 754 a
1273 688 1340 754 18
1394 687 1622 773 gloyre
1665 687 1746 753 de
1793 708 1912 754 son
1953 708 2125 753 nom.
2210 687 2316 753 De
2359 686 2656 755 Genefve

704 797 780 842 ce
823 781 863 840 4
908 774 991 841 de
1032 774 1253 840 Iuillet
1301 777 1481 838 1552.
1512 773 1594 859 ¹⁰)

1470 1102 1865 1112 ——---—————-

1589 1350 1772 1422 1637.

1116 1493 1120 1498 ’
1195 1504 1665 1574 ΟΑΙΝΙΝΠΒ
1706 1504 2168 1573 FARELLO.

880 1677 1121 1743 Invitat
1160 1698 1298 1743 eum
1348 1677 1675 1743 Genevam.

712 1849 902 1915 (Manu
939 1849 1143 1971 miggin
1187 1865 1294 1902 non
1329 1853 1524 1903 exstat.
1592 1847 1783 1902 Edidit
1817 1849 1963 1902 Beza
1997 1848 2199 1903 Gener.
2234 1867 2286 1918 p.
2321 1847 2422 1902 107
2437 1890 2449 1914 ,
2489 1851 2650 1904 Laus.

877 1934 931 1987 p.
1073 1956 1087 1980 ‚
1121 1917 1329 1973 Hanov.
1365 1934 1418 1987 p.
1452 1915 1572 1984 267,
1610 1917 1820 1972 Chouet
1853 1934 1905 1986 p.
1945 1915 2065 1981 144,
2098 1918 2270 1971 Amet.
2303 1936 2357 1989 p.
2391 1917 2506 1986 65.)

880 2086 1110 2169 Quum
1167 2088 1273 2155 bis
1326 2088 1660 2154 mensibus
1712 2087 1971 2153 assiduo
2027 2090 2413 2156 concionum
2456 2109 2653 2156 onere

710 2195 913 2259 supra
954 2173 1220 2239 modum
1263 2181 1576 2259 gravatus
1618 2173 1840 2251 fueris,
1884 2174 2016 2239 iam
2060 2183 2318 2259 tempus
2362 2195 2504 2241 esse
2548 2198 2651 2241 81·-

708 2261 933 2333 bitror,
979 2267 1055 2324 ut
1098 2258 1215 2323 tibi
1259 2258 1734 2342 aliquantulum
1768 2260 2005 2342 quietis
2037 2260 2399 2345 indulgeas.
2484 2261 2651 2326 Fra·

706 2355 810 2411 ter
849 2352 1072 2410 noster
1109 2343 1586 2426 christophorus
1626 2345 1878 2410 interea
1910 2367 1980 2411 se
2013 2346 2327 2430 paulatim
2372 2345 2651 2431 colliget.

706 2431 935 2513 Neque
971 2429 1149 2495 enim
1185 2429 1447 2495 salubre
1485 2431 1669 2506 foret,
1705 2436 1840 2496 tam
1876 2431 2003 2498 cito
2043 2452 2084 2498 a
2118 2432 2344 2497 morbo
2387 2432 2653 2516 longam

708 2515 1180 2600 profectionem
1225 2515 1569 2598 suscipere.
1655 2516 1835 2601 Ergo
1899 2517 1956 2582 si
2014 2518 2280 2584 consilio
2336 2539 2484 2583 meo
2539 2519 2652 2583 ob-

708 2612 1054 2684 temperas,
1097 2599 1280 2666 brevi
1324 2620 1444 2666 nos
1487 2600 1748 2667 invises.
1784 2606 1836 2680 ¹)
1923 2600 2000 2668 Si
2043 2603 2388 2683 videbitur,
2429 2604 2500 2669 in
2543 2603 2651 2668 iti-

709 2707 869 2750 nere
923 2685 1226 2750 comitem
1284 2705 1575 2752 assumes
1632 2686 1926 2753 Virebum,
2016 2689 2161 2755 Nisi
2218 2691 2543 2754 facturum
2585 2696 2655 2754 te

709 2769 1105 2836 confiderem
1162 2770 1333 2854 quod
1401 2770 1671 2852 suadeo,
1739 2771 2013 2840 haberes
2071 2794 2111 2838 a
2165 2796 2271 2839 me
2327 2774 2655 2858 longiores

706 2856 949 2921 literas.
1038 2857 1185 2922 Etsi
1225 2857 1297 2921 in
1339 2857 1533 2924 rebus
1577 2859 1819 2924 nostris
1861 2859 2028 2925 nihil
2071 2867 2173 2926 est
2212 2859 2386 2944 quod
2428 2869 2494 2926 te
2537 2882 2652 2926 ex-

708 2941 964 3007 hilaret.
986 2943 1042 3020 ²)
1128 2940 1281 3023 Qua
1323 2944 1522 3008 etiam
1565 2944 1819 3009 ratione
1862 2964 1903 3008 a
1942 2946 2281 3013 scribendo
2318 2946 2654 3028 impedior,

707 3047 794 3092 ne
838 3026 936 3092 bis
977 3026 1098 3092 tibi
1143 3030 1267 3092 sim
1310 3028 1643 3095 molestus.
1734 3028 1912 3097 Cave
1969 3042 2190 3098 tamen
2243 3052 2330 3096 ne
2382 3033 2654 3097 miseros

704 3113 935 3197 fugias.
1023 3112 1224 3192 Vale,
1283 3114 1703 3199 integerrime
1745 3118 1949 3182 frater
1990 3126 2057 3183 81
2098 3116 2656 3201 praestantissime

709 3197 960 3263 Christi
1006 3218 1214 3264 serve.
1304 3202 1628 3269 Dominus
1672 3201 1788 3268 tibi
1829 3211 2147 3287 perpetuo
2189 3202 2376 3280 adsit,
2422 3206 2491 3267 te
2533 3223 2654 3286 gu·

708 3283 956 3362 bei-net,
1014 3283 1268 3351 labores
1321 3293 1473 3353 tuos
1515 3286 1872 3354 benedicat.
1977 3287 2309 3373 Collegam
2323 3339 2340 3366 ,
2397 3287 2654 3367 fratres,

708 3369 949 3436 amicos
998 3377 1065 3434 et
1107 3370 1422 3436 familiam
1457 3372 1689 3439 saluta.
1777 3373 2090 3442 Genevae
2139 3379 2233 3440 10.
2270 3372 2419 3439 111111
2469 3377 2651 3439 1552.

1627 3509 1908 3576 Ioannes
1953 3509 2267 3578 Calvinus
2311 3516 2479 3577 tuus.

1494 3835 1899 3845 ἡ

1562 4087 1754 4159 1638.

1148 4236 1726 4311 HO'I'OMANUS
1771 4242 2207 4311 GALVINO.

887 4406 1098 4475 ouras
1150 4415 1205 4474 et
1260 4412 1544 4493 querelas
1610 4416 1681 4479 in
1747 4418 1962 4482 sinum
2032 4417 2223 4482 amici
2291 4423 2346 4483 et
2386 4420 2654 4501 patroni

709 4492 992 4574 effendit,
1036 4497 1376 4563 conditione
1404 4502 1723 4579 praesenti
1762 4504 2017 4568 minime
2058 4508 2383 4584 conteram,
2427 4506 2655 4571 labori-

705 4578 843 4730 }ggt
872 4580 1286 4729 thkuffiiisqw
1329 4582 1597 4660 obrutus,
1638 4589 1693 4650 et
1732 4590 1978 4654 nescius
2019 4590 2174 4670 quid
2214 4610 2515 4671 quaerere
2548 4592 2652 4656 de-

1040 4836 1151 4901 (Ex
1190 4839 1521 4908 autographo
1558 4841 1687 4896 Cod.
1725 4841 1924 4898 Genev.
1962 4845 2079 4913 114,
2115 4847 2210 4902 fol.
2243 4845 2323 4912 3.)

886 5111 974 5179 10)
1012 5111 1138 5166 Nos
1172 5128 1290 5166 σιω.
1326 5117 1574 5180 981188οὲ8
1608 5115 1759 5170 n’ost
1887 5119 1955 5171 ‘nt
2001 5121 2057 5172 la
2092 5122 2401 5189 siqnature:
2447 5120 2652 5175 Vostre

712 5183 1045 5233 ἰι-8811818018
1083 5191 1139 5233 81
1174 5183 1449 5235 obeissant
1482 5184 1750 5237 servitem·
1813 5186 1949 5239 81188
1985 5189 2190 5244 Galvin.

718 5247 889 5300 1637.
916 5249 971 5312 1)
1020 5249 1178 5316 Quod
1212 5253 1369 5304 etiam
1402 5251 1533 5316 fecit
1564 5268 1739 5307 mense
1772 5261 2029 5323 ver-yeme.

921 5318 975 5384 2)
1016 5319 1333 5374 Memineris
1367 5321 1505 5376 litem
1543 5338 1583 5377 c.
1633 5321 1885 5378 Trallieto
1920 5331 2048 5379 tunc
2076 5329 2331 5394 temporis
2364 5328 2651 5383 exarsisse.

2208 409 2734 480 EPISTOLAE
2782 414 3198 478 1636—1641

4556 417 4656 482 344

2928 599 3307 667 Clarissimo
3351 598 3492 667 viro
3534 599 3657 666 Do.
3701 600 3939 666 Ioanni
3981 598 4258 666 Calvino

4199 685 4520 751 Genevae.

2928 820 2999 889 S.
3067 822 3272 888 Varie
3314 841 3464 888 sum
3508 822 3776 888 affectus
3834 824 3964 888 tuis
4006 822 4233 888 literis.
4323 824 4567 891 Amoris
4601 825 4664 889 in

2757 930 2862 974 me
2897 909 2996 974 tui
3042 908 3375 992 singulare
3420 909 3885 986 testimonium,
3930 909 4025 973 ita
4071 908 4439 973 luculenter
4476 911 4664 992 itaque

2756 995 3011 1077 copiose
3069 1013 3481 1077 expressum,
3553 1002 3630 1058 ut
3689 992 3854 1059 nihil
3921 1014 4130 1076 neque
4201 994 4438 1059 clarius
4486 1016 4665 1078 neque

2756 1080 3020 1145 uberius
3054 1079 3307 1163 exquiri
3325 1080 3559 1161 possit,
3605 1079 4007 1163 voluptatem
4045 1081 4264 1144 animo
4298 1100 4444 1143 meo
4483 1081 4666 1147 incre-

2757 1165 3019 1231 dibilem
3063 1164 3301 1230 attulit.
3392 1161 3562 1248 Spes
3617 1165 3997 1232 conficiendi
4053 1165 4298 1247 negotii
4340 1186 4531 1247 prope
4569 1188 4664 1232 ex·

2756 1250 2997 1317 stincta
3032 1271 3108 1316 ac
3143 1249 3402 1334 perdita
3445 1258 3699 1316 veteres
3742 1271 3968 1316 omnes
4011 1271 4204 1316 curas
4248 1272 4323 1315 ac
4366 1250 4668 1317 molestias

2754 1338 3114 1402 renovavit.
3200 1336 3285 1400 In
3319 1334 3445 1400 1188
3489 1356 3637 1401 mea
3675 1334 4175 1401 laboriosissima
4212 1337 4383 1401 vitae
4426 1337 4667 1417 ratione,

2755 1442 2920 1504 quae
2965 1422 3257 1486 animum
3301 1442 3521 1485 meum
3567 1421 3973 1505 gravissimis
4008 1428 4075 1486 et
4118 1420 4396 1487 assiduis
4440 1429 4669 1488 conten·

2753 1507 3044 1571 tionibus
3103 1508 3473 1584 enervavit,
3533 1508 3875 1588 sperabam
3929 1527 4036 1571 me
4080 1506 4388 1571 solatium
4434 1506 4669 1590 aliquod

2754 1592 3165 1668 habiturum,
3225 1590 3398 1675 quod
3437 1592 3602 1656 mihi
3658 1593 3727 1656 in
3771 1593 3915 1658 istis
3970 1592 4217 1677 vigiliis
4260 1603 4327 1657 et
4369 1592 4670 1659 laboribus

2756 1677 3172 1742 exantlandis
3207 1675 3581 1742 adiumento
3629 1698 3769 1743 esse
3804 1685 4047 1760 posset:
4086 1678 4255 1761 quod
4292 1678 4670 1744 voluntatem

2754 1762 3083 1829 serviendi
3125 1763 3431 1828 ecclesiae
3467 1764 3613 1842 Dei,
3659 1784 3854 1845 quam
3890 1763 4104 1829 adhuc
4139 1770 4421 1829 sarctam
4458 1772 4671 1830 tectam

2752 1848 3153 1926 conservavi,
3224 1850 3673 1915 confirmaret:
3740 1848 3914 1932 quod
3984 1848 4264 1932 denique
4320 1848 4669 1916 solitudinis

2636 2019 2642 2026 ι
2754 1934 2943 2000 istius
2981 1955 3132 2000 cum
3166 1934 3387 1999 labore
3424 1933 3683 1999 assiduo
3717 1935 4097 2000 coniunctae
4136 1935 4466 2001 miseriam
4499 1943 4672 2018 atque

2754 2020 3173 2085 acerbitatem
3246 2020 3498 2085 leniret.
3612 2020 3804 2085 Nunc
3870 2040 4026 2087 vero
4040 2071 4056 2097 ,
4130 2027 4206 2085 ut
4269 2019 4459 2086 video
4473 2073 4487 2097 ,
4542 2041 4673 2105 spes

2753 2105 2871 2170 illa
2916 2107 3127 2171 omnis
3169 2104 3332 2171 falsa
3376 2113 3572 2188 atque
3609 2106 3825 2171 inanis
3858 2105 4001 2171 fuit.
4066 2105 4174 2169 Ita
4212 2114 4280 2171 et
4313 2105 4490 2172 hunc
4529 2106 4672 2170 mihi

2756 2211 2998 2255 novum
3045 2191 3334 2256 dolorem
3378 2192 3487 2257 1118
3543 2193 3823 2257 88881118
3880 2192 4099 2257 81111111
4140 2199 4208 2256 81
4250 2190 4672 2274 quotidianam

2755 2276 3201 2341 molestiarum
3247 2279 3626 2342 memoriam
3665 2278 4030 2342 renovavit.
4119 2275 4299 2358 Quid
4342 2299 4497 2361 ergo
4537 2276 4668 2342 est?

2757 2361 2981 2444 Usque
3038 2383 3199 2426 eone
3252 2369 3471 2427 tamen
3538 2363 3606 2425 in
3660 2361 4136 2511 aegritudinem
4208 2364 4672 2447 immergemur,

2761 2454 2836 2511 ut
2873 2468 3083 2531 neque
3127 2447 3320 2514 officii
3378 2468 3585 2530 neque
3642 2469 3728 2529 pu
3776 2447 3907 2512 oris
3960 2449 4170 2513 nostri
4231 2449 4399 2513 ratio
4455 2469 4570 2513 nos
4613 2447 4683 2513 ad

2760 2533 3115 2599 christiano
3205 2532 3469 2599 homine
3561 2532 3793 2617 dignas
3894 2534 4317 2617 cogitationes
4401 2532 4680 2600 revocet?

2757 2618 2970 2682 Immo
3015 2640 3189 2696 vero,
3236 2619 3743 2685 exclamabimus
3783 2640 3933 2685 cum
3967 2618 4126 2684 Iobo
4171 2621 4503 2702 conceptis
4555 2639 4682 2683 ver-

2756 2703 2859 2768 bis
2903 2703 3086 2768 nobis
3131 2704 3311 2768 illam
3356 2705 3748 2769 sententiam
3784 2713 4170 2786 praeeunte:
4218 2706 4546 2770 Dominus
4587 2704 4682 2768 de-

2759 2787 2857 2853 dit
2896 2811 2927 2854 s
2975 2810 3097 2869 em,
3142 2790 3470 2855 Dominus
3516 2811 3660 2855 eam
3706 2790 3994 2867 abstulit,
4040 2792 4126 2855 sit
4169 2811 4410 2856 nomen
4437 2789 4685 2855 Domini

2755 2875 2920 2940 bene
2970 2876 3185 2940 ‘ctum
3273 2874 3446 2939 Nam
3490 2875 3647 2958 quid
3690 2895 3810 2959 ego
3853 2897 4030 2940 nunc
4074 2876 4255 2941 aliud
4299 2875 4554 2944 consilii
4593 2896 4683 2942 88-

2757 2960 2964 3043 piam,
3022 2958 3179 3044 quid
3222 2979 3398 3025 nunc
3439 2961 3597 3026 novi
3639 2961 3998 3039 instituam,
4042 2983 4175 3027 non
4219 2961 4412 3027 modo
4459 2962 4685 3047 cogita-

2758 3046 2934 3111 tione
3005 3046 3119 3110 sed
3182 3066 3267 3110 ne
3331 3047 3691 3128 suspicione
3763 3046 4025 3129 quidem
4097 3049 4354 3130 assequi
4418 3067 4682 3131 possum.

2757 3129 2981 3212 Quare
3022 3153 3162 3196 rem
3206 3152 3467 3197 omnem
3510 3153 3745 3215 meque
3786 3132 4001 3215 ipsum
4049 3140 4118 3198 et
4159 3131 4280 3198 Dei
4322 3131 4481 3198 fidei
4521 3129 4689 3198 trado

2758 3228 2826 3282 81
2867 3218 3000 3282 11118
3043 3217 3345 3300 precibus
3386 3216 3782 3283 commendo.
3874 3215 3952 3283 Si
3993 3218 4324 3283 Dominus
4366 3219 4688 3303 negotium

2758 3304 3074 3368 conficere
3115 3303 3307 3383 volet,
3350 3301 3531 3369 dabit
3570 3310 3686 3367 aut
3726 3303 3845 3367 tibi
3889 3312 4007 3368 aut
4063 3304 4377 3370 Varermio
4407 3307 4459 3382 ¹)
4502 3301 4688 3369 facul·
4776 3342 4784 3351 -
4825 3271 4826 3324 ἰ

2759 3394 2964 3453 tatem
2987 3387 3234 3471 aliquid
3268 3388 3819 3466 comminiscendi,
3855 3409 4052 3471 quam
4083 3389 4247 3454 mihi
4281 3389 4408 3454 hoc
4444 3387 4688 3473 quidem

2759 3481 3052 3557 tempore
3093 3495 3227 3539 non
3286 3474 3675 3623 suppeditat.
3772 3471 4114 3557 Quidquid
4157 3496 4302 3540 mea
4345 3495 4544 3542 causa
4587 3485 4690 3538 aut

2759 3559 2828 3622 in
2872 3580 2950 3624 ea
2992 3579 3065 3624 re
3108 3569 3222 3625 aut
3262 3561 3333 3624 in
3374 3580 3412 3624 a
3442 3561 3502 3623 'a
3544 3559 3881 3643 quapiam,
3942 3561 3997 3624 si
4059 3560 4193 3625 ulla
4234 3561 4514 3626 facultas
4558 3562 4686 3635 erit,

2757 3645 3018 3728 geretis,
3063 3644 3132 3709 id
3175 3655 3241 3710 et
3282 3665 3539 3712 summa
3580 3665 3727 3710 mea
3767 3644 4103 3712 voluntate
4145 3656 4406 3745 gestum
4452 3648 4589 3724 erit,
4631 3652 4688 3709 81

2755 3736 2975 3794 ratum
3020 3731 3284 3796 omnino
3328 3751 3477 3795 sum
3519 3730 3882 3796 habiturus.
3971 3730 4255 3797 Uberius
4298 3732 4380 3797 ad
4440 3740 4501 3798 te
4544 3730 4689 3798 scri-

2758 3813 2910 3880 bere
2952 3837 3160 3898 neque
3204 3814 3389 3881 dolor
3447 3816 3664 3882 animo
3708 3825 4092 3900 conceptus,
4158 3838 4367 3901 neque
4430 3836 4686 3898 occupa-

2761 3902 2969 3966 tiones
3010 3900 3432 3967 scholasticae
3475 3902 3884 3983 permittunt.
3974 3902 4242 3968 Valebis
4298 3904 4507 3987 igitur
4555 3915 4619 3967 et
4654 3920 4687 3964 8

2756 3985 3304 4136 ἧαῗ,10ονᾷ8νίο
3360 3995 3427 4051 81
3471 3985 3705 4052 Βίὸἰαο
3761 3986 4063 4054 salvebis.
4152 3988 4555 4055 Lausannae
4607 3988 4683 4052 iv.

2841 4121 2855 4136 .
2939 4094 2982 4136 u
3010 4121 3025 4137 .

3168 4157 3632 4224 Deditissimus
3676 4157 3796 4223 tibi
3830 4158 4222 4227 Franciscus
4265 4160 4683 4227 Hotomanus.

3517 4432 3922 4443 ᾖ

3623 4634 3812 4704 1640.

3063 4785 3238 4851 Lus
3282 4786 3786 4855 MINISTRES
3836 4789 3961 4853 DE
4011 4775 4388 4855 GENEVE

3412 4892 3472 4955 A
3517 4892 3704 4958 UNE
3752 4892 4034 4957 DAME.

2929 5059 3207 5140 Reponse
3251 5061 3291 5124 ὰ
3333 5062 3400 5127 Za
3438 5063 3607 5126 lettre
3648 5067 3873 5143 qu'une
3917 5064 4099 5128 dame
4143 5065 4466 5146 franqaise
4517 5065 4680 5128 avait

2754 5145 2936 5208 ecrite
2980 5145 3022 5207 ὰ
3065 5145 3129 5209 la
3178 5145 3547 5232 Compaym'e
3578 5167 3749 5227 pour
3794 5148 3884 5212 lui
3928 5151 4265 5215 demand-er
4297 5172 4359 5216 ce
4398 5151 4557 5232 qu’sl
4599 5150 4686 5213 lui

2752 5331 3015 5399 18381)
3056 5332 3200 5389 Gaii.
3240 5334 3305 5388 de
3352 5334 3487 5388 Trie.
