4900 6167
267 373 368 436 429

265 557 542 643 principis
596 564 665 624 et
704 557 1156 624 ministrorum
1213 555 1366 623 inde
1422 555 1688 622 demissi
1710 559 1766 640 ²)
1825 561 1984 621 sunt
2025 575 2165 620 ma-

264 646 411 710 xime
447 664 602 709 vero
646 644 758 726 qni
800 642 1094 708 nondum
1137 641 1538 710 conditiones
1591 642 1840 707 habent
1879 649 1945 707 et
1986 649 2168 707 certa

263 733 318 793 in
376 730 635 796 ecelesia
699 729 1079 794 ministeria.
1103 733 1156 806 ⁸)
1269 729 1422 793 Non
1490 727 1725 813 probat
1787 727 2166 792 huiusmodi

262 815 634 898 exemplum,
692 815 847 898 qnia
901 815 960 880 si
1001 836 1138 880 non
1179 816 1226 878 ii
1270 815 1534 879 fuerunt
1587 814 1699 896 qni
1742 833 1884 878 esse
1928 812 2166 878 debue-

259 911 420 978 runt,
469 921 600 965 non
658 900 945 983 oportuit
997 920 1145 966 cum
1208 909 1344 965 tam
1406 898 1738 965 luculento
1796 899 2166 964 testimonio

260 987 484 1050 dimitti.
574 984 651 1051 Si
695 986 860 1051 tales
903 985 1171 1051 fuerunt
1225 986 1333 1068 qui
1388 985 1538 1050 usui
1582 1004 1724 1049 esse
1765 984 2017 1067 possint
2061 1005 2166 1050 ec-

259 1072 477 1148 clesiae,
522 1092 748 1136 eornm
789 1071 1089 1154 inprimis
1128 1072 1449 1136 rationem
1483 1069 1870 1148 habendam,
1914 1068 2027 1151 qui
2070 1091 2169 1135 ce-

259 1157 386 1222 dere
422 1157 801 1222 maluerunt
841 1177 1038 1239 quam
1081 1157 1400 1239 impietati
1460 1156 1843 1222 consentire.
1935 1153 2168 1220 Scribe

257 1242 386 1326 qnid
427 1242 505 1307 116
549 1243 674 1307 1166
715 1262 789 1306 16
830 1251 905 1306 66
948 1263 1200 1325 666666
1243 1242 1504 1320 6666166,
1548 1249 1614 1306 66
1657 1240 1809 1324 66111
1842 1239 2029 1305 661116
2071 1239 2168 1304 fa-

257 1327 531 1393 ciendum
583 1345 731 1394 6666
787 1337 992 1411 putes.
1082 1327 1393 1394 Salutant
1449 1333 1515 1392 te
1558 1326 1840 1409 collega,
1887 1325 2063 1390 Boea
2100 1333 2168 1390 et

256 1414 462 1479 caeteri
505 1434 749 1479 omnes.
828 1412 1062 1478 Saluta
1105 1422 1502 1498 symmystas
1546 1423 1612 1476 et
1656 1412 1916 1477 amicos.
1980 1411 2167 1476 Vale.

253 1500 624 1565 Lansannae
670 1503 730 1564 2.
777 1498 1074 1564 Decemb.
1131 1502 1310 1563 1552.

1193 1636 1378 1701 Tuus
1420 1633 1658 1699 Petrus
1700 1633 1992 1699 Viretns.

397 1825 596 1890 Mitto
640 1825 721 1890 ad
765 1834 831 1890 te
873 1824 1099 1889 literas
1136 1823 1394 1888 Fardu.
1461 1823 1598 1889 Fac
1641 1833 1718 1886 nt
1760 1821 1969 1905 primo
2014 1840 2169 1903 quo-

250 1930 356 1991 que
419 1921 715 1994 tempore
777 1911 1097 1975 rescribas
1159 1909 1313 1991 qnia
1389 1908 1776 1974 Vm'sinetum
1851 1908 2167 1972 habemus

246 2016 417 2076 quem
450 1996 589 2062 11116
606 2002 664 2073 ⁴)
697 1997 1103 2072 mitteremus
1138 1996 1194 2059 si
1229 1993 1442 2060 adhuc
1484 1995 1615 2059 illis
1647 1994 1969 2059 ministris
2003 2012 2168 2075 opus

246 2091 409 2147 emet.
495 2081 717 2163 Quam
758 2082 841 2147 611
885 2100 1147 2147 cansam
1184 2091 1251 2144 66
1294 2101 1472 2163 spem
1520 2100 1669 2146 eum
1713 2081 2020 2143 remorati
2064 2099 2168 2143 su·

244 2187 370 2232 mus
428 2189 511 2233 ne
571 2168 860 2233 Bernam
906 2166 1303 2233 concederet.
1391 2165 1589 2231 Mitto
1643 2166 1881 2229 iterum
1940 2165 2167 2229 literas

246 2272 402 2318 meas
445 2253 530 2319 ad
587 2255 878 2337 captivos
923 2251 1434 2337 Lugdunenses,
1494 2272 1770 2334 quarum
1828 2249 2168 2333 exemplar

243 2337 384 2404 forte
424 2360 858 2415 asservaram
903 2340 1055 2420 quia
1096 2337 1419 2402 Naven‘us
1459 2347 1686 2419 aperte
1729 2337 1987 2419 scripsit
2027 2355 2166 2399 non

241 2421 416 2490 fuisse
460 2424 769 2500 redditas,
816 2445 892 2489 66
933 2445 1003 2489 66
1046 2444 1194 2489 66111
1232 2423 1422 2487 666116
1465 2443 1576 2488 666
1608 2420 1803 2489 valde
1837 2431 2162 2503 expetere.

241 2507 481 2575 Fefellit
523 2531 685 2594 ergo
741 2509 1126 2575 Varmnium
1168 2509 1280 2591 qni
1322 2507 1611 2574 redditas
1644 2508 1847 2572 fuisse
1890 2508 1951 2571 ei
1988 2507 2167 2571 affir-

241 2598 439 2660 mavit.
531 2597 670 2660 Eas
712 2595 797 2661 ad
841 2603 904 2660 te
946 2595 1138 2659 mitto
1178 2594 1469 2659 inclusas
1512 2593 1659 2659 aliis
1701 2594 1883 2671 meis,
1929 2593 2166 2674 quibus

241 2681 583 2764 respondeo
632 2680 897 2746 Naverii
939 2680 1163 2744 literis.
1233 2678 1518 2745 Adiicies
1559 2679 2052 2762 inscriptionem
2098 2687 2166 2741 66

242 2763 403 2831 dabis
447 2787 718 2850 operam
761 2775 839 2831 nt
879 2763 1009 2831 fide
1043 2765 1312 2830 meliore
1356 2785 1554 2848 qnam
1588 2765 1841 2849 priores
1883 2762 2166 2828 reddan-

242 2860 346 2915 tur.
431 2852 690 2918 Iterum
733 2852 894 2918 vale.

1095 3450 1286 3522 1666.

664 3605 1135 3675 6161111116
1180 3601 1727 3688 1166661166

389 3780 605 3844 Autor
646 3779 708 3844 ei
749 3785 839 3844 est
892 3785 946 3844 et
988 3798 1208 3861 presse
1263 3782 1442 3861 uryet
1481 3781 1552 3841 ut
1593 3776 1775 3841 rebus
1817 3775 2167 3843 domesticis

237 3864 1112 4016 66111136Ὕᾷ
1145 3863 1734 4015 msam
1775 3870 1869 4016 32².
1908 3880 2170 4031 ssm

236 4034 464 4101 condita
500 4035 688 4100 rebus
730 4000 869 4101 suis
909 4035 1136 4102 melius
1167 4035 1572 4117 prospexisse
1601 4038 1793 4117 putet.

240 4220 527 4284 (Sumenda
562 4228 685 4276 erat
718 4238 785 4276 ex
821 4222 1078 4277 thesauro
1097 4223 1309 4278 Bezano
1332 4224 1460 4277 edit.
1516 4222 1717 4277 Genev.
1753 4240 1806 4293 p.
1845 4222 1946 4276 110
1999 4221 2163 4276 Laus.

375 4309 428 4360 p.
466 4289 588 4358 246,
626 4291 836 4346 Hanov.
874 4308 929 4360 p.
965 4290 1083 4360 276,
1119 4293 1328 4348 Chouet
1362 4309 1414 4363 p.
1453 4291 1572 4359 148,
1611 4296 1786 4346 Amet.
1823 4309 1875 4361 p.
1910 4264 2026 4358 δὲ.)

391 4464 813 4530 Praefectum
837 4462 1019 4529 urbis
1041 4472 1299 4529 vestrae
1327 4463 1608 4530 libenter
1627 4463 1795 4529 vidi:
1821 4473 1966 4529 tum
1992 4463 2167 4547 quod

238 4565 300 4611 66
337 4548 675 4615 hominem
719 4550 902 4632 pium
946 4557 1140 4631 atque
1197 4552 1528 4634 integrum
1589 4570 1729 4617 esse
1788 4550 1972 4616 nobis
2014 4570 2167 4633 pro-

235 4631 434 4700 bavit:
483 4643 632 4700 tum
674 4634 849 4718 quod
892 4633 1058 4700 mihi
1091 4634 1503 4701 familiariter
1537 4635 1840 4720 exposuit
1871 4644 1947 4701 ut
1989 4635 2168 4702 vale-

424 4857 962 4995 ἓζῖὶοὲκωονωερίί
1005 4931 1133 4980 sunt
1175 4923 1390 4995 quidem
1434 4941 1616 4980 omnes
1659 4933 1710 4981 et
1758 4928 1875 4982 suis
1918 4942 1986 4997 9¹·

236 4992 428 5048 redditi
459 4998 560 5076 gui
593 5009 660 5049 66·
693 4993 791 5048 ala
824 4994 1168 5062 mmophe
1212 4999 1342 5075 pupae
1374 5001 1532 5076 616116
1565 4998 1892 5063 supernum
2017 5010 2170 5076 eruin

236 5065 474 5119 manaa
524 5069 726 5118 norm
771 5070 954 5128 orm,
1000 5070 1098 5117 aut
1143 5064 1278 5118 alib:
1320 5063 1681 5119 condatem-m
1726 5068 2063 5130 invenerant,
2107 5081 2170 5119 m

238 5145 453 5197 qum-um
490 5135 667 5239 locu?
700 5132 803 5187 alii
835 5134 946 5187 iau·
981 5132 1293 5202 afficiendi
1324 5138 1497 5187 616111.
1571 5132 1811 5200 (0691161
1834 5151 1890 5204 p.
1927 5132 2042 5200 58.)

239 5267 405 5324 lesa.
429 5200 500 5337 1))
532 5217 648 5326 ’θεὸν
680 5270 836 5325 nobis
869 5272 1092 5325 omnino
1123 5272 1358 5339 ianam,
1389 5275 1453 5324 ut
1484 5269 1700 5324 videtur
1738 5268 1948 5326 Gallus.

1915 369 2079 433 1552
2122 364 2524 433 DEOEMB.

4085 372 4217 438 430

2268 574 2405 633 res,
2463 559 2531 619 et
2588 574 2719 637 qno
2774 553 2848 617 in
2884 558 3061 619 statu
3119 573 3228 619 res
3284 559 3437 619 tuae
3490 576 3669 622 nnnc
3728 563 3961 624 essent.
4049 558 4214 625 Fuit
4279 622 4291 635 ,

2269 639 2377 705 1116
2419 640 2680 705 circiter
2721 637 2861 704 dies
2905 639 3291 722 quindecim.
3382 639 3777 725 Quanquam
3835 652 4055 709 antem
4099 666 4216 711 cn-

2268 724 2369 808 pit
2410 726 2477 789 in
2524 725 2737 808 patria
2779 745 2964 790 snam
3001 745 3264 807 operam
3298 723 3586 790 Domino
3621 727 4017 810 impendere,
4063 732 4218 812 quia

2269 821 2494 874 tamen
2538 831 2783 875 munus
2827 831 3021 875 suum
3056 811 3258 875 variis
3295 811 3789 878 difficultatibus
3822 814 4218 897 implicitum

2271 915 2414 960 esse
2460 896 2667 973 videt,
2725 896 2959 977 quibus
3017 916 3087 960 66
3129 917 3353 979 parem
3409 897 3550 961 fore
3604 900 3873 964 minime
3929 900 4214 980 confidit,

2272 989 2550 1047 testatus
2593 989 2693 1045 cst
2733 982 2804 1044 in
2851 980 3138 1046 discessu
3159 1032 3173 1060 ,
3228 982 3482 1063 placere
3524 983 3646 1047 sibi
3691 984 4020 1068 migrandi
4061 1005 4217 1051 con-

2271 1066 2513 1131 silinm.
2602 1066 2942 1146 Quantum
2983 1064 3067 1132 ad
3108 1067 3394 1132 rationes
3436 1075 3585 1132 tuas
3620 1069 4001 1136 domesticas
4037 1092 4215 1154 spee-

2272 1159 2388 1229 tat‚
2436 1152 2604 1216 nihil
2651 1151 2933 1216 arbitror
2972 1153 3111 1216 fore
3166 1152 3399 1218 melius
3452 1173 3646 1236 quam
3690 1157 3747 1221 si
3798 1156 4010 1238 primo
4054 1177 4216 1238 qno-

2272 1258 2396 1317 que
2441 1236 2546 1301 die
2591 1238 2852 1318 laqueos
2895 1237 3207 1320 expedias
3247 1238 3482 1320 quibus
3524 1240 3671 1305 istic
3715 1242 3975 1305 teneris.
4047 1242 4219 1308 Fra-

2271 1332 2375 1386 ter
2438 1323 2559 1386 tibi
2626 1322 2889 1404 iniquus
2953 1330 3054 1387 est
3118 1323 3457 1406 magisque
3523 1326 3825 1406 pertinax
3889 1348 4082 1409 quam
4138 1336 4219 1392 nt

2272 1419 2523 1490 sponte,
2571 1407 2743 1490 quod
2787 1408 2987 1472 etiam
3025 1409 3165 1472 6166
3207 1409 3348 1473 6166
3381 1409 3612 1474 fraude
3646 1413 3850 1488 fieret,
3896 1413 4218 1479 substitu-

2268 1493 2469 1558 tionis
2491 1514 2647 1558 suae
2689 1494 2830 1557 iure
2874 1513 3174 1558 cessurus
3210 1494 3312 1557 sit.
3382 1495 3481 1559 'Pu
3518 1515 3674 1560 vero
3708 1497 3980 1562 remedii
4024 1517 4218 1580 qnae-

2268 1578 2457 1642 rendi
2503 1578 2717 1643 studio
2759 1578 3005 1643 malum
3051 1576 3384 1662 duplicare
3441 1582 3704 1664 cogitas.
3793 1582 3897 1647 Ne
3941 1584 4216 1665 posthac

2269 1663 2712 1747 imprudentia
2753 1671 2821 1728 te
2863 1663 3120 1748 lapsum
3162 1664 3361 1730 fnisse
3403 1667 3715 1747 queraris,
3762 1668 3881 1732 tibi
3924 1669 4058 1732 iam
4102 1666 4215 1733 de-

2270 1750 2531 1826 nuncio,
2578 1750 2634 1814 si
2680 1769 2953 1814 uxorem
2997 1748 3262 1814 duxeris
3279 1799 3296 1828 ,
3345 1750 3512 1814 nihil
3556 1751 3694 1816 fore
3737 1760 3851 1818 tua
3895 1754 4214 1818 servitute

2271 1835 2591 1899 miserius.
2664 1834 2809 1900 Iam
2854 1843 2932 1899 nt
2974 1835 3094 1899 tibi
3129 1833 3490 1917 obsequens
3535 1844 3602 1901 et
3634 1838 3961 1922 morigera
3997 1840 4216 1922 aliqua

2273 1920 2643 2005 contingat,
2703 1928 2769 1984 et
2811 1940 2978 2003 quae
3021 1918 3103 1984 ad
3146 1920 3357 1984 solnm
3402 1922 3791 1987 vertendum
3836 1933 4067 2006 parata
4105 1926 4212 2004 sit,

2272 2005 2600 2070 nihildum
2646 2013 2867 2070 tamen
2927 2005 3051 2069 hac
3091 2005 3349 2069 ratione
3391 2007 3758 2088 profectum,
3793 2009 4010 2074 fuerit.
4093 2011 4214 2075 Li·
4276 2026 4280 2030 ’

2270 2090 2412 2156 11611
2455 2091 2835 2173 procreandi
2870 2103 3026 2156 sunt
3070 2091 3182 2172 qni
3215 2089 3484 2156 fratrem
3522 2113 3561 2156 a
3596 2093 4055 2159 substitutione
4099 2094 4214 2160 de-

2270 2176 2539 2259 pellant.
2657 2175 3016 2259 Quousque
3093 2176 3388 2253 tandem,
3466 2176 3760 2256 obsecro,
3843 2180 4215 2246 libertatem

2269 2272 2450 2327 tuam
2497 2260 2750 2338 differs,
2817 2261 2899 2325 ad
2942 2281 3134 2343 qnam
3181 2263 3518 2345 praecipiti
3559 2262 3695 2327 fere
3738 2284 3934 2329 cursu
3977 2284 4214 2348 prope-

2269 2347 2551 2412 randum
2595 2346 2778 2412 erat?
2837 2346 3090 2425 deinde,
3137 2347 3368 2430 quibus
3412 2349 3717 2431 auspiciis
3760 2351 4023 2433 nuptias
4065 2360 4214 2416 tuas

2269 2431 2667 2497 celebrabis?
2716 2453 2843 2514 qno
2885 2453 3124 2516 genere
3168 2434 4005 2512 consecrationis,Domino
4047 2436 4212 2501 11116-

2270 2538 2378 2584 166
2422 2517 2503 2583 611
2546 2519 2686 2600 ipso
2732 2518 2851 2582 tibi
2909 2517 3093 2583 datos
3148 2517 3427 2584 offeres?
3486 2519 3700 2601 qualis
3758 2521 3886 2585 erit
3924 2521 4211 2586 familiae

2269 2613 2424 2668 tuae
2480 2602 2754 2687 religio?
2848 2605 3090 2668 Annon
3146 2604 3359 2669 cernis
3399 2625 3605 2670 novos
3664 2615 3729 2669 te
3785 2606 4048 2688 laqueos
4105 2609 4210 2672 in·

2272 2688 2491 2767 116616,
2536 2688 2773 2771 quibus
2815 2710 2899 2753 ne
2936 2688 3363 2772 stranguleris
3406 2709 3803 2774 magnopere
3846 2693 4215 2758 timendum

2271 2773 2415 2839 est?
2489 2775 2620 2838 imo
2678 2773 3203 2857 inexplicabilem
3261 2774 3711 2858 labyrinthum
3769 2785 3835 2841 te
3906 2777 4208 2862 ingredi?

2269 2860 2365 2926 Ut
2407 2859 2571 2924 nihil
2617 2859 2703 2924 sit
2743 2859 3136 2926 incommodi
3179 2868 3441 2942 praeter
3485 2859 3733 2925 biennii
3773 2883 4050 2928 moram:
4113 2871 4216 2929 666

2272 2955 2496 3010 661666
2539 2943 2964 3024 ὖποσολοικόν,
3024 2953 3286 3028 tcmpns
3329 2946 3424 3009 ita
3464 2946 3872 3012 extrahendo
3928 2951 4213 3014 vacatio-

2271 3051 2421 3095 nem
2466 3032 2713 3095 interea
2767 3051 2807 3094 a
2850 3029 3137 3094 Domino
3181 3038 3420 3113 petere.
3511 3028 3645 3095 Sed
3696 3052 3818 3116 ego
3876 3033 4066 3098 aliter
4107 3034 4217 3099 in-

2273 3116 2443 3182 dico:
2487 3124 2554 3180 te
2595 3116 2666 3180 in
2701 3116 2826 3180 hoc
2860 3115 3093 3195 lutum,
3140 3115 3312 3180 unde
3345 3136 3522 3182 1111116
3557 3136 3892 3201 emergere
3934 3120 4212 3198 conaris,

2272 3203 2536 3286 penitus
2581 3201 2949 3266 demersum
2988 3201 3072 3265 iri
3088 3252 3104 3278 ,
3164 3202 3218 3266 si
3276 3208 3343 3265 te
3396 3202 3598 3267 semel
3656 3203 3960 3287 coniugio
4001 3203 4216 3269 invol-

2273 3307 2410 3365 vas,
2501 3286 2637 3351 Iam
2682 3285 2836 3369 qnid
2878 3294 3090 3353 matre
3132 3292 3247 3352 tua
3289 3288 3434 3365 fiet,
3481 3288 3668 3352 cuius
3713 3298 3892 3354 aetas
3936 3290 4217 3373 singulis

2276 3371 2506 3438 diebus
2562 3370 3009 3456 ingravescit?
3112 3370 3291 3437 Sane
3349 3373 3472 3439 hoc
3527 3373 3863 3457 singulare
3925 3383 4028 3439 666
4084 3375 4215 3440 Dei

2277 3458 2520 3522 donum
2548 3458 2735 3540 quod,
2782 3479 2983 3542 quum
3007 3457 3330 3522 Dominus
3365 3458 3463 3523 illi
3499 3479 3617 3540 per
3649 3467 3717 3524 te
3753 3481 4017 3525 manum
4065 3480 4217 3543 por-

2275 3544 2479 3628 rigat,
2537 3543 2704 3607 nihil
2745 3544 2957 3626 magis
3000 3544 3183 3626 cupit
3224 3563 3420 3626 quam
3473 3545 3602 3611 cito
3646 3566 3686 3610 a
3728 3544 4010 3612 vinculis
4052 3546 4215 3610 libe-

2274 3631 2424 3694 rari.
2513 3628 2708 3694 Nunc
2751 3650 2896 3694 eam
2997 3650 3070 3693 er
3111 3629 3438 3696 flexuosas
3494 3631 3802 3715 ambages
3845 3629 4217 3696 circumdu-

2274 3734 2439 3792 cere,
2486 3734 2699 3795 neque
2741 3721 2916 3779 esset
3006 3735 3338 3792 umanum,
3385 3722 3453 3779 66
3493 3734 3534 3778 6
3577 3716 3817 3797 pietate
3855 3716 4055 3780 etiam
4098 3726 4217 3780 tua

2273 3800 2486 3883 magis
2530 3798 2850 3863 abhorret.
2940 3800 3294 3864 Praeterea
3349 3799 3596 3865 falleris
3610 3851 3627 3878 ,
3683 3801 3741 3866 si
3797 3808 3866 3865 te
3924 3800 4214 3866 solntnm

2273 3886 2409 3950 fore
2454 3905 2708 3968 speras,
2767 3885 2976 3949 simul'
3013 3906 3087 3951 ac
3131 3886 3331 3949 fueris
3386 3895 3589 3966 pater.
3678 3885 3844 3967 Quis
3887 3887 4061 3951 enim
4105 3907 4215 3953 ca-

2271 3971 2454 4036 vebit
2471 4022 2486 4047 ,
2534 3969 2774 4035 liberos
2818 3970 2989 4054 patri
3030 3971 3169 4035 fore
3206 3968 3628 4052 superstites?
3718 3971 3897 4054 Ergo
3941 3993 4026 4036 ne
4068 3979 4217 4038 tum

2273 4057 2535 4140 quidem
2579 4055 2784 4121 libera
2842 4057 2969 4120 erit
3026 4076 3331 4138 agrorum
3375 4055 3686 4120 venditio.
3778 4056 4003 4138 Quare
4044 4057 4218 4122 nihil

2272 4142 2509 4206 melius
2554 4161 2746 4225 qnam
2787 4149 2864 4206 nt
2906 4141 3233 4223 transigas
3276 4141 3505 4223 quovis
3547 4141 3741 4207 modo
3799 4162 3946 4207 cum
3992 4143 4213 4208 fratre.

2275 4229 2481 4312 Atqui
2526 4228 2751 4306 tertia,
2809 4226 2914 4292 vel
2959 4224 3229 4290 dimidia
3272 4227 3462 4308 pretii
3568 4236 3737 4305 arte,
3804 4236 3880 4292 ut
3932 4229 4215 4293 nimium

2272 4320 2475 4377 tenax
2519 4321 2619 4378 est
2654 4332 2729 4378 ac
2763 4311 3052 4395 cupiens,
3091 4321 3154 4375 te
3190 4310 3520 4377 fraudabit
3633 4311 3843 4378 Crede
3878 4313 4039 4378 mihi
4077 4335 4215 4379 non

2270 4419 2506 4482 parum
2549 4399 2713 4463 lucri
2757 4398 3018 4473 feceris,
3077 4398 3132 4461 si
3178 4396 3519 4461 dimidium
3563 4398 3773 4462 iustae
3816 4400 4215 4464 aestimatio-

2271 4484 2377 4549 nis
2420 4484 2715 4566 recipias.
2805 4482 2957 4564 Qua
2998 4482 3068 4546 in
3112 4502 3185 4547 re
3241 4504 3375 4547 non
3418 4482 3830 4549 mediocriter
3873 4485 3993 4550 tibi
4033 4485 4217 4550 utilis
4302 4535 4312 4546 .

2273 4571 2398 4635 erit
2440 4569 2749 4653 praefecti
2791 4588 3004 4651 opera.
3091 4568 3180 4632 Et
3221 4588 3292 4633 se
3326 4567 3496 4633 bona
3530 4568 3657 4634 fide
3699 4589 3774 4634 ac
3811 4568 4038 4634 sedulo
4080 4571 4214 4635 fao-

2273 4667 2496 4720 turnm
2564 4654 2888 4738 pollicitus
2955 4661 3087 4730 666,
3155 4652 3466 4736 6611166111
3534 4655 3914 4719 iniunxeris.
4017 4654 4215 4736 Quod

2276 4741 2332 4807 si
2376 4741 2539 4807 haec
2581 4750 2647 4805 te
2690 4739 2982 4805 nondum
3026 4739 3188 4804 satis
3232 4739 3556 4818 afficiunt,
3621 4739 3702 4804 ad
3748 4741 4212 4805 obtestationes

2276 4848 2380 4892 me
2439 4834 2834 4894 convertam.
2924 4825 3019 4890 ΤΘ
3054 4825 3262 4910 igitur
3316 4845 3434 4908 per
3485 4824 3992 4909 incomparabile
4046 4825 4213 4891 illud

2272 4910 2740 4996 redemptionis
2782 4909 3165 4977 beneficium
3226 4909 3492 4976 obsecro
3544 4933 3671 4994 qno
3728 4932 3848 4977 nos
3905 4910 4213 4995 dignatus

2273 5007 2374 5065 est
2414 4998 2591 5063 filins
2635 4995 2794 5074 Dei,
2850 5018 2934 5062 ne
2977 4997 3130 5080 quid
3173 5005 3242 5060 te
3298 4996 3612 5080 impediat
3664 4997 3771 5063 vel
3825 5007 4213 5079 remoretur,

2274 5085 2624 5167 quominus
2668 5089 2733 5149 te
2771 5082 2868 5147 illi
2902 5090 3113 5148 totum
3156 5081 3434 5149 addicas.
3502 5083 3640 5149 Nec
3673 5081 3796 5147 tibi
3839 5092 4216 5167 suspectum

2280 5191 2421 5236 esse
2489 5169 2674 5235 decet
2744 5166 3047 5234 desiderii
3115 5169 3248 5234 mei
3302 5167 3620 5234 ardorem.
3716 5167 3893 5249 Quia
3955 5170 4081 5237 scis
4140 5171 4213 5240 in

2273 5277 2466 5338 quem
2537 5256 2737 5320 finem
2799 5263 3140 5339 tantopere
3202 5252 3562 5321 adventum
3631 5261 3819 5319 tunm
3885 5264 4213 5340 expetam.
