4900 6167
296 440 338 499 5
2038 439 2193 499 1551
2244 435 2618 503 IANUAR.
4261 445 4300 506 6

290 633 518 689 statuo
562 644 668 689 me
726 624 926 689 totius
968 623 1065 688 rei
1126 631 1415 689 autorem
1461 643 1592 687 non
1636 641 1679 686 a
1718 622 2061 689 malevolis
2106 629 2255 689 tan-

288 721 467 786 tum,
514 708 626 775 sed
678 708 760 775 ab
799 709 1120 793 imperitis
1166 729 1422 792 quoque
1464 708 1758 775 adscribi.
1849 710 1995 793 Ego
2037 716 2253 774 autem

290 806 379 859 ut
422 805 643 861 sancte
688 797 915 861 testari
975 816 1267 877 possum,
1328 815 1435 859 me
1489 794 1695 860 inscio
1738 815 1814 861 ac
1860 817 1944 861 ne
1987 803 2256 878 optante

289 881 565 963 quidem
626 881 796 946 hanc
856 903 992 946 rem
1047 882 1249 946 fuisse
1292 889 1711 959 transactam,
1780 881 1872 945 ita
1930 881 2011 947 ab
2068 881 2256 945 initio

290 967 371 1031 in
409 969 704 1032 animum
749 965 1016 1044 induxi,
1076 966 1398 1032 invidiam
1455 968 1674 1050 potius
1729 966 2001 1032 tacendo
2059 966 2256 1031 devo-

289 1057 535 1130 rare,³)
579 1073 771 1136 quam
823 1052 1279 1117 excusationes
1321 1072 1631 1135 quaerere
1675 1052 1872 1117 nimis
1928 1053 2256 1117 sollicitas.

288 1139 696 1222 Priusquam
738 1139 965 1204 urbem
1008 1160 1296 1222 unquam
1341 1137 1753 1222 ingrederer,
1810 1138 2029 1203 nullae
2072 1158 2255 1219 pror-

292 1245 418 1290 sus
479 1233 667 1290 erant
724 1225 921 1290 feriae
987 1235 1246 1307 praeter
1290 1224 1459 1289 diem
1522 1223 1961 1289 Dominicum.
2067 1222 2256 1303 Quae

292 1310 481 1395 apud
525 1331 645 1376 vos
688 1311 1131 1388 celebrantur,
1197 1309 1422 1375 eodem
1483 1308 1823 1392 plebiscito
1839 1308 1895 1394 ⁴)
1953 1318 2256 1393 acceptae

292 1407 480 1472 sunt,
526 1418 650 1480 quo
685 1417 805 1479 ego
847 1409 914 1460 et
950 1395 1248 1462 Farellus
1282 1396 1525 1460 fuimus
1569 1394 1857 1477 expulsi:
1903 1395 2099 1478 idque
2132 1395 2256 1458 im-

292 1485 654 1566 proborum
692 1481 1007 1547 violentia
1042 1481 1444 1546 tumultuose
1480 1489 1808 1546 extortum
1856 1481 2066 1565 magis
2109 1479 2255 1559 fuit,

299 1591 508 1652 quam
555 1568 853 1652 legitimo
911 1565 1140 1632 ordine
1196 1567 1548 1633 decretum.
1638 1567 1746 1631 Ex
1790 1588 1917 1649 quo
1960 1587 2105 1633 sum
2153 1587 2255 1630 re-

294 1665 574 1721 vocatus
634 1655 755 1723 hoc
825 1663 1417 1737 temperamentum
1487 1653 1814 1735 quaesivi,
1880 1661 1954 1717 ut
2008 1651 2256 1717 Christi

294 1740 547 1806 natalis
592 1739 1030 1806 celebraretur
1067 1750 1283 1804 vestro
1328 1758 1539 1804 more:
1587 1738 1731 1803 aliis
1767 1747 1985 1802 autem
2030 1736 2258 1803 diebus

292 1825 860 1892 extraordinariae
917 1826 1421 1910 supplicationes
1463 1824 1753 1890 tabernis
1787 1844 1979 1889 mane
2022 1824 2258 1889 clausis

292 1913 575 1991 fierent,
642 1935 681 1976 a
788 1912 1015 1978 randio
1072 1911 1154 1976 ad
1200 1932 1350 1977 suas
1394 1931 1624 1993 operas
1667 1919 1782 1975 aut
1822 1931 1928 1975 100
1971 1908 2257 1994 agendas

296 1998 581 2080 quisque
653 2018 725 2061 re
774 2003 909 2061 iret.
1014 1997 1228 2061 Erant
1297 2007 1517 2062 tamen
1584 1998 1838 2061 interea
1911 1995 2252 2078 praefracti

294 2080 589 2166 quidam,
635 2082 747 2165 qui
789 2091 1207 2165 praepostera
1248 2080 1530 2163 quadam
1567 2082 1817 2147 malitia
1852 2102 1891 2146 a
1925 2080 2255 2147 communi

294 2189 491 2234 more
537 2167 944 2233 dissiderent.
1033 2167 1135 2233 Ea
1189 2167 1474 2233 varietas
1490 2169 1545 2248 ὃ)
1601 2188 1802 2250 quum
1860 2169 1931 2231 in
1986 2166 2259 2233 ecclesia

294 2255 433 2318 rite
505 2255 865 2337 composita
930 2251 1286 2318 tolerabilis
1344 2275 1477 2318 non
1534 2254 1730 2331 foret,
1801 2260 1997 2335 atque
2056 2252 2255 2318 etiam

296 2339 481 2421 apud
530 2350 787 2405 exteros
831 2340 1261 2423 suspicionem
1322 2340 1648 2423 gigneret,
1709 2360 1840 2403 non
1884 2339 2046 2403 bene
2091 2338 2254 2403 civi·

294 2426 429 2491 bus
477 2427 651 2490 inter
694 2447 763 2489 se
806 2425 1197 2490 convenire:
1256 2435 1554 2489 senatum
1599 2424 1899 2489 hortatus
1943 2444 2119 2500 sum,
2184 2433 2258 2487 ut

295 2511 650 2578 commodo
697 2510 980 2575 remedio
1024 2510 1095 2574 in
1142 2521 1474 2592 posterum
1518 2510 1642 2575 hoc
1686 2507 2023 2575 dissidium
2071 2508 2255 2572 tolle·

294 2611 513 2661 retur.
606 2596 854 2661 Verum
894 2596 1089 2662 simul
1132 2595 1265 2673 illa,
1312 2616 1509 2677 quam
1546 2596 1861 2660 hactenus
1904 2594 2256 2669 coluerant,

294 2681 673 2748 moderatio
718 2682 975 2748 disertis
1028 2680 1246 2747 verbis
1299 2702 1376 2750 ac
1431 2681 1817 2746 nominatim
1884 2700 1924 2744 a
1966 2702 2072 2745 me
2116 2681 2256 2745 lau·

298 2769 464 2834 data
520 2781 638 2834 est.
732 2768 1086 2851 Aliquanto
1130 2775 1309 2850 post,
1376 2775 1689 2850 tanquam
1758 2788 1966 2831 novus
2024 2766 2257 2848 aliquis

296 2856 569 2938 hospeS‚
617 2854 696 2918 de
741 2853 1159 2938 abrogatione
1200 2852 1439 2920 audivi.
1531 2853 1748 2935 Atque
1796 2851 2053 2917 utinam
2101 2850 2257 2917 Con·

296 2961 501 3007 zena-s·
526 2946 579 3017 ⁶)
628 2940 781 3005 olim
828 2942 1046 3005 minus
1090 2937 1429 3004 ambitiose
1473 2946 1804 3004 certasset.
1824 2941 1883 3020 ⁷)
1972 2937 2144 3002 Nam
2188 2937 2260 3000 in

297 3026 435 3092 hac
480 3035 615 3091 tota
657 3026 997 3109 provincia
1038 3024 1262 3090 aboliti
1314 3024 1577 3090 fuerant
1628 3022 1766 3088 dies
1824 3025 1992 3088 festi.
2083 3022 2261 3103 Qua·

300 3127 463 3177 tuor
503 3111 609 3176 isti
656 3121 729 3176 ut
764 3111 1161 3196 postliminio
1196 3109 1505 3188 redirent,
1551 3109 1658 3175 ille
1694 3131 1827 3175 non
1863 3110 2080 3174 minus
2117 3130 2260 3191 per-

306 3199 614 3263 tinaciter
673 3196 1007 3263 contendit
1048 3194 1362 3262 adversus
1415 3216 1641 3261 omnes
1685 3195 1953 3279 gallicae
2000 3193 2266 3279 linguae

437 3293 639 3362 tores,
719 3305 915 3366 quam
997 3282 1050 3348 si
1131 3280 1212 3346 de
1277 3281 1584 3347 ecclesiae
1662 3280 1875 3347 salute
1940 3289 2260 3363 ageretur.

386 3369 615 3436 ixisses
656 3368 995 3434 Victorem
1054 3365 1368 3433 adversus
1411 3366 1784 3454 Orientales
1834 3387 1950 3449 pro
1995 3386 2109 3430 suo
2148 3385 2263 3447 pa-

302 3456 537 3523 schate
604 3455 931 3521 dimicare.
1037 3453 1260 3533 Quum
1328 3452 1482 3520 olim
1542 3473 1624 3517 ex
1692 3454 1832 3536 ipso
1898 3452 2266 3517 sciscitarer

306 3563 439 3629 quo
515 3543 661 3606 iure
739 3540 1140 3608 circumcisio
1204 3537 1353 3622 plus
1414 3538 1686 3604 haberet
1740 3538 2006 3603 honoris
2071 3556 2262 3619 quam

306 3649 487 3695 mors
510 3627 781 3704 Christi,
826 3625 1272 3692 obmutescere
1306 3635 1572 3691 coactus
1607 3629 1722 3690 est.
1798 3620 1931 3689 Sed
1975 3633 2262 3706 practer-

307 3714 405 3779 ita
461 3714 858 3779 omittamus.
968 3711 1141 3777 Mihi
1210 3712 1372 3776 satis
1431 3719 1532 3775 est
1555 3711 1608 3794 ⁸)
1667 3709 2022 3786 indicasse,
2090 3705 2263 3772 unde

308 3801 475 3866 haee
520 3811 658 3864 tam
704 3798 1048 3880 repentina
1090 3795 1259 3879 apud
1298 3817 1418 3861 nos
1454 3797 1749 3860 mutati0.
1819 3795 1963 3877 Ego
2004 3793 2266 3858 tametsi

306 3907 525 3969 neque
571 3905 831 3960 suasor,
888 3904 1098 3966 neque
1155 3882 1473 3964 impulsor
1513 3881 1643 3959 fui,
1696 3882 1789 3946 sic
1834 3892 2054 3944 tamen
2100 3879 2263 3945 acci-

311 3970 485 4038 disse
502 3991 635 4037 non
650 3970 921 4035 moleste
936 3970 1090 4034 fero.
1118 3965 1311 4049 Quod
1326 3968 1383 4032 si
1398 3976 1643 4033 statum
1669 3965 1979 4032 ecclesiae
2002 3975 2264 4028 nostrae

304 4077 518 4141 aeque
562 4077 703 4123 com
753 4069 964 4120 ertum
1009 4051 1300 4132 haberes,
1347 4075 1477 4118 non
1525 4051 1861 4116 dubitares
1904 4071 2050 4115 mco
2094 4048 2260 4114 iudi-

305 4145 410 4211 cio
454 4141 705 4209 subscri
751 4161 879 4205 ere.
966 4139 1112 4205 Hoc
1151 4147 1371 4203 tamen
1417 4147 1727 4204 testatum
1773 4156 1916 4202 esse
1971 4135 2150 4210 volo,
2209 4135 2264 4199 si

303 4230 472 4296 mihi
522 4228 736 4293 delata
770 4226 947 4309 optio
994 4226 1238 4302 fuisset,
1275 4224 1447 4307 quod
1492 4245 1666 4289 nunc
1701 4223 2126 4290 constitutum
2166 4229 2267 4285 est

304 4337 444 4382 non
490 4314 692 4379 fuisse
746 4333 866 4396 pro
916 4309 1239 4376 sententia
1283 4309 1627 4376 dicturum.
1719 4308 1855 4374 Nec
1899 4314 2121 4372 tamen
2168 4318 2267 4372 est

306 4420 433 4466 cur
478 4401 679 4466 vestri
701 4398 753 4484 ⁹)
798 4397 1097 4463 homines
1133 4395 1295 4461 adeo
1340 4403 1828 4478 exasperentur,
1872 4394 1926 4461 si
1965 4392 2266 4458 libertate

306 4495 544 4554 nostra
565 4497 640 4551 ut
661 4485 968 4551 ecclesiae
1004 4480 1362 4548 aedificatio
1385 4482 1690 4565 postulat,
1712 4481 1991 4545 utimur:
2038 4499 2264 4562 quem-

308 4569 671 4640 admodum
740 4590 859 4636 1100
916 4566 1205 4633 vicissim
1282 4565 1678 4651 praeiudicio
1746 4563 1933 4630 vobis
1968 4562 2050 4649 ¹⁰)
2123 4585 2265 4629 esse

307 4731 459 4740 ——-—-—
478 4727 729 4738 -..ψ-...-

521 4811 584 4880 3)
618 4812 800 4865 levare
833 4808 956 4865 edd.

523 4878 585 4945 4)
620 4883 731 5002 ifflo
765 4879 940 4934 ινῶιω
973 4875 1165 4931 dicbus
1195 4879 1335 4943 post.

523 4948 587 5084 111
624 4954 967 5072 Noni-{rm
999 4943 1125 5000 ‘aa'

390 5087 402 5099 ·
886 5029 953 5069 eu
1060 5014 1189 5066 00011
1239 5011 1391 5066 Besa
1457 5016 1507 5065 et
1568 5010 1890 5078 simpliciter
1942 5007 2015 5062 N.
2065 5007 2264 5077 posuit.

326 5085 466 5142 ‘Vade
506 5086 725 5222 Ιξςιοὴατ
761 5029 1178 5208 157‘35215'459.
1247 5078 1534 5135 Eundem.
1576 5077 1673 5131 129
1706 5093 1784 5147 sq.

524 5224 584 5288 8)
681 5224 758 5277 ihi
793 5224 923 5278 00110
948 5220 1053 5275 ruit
1085 5220 1328 5274 breviter
1361 5217 1482 5273 odd.

527 5293 588 5355 9)
624 5292 797 5346 vestri
833 5305 935 5347 om.
967 5287 1089 5344 aad.
1152 5347 1157 5354 ,

495 5362 582 5429 10)
616 5360 770 5416 vobis
804 5375 902 5414 om.
937 5358 1056 5414 edd.

2358 643 2607 690 morem
2674 633 2972 689 nostrum
3145 644 3303 688 uum
3358 633 3473 689 est.
3562 623 3887 692 Diversus
3914 629 3998 703 ¹¹)
4046 625 4152 693 hic
4196 648 4312 691 ru·

2359 730 2505 774 mor
2539 710 2890 794 spargitur,
2927 707 3042 775 sed
3211 731 3293 775 uc
3315 710 3457 775 sine
3491 712 3721 793 capite,
3759 710 4309 796 promulgandum

2361 794 2547 860 brevi
2611 796 2897 862 edictum
2963 802 3040 859 ut
3103 796 3217 878 qui
3281 805 3526 861 temere
3605 798 3970 863 iuraverint
4047 819 4308 864 crucem

2361 880 2548 946 humi
2609 892 2898 946 notatam
2957 881 3436 947 exosculentur.
3466 884 3545 958 ¹²)
3644 883 3722 949 Id
3785 885 3838 950 si
3905 904 4133 948 verum
4188 891 4309 960 est,

2361 965 2670 1032 videntur
2712 968 2896 1049 quasi
2943 989 3028 1032 ex
3074 975 3411 1050 compacto
3471 968 3767 1035 homines
3835 969 4171 1052 provocari
4226 967 4309 1034 ad

2362 1050 2728 1117 iurandum.
2821 1051 3019 1116 Multi
3061 1053 3270 1130 enim,
3326 1064 3400 1117 ut
3435 1053 3685 1120 idolum
3728 1056 3994 1136 impune
4038 1052 4310 1120 adorare

2360 1137 2590 1214 liceat,
2637 1136 2869 1221 cupide
2913 1157 3188 1220 poenam
3233 1138 3361 1204 sibi
3404 1151 3752 1205 accersent.
3844 1140 4098 1204 Verum
4144 1161 4308 1205 non-

2361 1222 2517 1288 dum
2565 1223 2726 1288 mihi
2770 1222 3131 1306 persuadeo
3189 1232 3439 1289 tantam
3484 1226 3978 1310 incogitantiam
4024 1225 4308 1306 pruden-

2358 1309 2614 1374 tissimo
2671 1309 2929 1375 senatui
2984 1307 3374 1401 obrepsisse,
3437 1309 3551 1374 sed
3607 1332 3645 1375 a
3702 1311 3984 1394 garrulis
4029 1320 4144 1375 aut
4185 1312 4309 1375 im-

2360 1394 2581 1476 probis
2640 1394 3028 1477 dissipatum
3094 1414 3234 1460 esse
3300 1395 3478 1461 hunc
3536 1417 3920 1462 sermonem.
3950 1395 4030 1481 ¹³)
4120 1396 4308 1473 Vale,

2360 1481 2601 1545 eximie
2648 1481 2749 1546 vir
2811 1499 2886 1547 ac
2928 1480 3129 1545 frater
3191 1481 3354 1545 mihi
3413 1503 3493 1546 ex
3554 1482 3771 1547 auimo
3815 1482 4100 1548 colende.
4190 1479 4314 1547 Sa·->

2359 1565 2522 1643 luta,
2569 1587 2843 1649 quaese,
2888 1567 3054 1631 meis
3099 1564 3314 1630 verbis
3357 1566 3637 1650 collegas
3682 1579 3830 1634 tuos
3874 1577 3940 1633 et
3984 1569 4066 1633 D.
4114 1567 4328 1632 Nico--

2361 1651 2540 1716 laum
2588 1652 2953 1718 Zerkintem.
3043 1652 3312 1716 Fratres
3355 1655 3482 1716 mei
3545 1669 3608 1717 te
3654 1662 3722 1718 et
3764 1653 3909 1718 illos
3950 1654 4309 1736 plurimum

2359 1737 2663 1803 salutant.
2755 1736 3078 1802 Dominus
3139 1758 3255 1802 vos
3312 1738 3544 1819 spiritu
3602 1761 3721 1804 suo
3757 1748 3973 1822 regat,
4032 1749 4311 1816 tueatur,
4371 1733 4380 1742 ’

2359 1824 2432 1887 111
2491 1824 2792 1889 omnibus
2860 1822 3232 1900 benedicat,
3292 1825 3525 1889 Amen.
3619 1825 3935 1891 Genevae
3981 1833 4036 1889 4.
4084 1825 4314 1890 Nonas

2360 1909 2652 1975 Ianuarii
2706 1915 2885 1973 1551.

3246 2505 3436 2576 1429.

2893 2658 3363 2727 CALVINUS
3415 2657 3783 2724 VIRETO.

2541 2831 2767 2899 Contra
2794 2831 3212 2897 Bmmensimn
3255 2833 3577 2906 decretum,
3616 2850 3735 2910 quo
3776 2836 3994 2895 temere
4035 2830 4318 2896 iurantes

2364 2940 2602 3003 crucem
2642 2917 2993 2984 exosculari
3035 2917 3430 2995 iubebantur,
3484 2917 3731 2998 fortiter
3771 2915 4316 2982 remon-strandum

2365 3026 2495 3073 esse
2536 3006 2714 3082 docet,
2758 3004 2867 3070 sed
2909 3003 3101 3068 simul
3140 3007 3329 3069 caute.

2369 3178 2482 3242 (Ex
2516 3174 2852 3245 autographo
2898 3172 3030 3226 Cod.
3070 3172 3270 3226 Genev.
3308 3169 3449 3225 107⁸.
3498 3171 3587 3224 fol.
3623 3170 3693 3225 39
3737 3187 3802 3224 ex
3854 3188 3961 3241 quo
4008 3171 4314 3225 derivatum

2369 3253 2455 3299 est
2488 3245 2766 3313 exemplar
2783 3241 3058 3296 Turretini
3083 3240 3211 3294 Cod.
3249 3240 3365 3306 111,
3403 3238 3634 3307 101246,
3670 3240 3815 3310 quod
3851 3245 4042 3310 postea
4077 3240 4315 3309 descrip-

2368 3316 2439 3367 sit
2485 3314 2732 3367 librarius
2779 3315 2834 3365 in
2881 3312 3022 3380 Epp.
3061 3311 3254 3432 Bfglnds
3273 3307 3590 3443 ῩσῙὸιΡΊὲΐ,
3640 3309 3781 3362 unde
3826 3325 3982 3362 suum
4016 3309 4146 3362 fecit
4179 3308 4316 3363 Sim-

2367 3553 2631 3617 Eximio
2675 3548 2944 3615 Domini
2992 3550 3200 3614 nostri
3243 3548 3396 3613 Iesu
3433 3547 3683 3613 Christi
3728 3568 3915 3612 servo
3952 3549 4151 3613 Petro
4195 3547 4318 3611 Vi-

2368 3646 2510 3703 reto
2554 3636 3048 3702 Lausannen'sis
3095 3634 3411 3734 ccclesiae
3463 3632 3592 3698 fido
3642 3634 3885 3717 pastori
3922 3634 4109 3698 fratri
4154 3632 4320 3722 mihi

3133 3741 3542 3787 amicissimo.

2542 3857 2717 3940 Quid
2776 3857 3092 3932 dicemus,
3155 3857 3242 3920 mi
3321 3856 3555 3932 Virete,
3615 3855 3740 3920 nisi
3802 3852 4101 3920 homines
4160 3853 4320 3919 istos

2371 3945 2609 4028 spiritu
2658 3945 2780 4009 Dei
2817 3944 3108 4026 privatos
3145 3938 3479 4023 desipere?
3569 3940 3740 4003 Nam
3786 3962 3865 4003 ex
3910 3960 3982 4004 re
4025 3940 4155 4004 ista
4195 3940 4319 4003 mi-

2371 4031 2586 4106 nima,
2613 4030 2661 4112 ¹)
2719 4032 2787 4093 in
2832 4050 2960 4110 qua
3004 4037 3335 4111 stuporem
3382 4047 3571 4089 suum
3618 4023 4075 4108 prodiderunt,
4115 4025 4319 4090 conii-

2370 4138 2517 4183 cere
2562 4116 2714 4180 licet
2757 4135 2954 4197 quam
2990 4115 3246 4178 fortiter
3280 4111 3512 4176 staturi
3552 4112 3685 4175 sint
3719 4111 3772 4175 si
3810 4110 4071 4193 quando
4115 4110 4184 4175 in
4222 4131 4321 4174 se·

2371 4204 2542 4267 rium
2587 4211 2914 4267 certamen
2961 4209 3229 4264 ventum
3276 4206 3464 4262 esset.
3551 4197 3701 4261 Non
3747 4195 3970 4261 dubito
4014 4196 4171 4278 quin
4208 4217 4323 4278 pa-

2369 4289 2579 4372 pistae
2622 4286 2985 4368 cuiuspiam
3033 4295 3278 4349 temere
3320 4284 3494 4347 inter
3528 4283 3762 4366 pocula
3794 4283 4050 4367 ingesta
4086 4301 4322 4364 expro-

2370 4373 2581 4439 bratio
2624 4391 2737 4438 eos
2770 4373 2864 4436 ita
2903 4369 3288 4454 perculerit,
3332 4378 3408 4432 ut
3452 4368 3878 4451 placationem
3924 4387 4083 4431 mox
4129 4368 4322 4431 istam

2371 4459 2779 4525 excuderint.
2868 4457 3069 4538 Atqui
3133 4453 3291 4520 dum
3351 4453 3704 4537 gratificari
3759 4454 3994 4518 volunt
4051 4453 4322 4535 papistis

2369 4566 2505 4610 non
2562 4543 2757 4608 modo
2803 4542 3155 4607 effraenem
3199 4539 3457 4605 iurandi
3504 4538 3836 4606 licentiam
3859 4543 3896 4581 ⁴*
3951 4537 4139 4603 indul
4225 4545 4320 4618 nt,

2370 4630 2483 4696 sed
2531 4637 2845 4713 tanquam
2902 4626 3169 4694 classico
3226 4626 3505 4691 incitant
3557 4625 4040 4707 superstitiosos
4095 4645 4132 4688 a
4222 4624 4321 4688 iu-

2369 4715 2668 4781 randum.
2760 4711 2978 4794 Quam
3026 4711 3220 4777 multi
3263 4713 3435 4776 enim
3481 4711 3922 4794 reperientur,
3967 4710 4081 4793 qui
4123 4709 4321 4773 huius

2544 5005 2636 5070 11)
2684 5004 2873 5059 Totum
2909 5004 3017 5086 hoe·
3040 5019 3245 5058 comma
3278 5004 3429 5085 obest
3463 5002 3532 5057 ab
3568 5002 3828 5070 impresso
3863 5006 4026 5052 textu.

2464 5214 2476 5226 ‚
2543 5074 2646 5225 {3
2675 5071 3247 5224 Sffiwffvz‘i
3273 5072 3649 5194 &3233ssss
3688 5065 3956 5192 ..t-..¹3-
3980 5133 4129 5189 1551.
4188 5133 4320 5190 Gae-

2368 5220 3022 5349 isdemoqatiom
3064 5278 3273 5332 dimus
3316 5276 3597 5343 festorum.
3686 5271 3912 5326 Calvino
3956 5271 4137 5330 iudice
4186 5272 4320 5329 haec

2371 5357 2584 5407 tantum
2616 5354 2809 5407 contra
2840 5347 3239 5417 pontificiorum
3273 5345 3608 5415 suspiciones
3642 5341 3856 5397 decreta
3887 5347 4063 5397 aaut.

3841 5427 3905 5480 14
