4900 6167
244 392 334 453 31⁷
1992 387 2152 450 1552
2196 383 2393 450 MAI.

240 588 288 640 et
335 575 553 639 afflicta
614 571 903 639 ecelesia.
1013 571 1224 639 Video
1286 574 1462 640 enim
1538 573 1781 638 nostris
1862 571 2134 638 verbnm

240 658 457 726 Domini
508 677 823 724 nauseam
876 677 1167 725 movere:
1232 659 1258 724 i
1367 678 1454 725 ue
1510 679 1771 724 necesse
1815 668 1888 722 ut
1940 655 2134 724 detur

238 745 381 830 genti
415 743 669 809 facienti
719 743 1024 810 fructum.
1110 744 1283 809 Nam
1392 745 1448 811 'c
1507 743 1767 826 quidem
1824 741 2131 825 desperas

238 832 366 897 tiors
423 836 574 895 sunt
636 829 855 894 omnia
919 848 1115 913 quam
1182 849 1472 914 unquam
1541 829 1802 894 fuerint.
1910 832 2131 912 Atque

238 915 383 993 adeo,
432 916 519 979 mi
560 923 781 997 pater,
839 922 919 980 nt
954 915 1239 999 ingenue
1281 926 1497 982 tecum
1539 914 1773 998 loquar
1814 923 1883 979 et
1923 915 2134 980 effun-

235 1002 349 1066 dam
386 1000 675 1084 querelas
714 999 883 1065 mihi
925 1020 1301 1066 communes
1364 1022 1511 1067 cum
1572 999 1878 1066 omnibus
1919 999 2128 1080 bonis,

236 1107 421 1152 vereor
458 1108 541 1151 ne
598 1086 791 1152 nobis
840 1084 1007 1152 illud
1047 1088 1427 1154 conveniat:
1516 1085 1950 1152 Tolerabilius
2002 1086 2130 1151 erit

234 1170 506 1239 Sodomae
564 1179 633 1236 et
677 1171 1088 1238 Gomorrhae
1130 1180 1250 1239 etc.
1296 1181 1416 1238 etc.
1503 1172 1646 1237 Iam
1703 1171 1813 1238 diu
1874 1172 2130 1238 laborat

232 1259 465 1341 optimus
508 1256 583 1322 D.
632 1257 940 1323 Hellenas
996 1267 1072 1323 ut
1130 1257 1439 1343 impetret
1493 1257 1913 1323 ecclesiarum
1968 1257 2128 1323 visi-

233 1344 497 1408 tationem
514 1362 531 1406 ε
548 1345 604 1422 ⁵)
637 1351 1058 1426 opponuntur
1090 1343 1218 1409 hae
1251 1351 1676 1426 tempestates
1709 1352 1776 1409 et
1813 1341 2128 1409 differun-

230 1439 315 1494 tur
347 1449 418 1493 ea
457 1450 623 1511 quae
677 1429 890 1512 prima
948 1449 1093 1494 oese
1148 1430 1495 1513 opportuit.
1585 1428 1762 1510 Quia
1815 1428 2127 1494 nimirum

228 1514 360 1578 nibil
392 1515 749 1599 cogitamus
791 1522 1049 1598 praeter
1090 1513 1409 1580 mundum
1429 1566 1444 1592 ,
1504 1514 1675 1581 iusto
1693 1513 1957 1581 -iudicio
1997 1514 2128 1579 Dei

228 1619 625 1681 acaecamnr,
669 1608 746 1665 ut
787 1621 999 1683 neque
1038 1601 1364 1666 malorum
1406 1600 1652 1666 fontem
1697 1609 1764 1665 et
1804 1600 2127 1684 originem

227 1684 666 1752 consideremus
680 1738 697 1766 ,
744 1694 812 1752 et
854 1707 897 1752 a
935 1695 1161 1752 nostra
1199 1687 1414 1770 potius
1456 1685 1804 1770 prudentia
1845 1705 2044 1769 quam
2088 1705 2128 1750 a

224 1771 319 1836 Dei
357 1772 551 1838 verbo
592 1772 937 1839 consilium
990 1781 1310 1857 petamus.
1399 1770 1474 1839 Si
1534 1772 1837 1855 princeps
1890 1770 2128 1854 aliquis

224 1857 372 1922 nobis
412 1856 656 1923 bellum
711 1858 1084 1937 indixisset,
1148 1877 1671 1941 compararemus
1724 1877 1841 1923 nos
1883 1856 2130 1923 scilieet

221 1962 423 2027 magna
482 1942 827 2029 diligentia
894 1944 997 2010 vel
1062 1943 1145 2009 ad
1211 1963 1439 2027 pacem
1515 1941 1623 2009 vel
1699 1940 1782 2008 ad
1859 1942 2175 2008 bellum..

221 2026 362 2093 Iram
402 2036 622 2095 autem
668 2030 794 2095 Dei
838 2028 946 2095 vel
991 2050 1123 2096 non
1165 2030 1501 2105 sentimus,
1549 2027 1652 2095 vel
1696 2028 1888 2112 plane
1932 2027 2128 2093 nihili

220 2113 464 2180 honnus.
557 2113 738 2196 Quid
789 2115 995 2200 igitur
1051 2135 1172 2181 uos
1227 2113 1492 2181 manet?
1577 2112 1957 2184 Provideat·
1986 2113 2125 2180 Do-

218 2201 397 2265 minus
437 2211 506 2267 et
549 2200 943 2266 misereatur
984 2221 1281 2280 suorum,
1349 2221 1433 2266 ne
1489 2221 1641 2267 cum
1696 2197 1915 2284 impiis
1973 2220 2094 2283 per

216 2282 431 2434 gjmm'
519 2286 696 2353 Nam
750 2284 930 2351 alind
988 2285 1152 2352 nihil
1211 2287 1420 2352 habeo
1474 2285 1645 2369 quod
1703 2307 1957 2370 sperem
2017 2307 2101 2352 ve

263 2392 402 2436 cam.

346 2456 436 2524 Ut
490 2467 717 2522 autem
774 2457 1106 2543 intelligas
1173 2477 1370 2541 quam
1432 2459 1571 2525 veri
1625 2458 1762 2523 sint
1826 2477 2126 2523 rumores

213 2561 338 2622 quos
392 2551 720 2628 tyrannus
780 2552 1005 2610 noster
1026 2548 1078 2618 ⁶)
1142 2565 1301 2610 suae
1355 2542 1725 2609 crudelitati
1778 2543 2122 2627 praetexit,

214 2629 450 2695 narrabo
492 2627 675 2713 quod
710 2628 948 2696 abhinc
991 2628 1360 2712 quindecim
1406 2628 1634 2695 diebus
1667 2628 1905 2695 accidit
1935 2629 2125 2713 Lug-

212 2711 351 2780 duni.
431 2714 782 2780 Petierant
824 2736 865 2781 a
907 2715 1094 2781 nobie
1138 2714 1598 2782 Narbonenses
1647 2712 1957 2781 ecclesiae
2001 2715 2128 2780 frae

214 2805 316 2865 tres
372 2799 732 2867 nonnullos
786 2822 827 2867 a
893 2801 1131 2884 quibus
1185 2800 1694 2868 consolationem
1753 2801 2127 2883 acciperent

213 2883 500 2968 dispersae
544 2906 772 2952 earum
808 2887 1230 2954 ecclesiarum
1265 2887 1599 2971 reliquiae.
1666 2885 1804 2953 Nos
1849 2897 2124 2970 quatuor

210 2970 562 3038 miseramus
609 2969 1051 3040 adolescentes
1094 2972 1408 3058 singulari
1442 2973 1706 3057 pietate,
1749 2973 1860 3056 qui
1895 2991 2124 3040 omnes

211 3053 481 3142 Lugduni
572 3059 845 3124 fuerunt
927 3059 1304 3141 intercepti,
1396 3060 1465 3123 in
1556 3058 1827 3125 aedibus
1893 3057 2122 3125 fratris

210 3143 507 3210 cuiusdam
580 3164 778 3227 quem
846 3142 1307 3211 moribundum
1373 3143 1768 3210 consolaturi
1838 3143 2120 3210 advene-

212 3238 342 3294 rant.
427 3230 570 3296 Eos
625 3231 827 3314 igitur
883 3228 1224 3296 nobiscnm
1272 3230 1560 3296 Domino
1614 3227 2117 3296 commendabis.

72 3387 73 3400 χ
210 3311 343 3465 {gum
404 3316 461 3381 is
526 3336 705 3382 unus
769 3336 879 3383 eos
943 3317 1114 3381 tueri
1177 3324 1393 3401 potest
1456 3314 1746 3381 humano
1797 3315 2124 3398 praesidio

72 3471 73 3528 ³
344 3486 475 3554 sod
521 3486 607 3553 «ιο
652 3487 759 3553 his
799 3488 1074 3555 fortasse
1116 3487 1384 3553 nimium
1430 3486 1657 3553 multa.
1745 3484 1917 3551 Mihi
1962 3507 2123 3553 vero

209 3589 297 3650 ΡΠ)
331 3594 473 3639 mea
516 3575 588 3638 in
642 3583 708 3638 te
749 3571 1164 3640 observantia
1204 3572 1628 3652 condonabis,
1684 3572 1743 3638 si
1784 3592 1966 3637 meos
2007 3571 2122 3637 do-

209 3653 344 3724 lores
379 3668 445 3725 et
486 3661 775 3744 gemitus
831 3659 904 3725 in
948 3661 1162 3726 sinum
1208 3667 1399 3725 tuum
1444 3656 1796 3725 effundam.
1886 3657 2121 3723 ante-

207 3762 323 3808 rum
360 3747 554 3811 mitto
597 3745 679 3810 ad
726 3752 792 3810 te
834 3743 1023 3812 binas
1064 3745 1286 3811 literas
1325 3764 1487 3829 quas
1530 3744 1798 3811 obsecro
1840 3750 1917 3809 ut
1936 3741 2123 3810 Hen-

208 3827 313 3895 rico
353 3829 698 3915 Stephanum
746 3829 1022 3897 Roberti
1064 3830 1219 3909 filio,
1264 3830 1318 3896 si
1363 3830 1512 3897 istic
1554 3829 1712 3908 erit,
1757 3827 2124 3895 reddendas

372 4066 2121 4149 &Henna-commmoroatunuatameoeai-

205 4134 2121 4197 &mmetwdditminedobrmddamenu‘buutmi-

205 4207 333 4263 ιι.
463 4209 656 4266 '00'
781 4209 848 4263 ὴ
1118 4208 1131 4221 Ο
1418 4205 1651 4279 hyn!
1750 4204 1841 4260 '0'-
1924 4204 2123 4260 OB„-

204 4280 583 4402 Ἔρσα.
668 4276 835 4345 (Vita
942 4273 2121 4334 Mins'oheuren'noemokoBm

204 4344 278 4495 Ι·
369 4415 431 4485 6)
465 4415 874 4498 ΗοιςήοκεΙΙ.
910 4410 2122 4496 —Haeeostprimamenuoeaptivitatio

200 4480 2121 4637 wmmwawmwm

202 4619 243 4674 le
277 4622 487 4680 dernier
534 4626 660 4679 iour
692 4621 906 4678 d'Arril
942 4620 1080 4677 1⁵⁶8
1128 4637 1257 4691 cinq
1299 4637 1669 4704 personna-ges
1710 4634 1977 4703 revensns
2022 4619 2122 4674 des

199 4691 384 4748 ent-des
433 4693 508 4750 de
561 4691 898 4748 l'nniversite
952 4691 1021 4747 de
1071 4689 1385 4758 hmannc,
1438 4706 1506 4746 en
1560 4695 1833 4746 intention
1884 4689 1964 4742 les
2017 4704 2121 4743 uns

199 4755 355 4815 d’sller
389 4779 517 4818 vers
552 4760 802 4828 Tholose,
837 4761 919 4815 les
953 4765 1138 4815 autres
1172 4758 1206 4812 ὲ
1230 4757 1536 4826 Bordeaux‚
1571 4774 1772 4813 aucuns
1806 4772 1934 4811 vers
1950 4756 2120 4812 Xain·

198 4833 333 4911 longe
363 4837 421 4885 et
453 4837 643 4914 auti-cs
674 4846 799 4885 vers
813 4829 935 4884 Lim
1039 4870 1054 4896 ,
1091 4828 1243 4883 selon
1278 4825 1357 4881 les
1389 4828 1536 4910 lieux
1553 4826 1689 4882 dont
1722 4826 1926 4882 chacun
1959 4825 2118 4881 d'eux

199 4903 335 4953 estoit
361 4900 518 4968 nstff,
556 4938 828 4957 ......
862 4898 930 4952 ils
1121 4903 1149 4952 t
1190 4904 1315 4952 tons
1349 4912 1506 4950 sams
1542 4913 1645 4965 par
1674 4897 1729 4951 lc
1760 4899 1987 4967 provo-t
2020 4893 2118 4948 des

198 4961 524 5025 hunam
573 4968 780 5025 Poulet.
851 4967 1179 5024 ...Leni-s
1223 4980 1381 5020 noms
1426 4969 1553 5019 sont
1594 4963 2004 5020 MarcialAlbs
2046 4963 2118 5017 de

194 5030 529 5106 Ionhnban,
568 5036 756 5092 Pierre
791 5035 1072 5092 Escrivain
1107 5033 1319 5092 Gascon
1355 5032 1445 5105 [de
1476 5030 1803 5116 Bouto-‘pm
1838 5030 1967 5088 Hts.
2003 5029 2118 5115 6⁶3

196 5169 222 5223 i
249 5104 435 5231 enulfi-0
481 5176 516 5230 ὁ
560 5105 869 5230 Irmene·
892 5173 927 5227 ὁ
944 5103 1571 5238 ῗὴοῐῖἀξιῗῃιῗοοὶοκ,
1621 5102 2118 5226 &arroasiam-:m

195 5239 527 5299 Iinonsina
633 5244 848 5300 tssrvi
903 5240 1499 5298 ahmmnePierre
1548 5239 2119 5302 viromanensi-10·

196 5306 346 5368 Fam
375 5313 447 5370 do
481 5312 527 5369 B
747 5328 815 5367 en
848 5311 1193 5382 Angonmois.

4060 394 4185 458 318

2235 591 2451 638 cures:
2498 572 2602 637 sin
2645 572 2886 650 minus,
2930 571 3229 640 concidas
3272 581 3343 638 et
3383 573 3647 641 laceres.
3713 574 3907 658 Quod
3948 580 4188 646 attinet

2234 656 2319 723 ad
2362 656 2783 724 scholasticos
2824 666 3172 734 vestrates,
3229 657 3546 726 habemus
3588 682 3764 728 nunc
3807 663 3968 729 satis
4009 666 4186 731 mul·

2234 753 2357 821 tos,
2400 745 2471 808 in
2514 743 2754 827 quibus
2793 741 3216 810 instituendis
3260 746 3562 828 cupimus
3605 767 3833 813 omnes
3877 748 4075 814 fidem
4118 761 4185 817 et

2235 828 2642 913 diligentiam
2689 837 2982 895 nostram
3016 828 3459 911 amplissimae
3491 840 3751 898 vestrae
3786 834 4186 917 reipublicae

2232 915 2540 998 probare:
2585 914 2699 981 sed
2721 935 2854 981 non
2888 916 3137 981 ftustra
3156 935 3462 983 veremur
3482 938 3567 983 ne
3588 918 3834 984 frustra
3868 918 3934 984 id
3958 922 4184 1003 cupia-

2233 1021 2383 1066 mus
2396 1050 2413 1081 ,
2477 1001 2607 1065 nisi
2664 1000 3036 1067 academiae
3089 1009 3357 1067 nostrae
3416 1002 3671 1086 legibus
3736 1004 4183 1073 subiiciantur.

2233 1083 2470 1152 Solent
2510 1086 2686 1152 enim
2731 1086 3117 1170 plerumque
3168 1089 3425 1153 externi
3441 1139 3457 1166 ,
3524 1090 3580 1154 si
3638 1109 3679 1154 a
3731 1090 3915 1157 nobis
3964 1091 4185 1159 admo-

2231 1182 2520 1237 neantur
2559 1172 2755 1239 officii
2778 1223 2792 1248 ‚
2859 1171 3047 1238 nobis
3086 1171 3369 1239 obiicere
3385 1224 3400 1250 ,
3466 1173 3645 1259 leges
3689 1172 4057 1243 academiae
4098 1178 4183 1245 iis

2233 1255 2496 1323 demum
2558 1257 2853 1324 conditas
2920 1257 3032 1340 qui
3105 1258 3448 1340 stipendiis
3506 1260 4184 1343 magnificentissimo·

2233 1362 2380 1408 rum
2423 1351 2801 1409 nostrornm
2844 1343 3215 1427 principum
3259 1343 3542 1410 aluntur.
3633 1345 3865 1429 Itaque
3921 1348 4183 1430 quidvis

2229 1428 2357 1495 sibi
2397 1426 2596 1495 licere
2638 1438 2890 1513 putant.
2977 1427 3115 1495 Nos
3158 1440 3381 1494 autem
3425 1429 3773 1514 diligenter
3813 1431 3881 1497 in
3925 1447 4184 1499 nostro-

2231 1534 2380 1579 rum
2422 1532 2642 1579 mores
2709 1524 2778 1579 et
2816 1514 3146 1598 profectus
3198 1523 3266 1580 et
3319 1514 3701 1599 frequenter
3752 1516 4038 1584 solemus
4078 1521 4183 1585 in-

2229 1600 2509 1751 guuirere,
2551 1608 2630 1665 ut
2672 1620 2884 1683 neque
2928 1600 3151 1667 otiosis
3195 1621 3407 1683 neque
3442 1602 3756 1685 improbis
3790 1623 3934 1668 esse
3968 1604 4180 1670 liceat.

2336 1685 2444 1752 ius
2487 1685 2585 1751 rei
2629 1694 2694 1750 te
2739 1685 3091 1753 admonere
3136 1685 3334 1763 volui,
3379 1688 3472 1752 mi
3497 1698 3702 1771 pater,
3748 1710 3882 1753 non
3916 1709 4000 1754 ex
4036 1709 4190 1755 mea·

2231 1779 2490 1837 tantum
2525 1771 2641 1838 sed
2684 1772 2882 1839 etiam
2927 1793 3009 1838 ex
3053 1791 3347 1838 meorum
3393 1772 3790 1855 collegarum
3835 1777 4181 1857 sententia,

2232 1865 2327 1936 ut,
2372 1857 2431 1921 si
2473 1877 2751 1942 aequum
2797 1854 2980 1924 vobis
3023 1857 3370 1936 videbitur,
3418 1858 3804 1943 amplissimi
3839 1861 4045 1926 vestri
4080 1882 4182 1927 se-

2229 1949 2428 2008 natus
2491 1952 2560 2008 et
2614 1951 2901 2011 vestram
2945 1963 3145 2028 super
3185 1965 3264 2009 ea
3317 1965 3387 2009 re
3446 1946 3843 2024 sententiam
3898 1954 4043 2011 tum
4098 1946 4182 2013 ad

2231 2028 2378 2094 illos
2419 2036 2564 2094 tum
2608 2030 2807 2095 etiam
2850 2029 2935 2095 ad
2978 2050 3100 2095 nos
3137 2030 3522 2113 perscribas,
3566 2040 3645 2095 ut
3679 2049 3750 2094 re
3792 2030 3938 2114 ipsa
3979 2052 4017 2096 e

2231 2116 2347 2180 riri
2391 2115 2685 2199 possitis,
2731 2136 2853 2181 nos
2896 2114 3067 2181 nihil
3108 2115 3319 2200 magis
3358 2136 3594 2198 cupere
3639 2134 3832 2199 quam
3878 2125 3952 2180 ut
3993 2136 4078 2182 vo
4124 2117 4180 2183 is

2229 2199 2680 2284 persuadeatis
2736 2209 3047 2268 externos
3114 2222 3247 2268 non
3307 2201 3525 2267 'minus
3593 2222 3790 2284 quam
3856 2209 4180 2268 nostrates

2229 2285 2418 2351 nobis
2462 2287 2675 2353 solere
2718 2307 2879 2366 esse,
2922 2294 3000 2352 ut
3042 2307 3325 2370 aequum
3369 2299 3487 2366 est,
3533 2285 4036 2353 commendatos.

2402 2370 2806 2438 Commendo
2869 2394 2977 2439 me
3043 2374 3175 2438 tuis
3228 2371 3528 2457 precibus
3544 2422 3560 2452 ,
3624 2373 3717 2437 mi
3784 2383 3986 2455 pater.
4089 2370 4177 2437 D.

2245 2457 2494 2524 Viretus
2536 2467 2605 2524 et
2640 2459 2851 2525 nostri
2893 2458 2978 2524 ad
3022 2479 3228 2524 unum
3269 2478 3496 2524 omnes
3541 2466 3607 2524 te
3650 2457 3905 2524 salvere
3948 2457 4179 2523 iubent

2228 2564 2377 2610 cum
2419 2543 2724 2610 omnibus
2766 2543 3065 2628 collegis,
3124 2544 3512 2610 nominatim
3558 2555 3778 2609 autem
3821 2564 3988 2610 uxor
4031 2563 4179 2609 mea

2226 2639 2295 2695 et
2336 2641 2402 2695 te
2437 2638 2507 2696 et
2523 2648 2801 2696 uxorem
2822 2650 2973 2697 cum
3015 2639 3153 2695 tota
3179 2629 3427 2696 familia
3464 2637 3582 2695 tua
3622 2628 3881 2696 salutat.
3944 2628 4175 2695 Domi-

2226 2737 2354 2782 nus
2396 2715 2586 2782 Iesns
2627 2715 2803 2781 filius
2835 2715 2964 2781 Dei
3007 2724 3076 2781 te
3115 2721 3405 2799 praestet
3443 2714 3834 2781 incolumem
3869 2713 4178 2784 ecclesiae

2226 2821 2384 2869 suae
2426 2823 2578 2868 cum
2625 2800 2934 2868 universo
2967 2801 3362 2886 optimorum
3398 2801 3695 2867 virorum
3739 2809 3807 2866 et
3848 2821 4176 2885 symmys-

2227 2895 2444 2954 tarum
2489 2898 2749 2953 tuorum
2791 2895 2998 2953 coetu.
3087 2887 3488 2954 Lausannae
3530 2884 3758 2952 Idibus
3801 2884 3983 2951 Maii.

3260 3024 3334 3090 Τ,
3379 3024 3556 3090 Besa
3595 3021 3788 3107 plane
3831 3029 4003 3088 tuus.

2995 3353 3404 3362 —-——-—

3110 3619 3298 3690 1622.

2664 3774 3159 3844 FARELLUS
3204 3772 3728 3841 BLAURERO.

2403 3945 2571 4014 Petit
2624 3950 2693 4012 ut
2743 3965 2929 4012 suam
2995 3946 3074 4013 de
3127 3944 3394 4012 divortio
3458 3942 3820 4009 sententiam
3892 3942 4174 4024 declaret,

2225 4037 2428 4116 utpote
2468 4034 2541 4099 in
2580 4052 2701 4116 quo
2743 4030 3154 4099 diiudicando
3213 4029 3628 4112 maqisoraaas
3681 4027 3878 4096 debito
3919 4049 4176 4098 munere

2225 4140 2348 4186 non
2387 4119 2754 4204 fumantur,
2797 4120 2934 4201 ipse
2975 4137 3117 4183 vero
3157 4115 3428 4181 haereat.

2226 4307 2337 4431 §Ex
2381 4312 2611 4376 autogra
2648 4305 2719 4360 bo
2766 4303 2909 4360 Bibl.
2948 4303 3191 4387 ‘Sangalk
3228 4302 3431 4383 civicae
3448 4300 3594 4384 ⁸Vol.
3619 4298 3738 4384 ‚352
3785 4302 3852 4355 al.
3890 4301 4025 4384 ‘vu
4079 4303 4172 4358 fol.

2259 4374 2343 4430 86.
2414 4375 2588 4429 Exem
2648 4391 2711 4428 ar
2757 4378 3028 4428 recentius
3077 4376 3260 4425 exstat
3305 4387 3362 4425 m
3394 4370 3539 4424 Bibl.
3586 4385 3737 4424 cmc.
3773 4369 3953 4425 Turio.
3990 4371 4051 4428 F.
4086 4370 4171 4439 43,

2488 4443 2559 4498 ol.
2681 4442 2772 4496 fol.
2807 4439 2929 4495 485.
2997 4440 3260 4496 Simlerus
3293 4440 3585 4509 descripsit
3617 4447 3750 4492 tom.
3786 4437 3899 4507 77.)

2392 4629 2970 4699 Praestantissimo
3015 4626 3267 4694 Christi
3328 4646 3516 4694 servo
3565 4621 3921 4691 ‘Ambrosio
3964 4624 4174 4692 Blau-

2221 4741 2368 4787 rero
2421 4717 2731 4785 ecclesiae
2786 4714 3114 4782 Bielensis
3171 4713 3416 4798 pastori
3480 4731 3738 4779 summa
3809 4711 4048 4795 pietate
4106 4723 4174 4777 et

2223 4807 2520 4874 doctrina
2561 4806 2699 4888 pari
2744 4810 2976 4869 ornato
3019 4800 3205 4866 fratri
3252 4808 3766 4884 et,symmystae
3821 4816 4018 4880 quam
4063 4817 4173 4862 ca-

2219 4911 2497 4960 nmo.
3772 4965 3996 5035 niens.

2392 5112 2466 5182 S.
2514 5112 2822 5180 Christus
2863 5108 3053 5175 Iesus
3096 5127 3254 5177 vera
3298 5128 3430 5191 pax
3474 5111 3817 5190 componat
3868 5102 3990 5171 hos
4035 5065 4172 5171 tam

2220 5220 2498 5286 magnos
2552 5208 2772 5265 motus
2790 5247 2807 5272 ,
2850 5194 3140 5278 fixitque
3192 5203 3269 5261 ut
3311 5191 3661 5276 tranquillo
3703 5189 3924 5255 omnia
3968 5191 4172 5257 refor-

2221 5295 2507 5366 mentur,
2552 5284 2845 5368 faxitque
2887 5291 2966 5347 ut
3005 5280 3192 5349 brevi
3245 5279 3519 5347 eeclesia
3574 5296 3774 5362 quam
3829 5274 3950 5343 tibi
3991 5297 4171 5344 com-
