4900 6167
630 407 759 469 lea
2156 406 2684 475 EPISTOLAE
2734 410 3154 474 1520-1522
3920 399 3925 404 ’
4526 417 4632 480 164

1526 594 1717 667 152⁰.

1076 702 1604 819 meumes
1627 751 1681 838 ¹)
1726 747 2160 817 cALvme.

823 923 1162 992 Certiorem
1202 943 1344 989 eum
1397 922 1558 1005 facit
1612 923 1690 989 de
1746 921 1953 989 variis
2001 918 2450 988 Gemuere-sium
2506 922 2596 986 ei-

636 1012 820 1077 ciam
856 1010 1126 1076 iniuriis
1164 1009 1392 1091 quibus
1432 1007 1712 1075 subditos
1753 1006 2175 1074 Beruensium
2215 1007 2564 1089 affecerunt.

952 1182 1064 1245 (Ex
1102 1179 1441 1249 autographo
1478 1177 1608 1232 Oed.
1648 1177 1848 1233 Genev.
1890 1177 2005 1244 109,
2044 1178 2133 1233 fel.
2169 1176 2284 1244 33.)

808 1352 1028 1418 Fideli
1071 1349 1327 1417 Christi
1384 1370 1577 1415 serve
1620 1349 1704 1416 D.
1750 1350 1985 1416 Ioanni
2045 1347 2325 1415 Calvino
2369 1348 2592 1416 Gene-

636 1439 863 1505 vensis
898 1436 1206 1506 ecclesiae
1239 1436 1484 1520 pastori
1522 1435 2021 1520 diligentissime
2054 1434 2242 1500 fratri
2279 1442 2348 1501 et
2381 1436 2592 1503 amice

637 1523 999 1607 plurimum
1041 1519 1463 1588 observande.

2087 1607 2415 1678 Genavae.

811 1745 881 1812 S.
951 1745 1244 1810 Tametsi
1287 1766 1416 1811 nen
1477 1743 1767 1809 dubitem
1812 1751 1877 1808 te
1921 1764 1961 1808 a
2008 1743 2247 1809 Thema
2289 1752 2513 1810 nestro
2531 1745 2591 1828 ²)

634 1831 1223 1899 commonefactum
1281 1830 1485 1895 fuisse
1544 1851 1765 1895 eorum
1825 1850 1993 1910 quae
2055 1829 2135 1894 de
2180 1829 2589 1896 Genevensi-

632 1919 759 1984 bus
787 1918 1049 1983 Bernae
1094 1937 1303 1998 nuper
1336 1914 1726 1993 audivimus,
1772 1936 1904 1980 nen
1942 1916 2140 1980 fuerit
2173 1925 2393 1981 tamen
2436 1919 2587 1980 inu-

632 2004 751 2069 tile
794 2024 874 2068 ea
917 2004 1140 2087 paucis
1182 2001 1290 2067 hic
1333 2003 1690 2086 attingere,
1748 2008 1823 2065 ut
1866 2002 1922 2064 si
1966 2002 2132 2066 ferte
2190 2001 2433 2082 aliquid
2493 2001 2585 2066 illi

634 2088 955 2155 exciderit
1017 2088 1445 2153 nihilominus
1517 2086 1638 2151 tibi
1709 2088 2076 2151 innotescat
2141 2094 2209 2150 et
2280 2097 2353 2151 tu
2412 2088 2586 2153 cives

630 2175 1036 2241 imminentis
1092 2173 1358 2256 periculi
1414 2193 1840 2257 praemoneas
1882 2192 2001 2255 pre
2045 2179 2157 2236 tua
2200 2179 2266 2237 et
2308 2172 2587 2256 collega-

630 2282 780 2327 rum
834 2261 1199 2346 prudentia.
1305 2257 1411 2324 Ab
1477 2280 1552 2325 ee
1624 2265 1913 2340 tempere
1978 2278 2105 2340 que
2174 2257 2585 2324 subditorum

627 2347 1019 2414 Bernatium
1089 2342 1344 2409 cuidam
1420 2345 1621 2409 vestri
1686 2344 1792 2410 ius
1857 2344 2213 2428 denegasse
2267 2345 2586 2425 feruntur,

629 2433 1063 2516 periculosam
1103 2429 1636 2495 deliberationem
1675 2430 1742 2493 in
1779 2431 1974 2495 istam
2010 2431 2342 2495 civitatem
2381 2431 2586 2513 impe-

631 2518 898 2582 dierunt
939 2514 1202 2600 quidam
1240 2537 1322 2578 ex
1360 2515 1769 2580 dominorum
1805 2517 2242 2581 Bernensium
2280 2537 2582 2583 numere:

632 2625 794 2684 ques
849 2602 1114 2667 tandem
1173 2601 1494 2683 poenituit
1550 2622 1750 2683 quum
1808 2600 2033 2666 multis
2086 2602 2356 2685 indigne
2410 2603 2585 2668 affici

632 2701 696 2752 et
743 2688 1041 2752 domines
1084 2687 1261 2769 ipses
1306 2698 1371 2750 et
1416 2707 1642 2752 eorum
1700 2685 1994 2752 subditos
2037 2707 2077 2750 a
2126 2689 2362 2754 vestris
2406 2689 2586 2753 vide-

629 2786 803 2838 runt.
892 2773 1193 2838 Primum
1241 2772 1439 2837 variis
1504 2770 1759 2837 technis
1815 2785 1883 2835 et
1925 2772 2173 2837 artibus
2223 2775 2429 2839 vestri
2490 2775 2583 2839 ita

629 2879 857 2924 eerum
903 2857 1194 2923 subditos
1238 2859 1791 2932 circumveniunt,
1839 2864 1915 2922 ut
1957 2859 2268 2940 paulatim
2314 2880 2583 2942 prorsus

628 2966 740 3010 ees
776 2946 912 3010 suis
948 2942 1370 3009 facultatibus
1407 2944 1690 3026 spolient
1732 2953 1798 3008 et
1832 2945 1970 3010 fere
2014 2944 2096 3009 ad
2132 2943 2414 3010 lubitum
2459 2946 2582 3010 sibi

626 3031 941 3096 ebnoxios
986 3029 1280 3095 reddant.
1355 3028 1757 3107 Secundum,
1802 3030 1855 3095 si
1900 3031 2045 3112 quis
2089 3032 2175 3095 sit
2216 3031 2455 3096 nebule
2496 3053 2582 3096 ex

624 3115 1029 3183 vestratibus
1072 3116 1187 3196 qui
1222 3115 1498 3198 probum
1543 3116 1829 3198 aliquem
1871 3137 1957 3200 ex
1992 3116 2273 3181 subditis
2316 3116 2582 3181 illerum

626 3203 838 3268 ederit
878 3212 993 3266 aut
1035 3222 1194 3266 suae
1230 3200 1484 3267 libidini
1522 3201 1840 3268 subiicere
1884 3201 2213 3280 statuerit,
2258 3200 2433 3268 hunc
2471 3202 2580 3266 de-

622 3289 904 3353 bitorem
950 3285 1339 3365 simulando,
1385 3294 1502 3351 aut
1544 3289 1709 3352 ferte
1752 3287 1833 3352 ob
1875 3288 2216 3352 minimam
2261 3289 2579 3369 pecuniae

625 3394 971 3451 summam,
1015 3373 1087 3436 in
1131 3392 1456 3438 carcerem
1501 3373 1736 3439 coniici
1778 3373 2062 3449 curabit,
2105 3371 2281 3437 unde
2322 3394 2453 3439 nen
2496 3373 2578 3438 li-

623 3458 959 3526 berabitur
1014 3458 1157 3522 sine
1211 3479 1451 3543 magna
1505 3468 1572 3523 et
1624 3460 1936 3543 temperis
1980 3468 2047 3524 et
2087 3477 2407 3542 personae
2448 3461 2576 3526 iac-

624 3560 792 3612 tura.
880 3545 974 3610 Et
1027 3563 1304 3627 quaese,
1372 3546 1427 3608 si
1487 3544 1659 3628 qued
1717 3546 1915 3610 vestri
1977 3544 2216 3609 debent
2268 3544 2402 3610 illis
2460 3553 2576 3610 aut

623 3632 958 3715 querelam
1002 3630 1268 3696 illerum
1310 3630 1550 3714 aliquis
1594 3630 1908 3697 adversus
1950 3630 2109 3695 istos
2152 3629 2420 3708 habeat,
2477 3631 2572 3696 fa·

622 3738 781 3782 vere
818 3716 927 3782 hic
951 3717 1116 3781 mire
1150 3717 1492 3800 premitur,
1541 3725 1606 3781 et
1640 3717 1693 3782 si
1742 3716 1823 3780 ad
1861 3737 2190 3781 summum
2234 3718 2335 3781 ius
2369 3737 2573 3799 usque

617 3802 809 3867 illum
866 3811 1304 3885 prosequatur
1370 3803 1487 3868 vix
1558 3801 1821 3867 tandem
1881 3802 2022 3866 iure
2093 3821 2214 3866 sue
2268 3804 2569 3885 potietur,

621 3897 738 3952 aut
780 3887 1037 3953 cautela
1064 3887 1284 3972 aliqua
1317 3889 1425 3954 vel
1460 3889 2014 3955 circumventione
2049 3889 2149 3952 ius
2183 3888 2569 3966 invertatur,

618 3982 736 4038 aut
776 3994 817 4038 a
858 3973 1208 4056 potentiori
1252 3986 1319 4037 et
1361 3976 1471 4058 qui
1530 3996 1647 4039 suo
1689 3971 1929 4038 insidet
1970 3976 2125 4038 fimo
2169 3973 2569 4056 gravabitur,

619 4068 734 4123 aut
807 4059 890 4123 ad
957 4060 1247 4142 iniquam
1317 4061 1851 4143 compositionem
1925 4060 2376 4124 sollicitatione
2453 4070 2570 4124 aut

616 4152 795 4210 metu
841 4143 1157 4229 adigetur.
1247 4146 1338 4209 Et
1380 4145 1552 4228 qued
1608 4146 1961 4228 pessimum
2015 4156 2116 4209 est
2160 4147 2242 4216 (si
2301 4148 2393 4209 ita
2449 4146 2566 4220 sit)

619 4230 782 4296 duas
825 4230 1149 4296 obtinebit
1189 4234 1552 4296 sententias
1609 4254 1692 4296 ne
1748 4230 1833 4295 ad
1888 4230 2218 4315 delegatos
2263 4232 2566 4314 utrinque

617 4316 865 4382 iudices
923 4315 1127 4399 (qued
1195 4328 1435 4382 vocant
1490 4318 1558 4382 la
1611 4315 1889 4396 marche)
1953 4317 2283 4394 veniatur,
2339 4325 2405 4381 et
2457 4338 2566 4384 ce-

611 4423 761 4466 ram
823 4402 1099 4467 summis
1172 4402 1319 4467 istis
1395 4401 1717 4469 iudicibus
1794 4404 2058 4469 tertiam
2133 4408 2199 4467 et
2268 4401 2565 4468 ultimam

614 4490 685 4550 in
766 4509 837 4553 se
913 4488 1187 4570 accipiet
1257 4489 1670 4553 sententiam.
1776 4490 2072 4554 Tertium
2151 4502 2281 4566 est,
2358 4509 2562 4570 quen-

614 4572 766 4638 dam
809 4573 1198 4638 efficiarium
1241 4573 1541 4651 illerum,
1601 4574 1757 4638 dum
1817 4576 2131 4658 quosdam
2194 4595 2277 4639 ex
2319 4576 2560 4640 vestris

616 4657 790 4742 apud
847 4658 1243 4742 praefectum
1302 4661 1552 4742 (nescio
1610 4682 1696 4726 an
1739 4657 2237 4726 Idoniacensem
2294 4681 2377 4725 an
2421 4660 2561 4725 Ga-

612 4816 725 4826 μ,4

610 4913 1680 4980 1520.1)Cv·visNoocomensi⁸suim
1713 4915 1946 4980 videtur,
1981 4933 2097 4971 noa
2128 4933 2260 4975 vere
2293 4917 2545 4974 master

611 5052 864 5132 baba-nter
909 5051 1265 5120 meumenda
1326 5059 1461 5134 suqtt
1510 5054 1578 5108 de
1619 5054 1853 5109 tomam
1901 5056 2103 5178 325⁶*
2152 5062 2260 5139 μιν.
2427 5126 2438 5138 ⁰
2532 5086 2556 5098 -

608 5203 707 5270 eas
740 5187 794 5244 d.
828 5189 1116 5273 &fleam-tii
1147 5125 1871 5272 rengatnugaereggm
1903 5194 1966 5248 id
1996 5195 2252 5263 privatae
2284 5195 2372 5251 dis

604 5264 787 5314 aenea
819 5274 1149 5392 melanus
1191 5260 1420 5385 εάκήῑὲῗ.
1495 5261 1763 5331 (Rudent,
1806 5263 1873 5321 V.
1905 5262 2054 5332 444.)

2419 5004 2531 5058 ’ἓ

2373 5073 2560 5266 {³³2

2700 603 3005 681 yensem)
3042 604 3412 666 accusasset
3443 600 3616 684 qued
3638 607 3956 668 venantes
3988 621 4099 668 ees
4121 599 4636 684 deprehendisset

2699 684 2774 748 in
2818 681 3065 750 ditione
3105 683 3366 750 illerum
3381 737 3396 763 ,
3443 707 3484 752 a
3521 687 3762 753 vestris
3802 688 3872 753 in
3919 707 4249 767 carcerem
4291 685 4635 769 detrusum,

2701 765 2813 833 ubi
2873 788 3018 835 sese
3077 779 3146 835 et
3197 772 3417 837 emnia
3472 792 3592 839 sua
3643 774 3783 839 fere
3839 772 4179 840 absumere
4231 780 4486 839 coactus
4526 781 4634 853 est,

2702 861 2897 937 atque
2932 852 3195 920 tandem
3234 858 3436 924 vestri
3472 858 3697 942 inique
3732 859 3801 924 in
3838 879 3988 924 eum
4012 859 4225 945 egisse
4261 858 4635 941 deprehensi

2701 946 2858 1004 sunt
2899 961 3103 1022 quum
3146 963 3299 1008 vere
3341 964 3451 1009 ees
3494 944 3575 1009 ad
3619 945 4019 1028 praefectum
4063 944 4421 1010 detulisset.

2870 1024 2976 1091 De
3017 1048 3215 1092 causa
3261 1029 3343 1093 D.
3391 1029 3750 1096 Avoliensis
3767 1036 3824 1104 8)
3882 1032 4125 1096 mirum
4168 1050 4362 1113 quam
4406 1031 4635 1097 iniuste

2700 1131 2775 1176 ac
2809 1111 3080 1196 indigne
3115 1116 3376 1179 tractari
3415 1122 3734 1180 censetur.
3805 1117 3908 1182 Tu
3944 1138 4062 1200 pre
4082 1127 4198 1182 tua
4220 1126 4289 1181 et
4323 1137 4633 1201 symmys-

2700 1204 2917 1261 tarum
2975 1198 3323 1282 prudentia
3386 1200 3684 1284 dispicite
3739 1222 3866 1286 qua
3920 1203 4179 1268 ratione
4222 1202 4443 1267 emnia
4482 1201 4633 1270 haec

2698 1291 2815 1346 aut
2856 1304 3011 1367 pars
3067 1284 3213 1351 istis
3270 1286 3507 1387 aperiri
3567 1286 3825 1366 debeat,
3883 1310 3963 1353 ne
4007 1309 4114 1353 me
4169 1288 4236 1352 in
4278 1287 4633 1372 periculum

2699 1366 3161 1437 benefaciendo
3204 1373 3578 1439 coniiciatis.

2867 1454 2973 1521 De
3015 1463 3130 1521 tua
3172 1465 3238 1522 et
3296 1458 3492 1524 Vireti
3534 1458 3750 1543 effigie
3805 1479 3970 1542 quae
4014 1459 4348 1524 divendita
4392 1481 4467 1526 ac
4511 1459 4633 1525 dis-

2693 1560 2890 1623 persa
2945 1542 3070 1606 fuit
3127 1562 3244 1625 per
3309 1551 3516 1610 tetam
3574 1543 3835 1609 illerum
3896 1544 4208 1610 ditionem
4267 1564 4415 1611 cum
4463 1553 4636 1611 tante

2694 1623 2956 1707 quidem
3024 1625 3171 1691 odie
3241 1636 3306 1692 et
3371 1629 3761 1713 obloquendi
3820 1631 4186 1709 occasione,
4256 1631 4408 1696 vide
4481 1653 4635 1697 num

2692 1709 3017 1861 effigiiater
3074 1713 3196 1778 iste
3256 1714 3640 1798 imprudens
3685 1724 3749 1780 et
3792 1715 3981 1794 levis,
4027 1717 4181 1782 licet
4224 1737 4387 1797 sere,
4438 1717 4635 1801 repri-

2695 1817 2843 1862 men
2894 1819 2970 1863 us
3008 1798 3109 1864 sit.

2864 1882 3204 1951 Postremo
3229 1893 3302 1950 tu
3318 1886 3399 1950 D.
3419 1885 3768 1953 Amblardo
3784 1888 3842 1971 ⁴)
3867 1897 3935 1953 et
3955 1887 4293 1954 Ludevice
4312 1885 4575 1966 Franco,
4588 1887 4635 1972 ⁵)

2691 1968 2746 2030 si
2791 1967 3021 2051 placet,
3068 1991 3153 2034 ex
3197 1993 3302 2037 me
3346 1971 3620 2038 salutem
3669 1972 3861 2052 dices,
3909 1995 3983 2040 ac
4026 1995 4132 2039 me
4177 1973 4637 2057 prosectionem

2692 2054 3080 2135 promissam
3125 2057 3508 2136 absolvisse,
3552 2059 3665 2124 sed
3725 2082 3864 2125 esse
3921 2062 4015 2124 ita
4057 2070 4233 2126 certe
4278 2058 4637 2143 deprehen-

2693 2137 2864 2237 disse
2888 2144 2942 2210 ὅ)
2987 2151 3062 2205 ut
3095 2145 3586 2228 praesagiebam
3623 2167 3714 2234 ex·
3750 2147 3828 2211 iis
3864 2167 4032 2229 quae
4068 2147 4149 2211 ab
4193 2144 4444 2228 aliquot
4476 2146 4634 2210 ami-

2691 2246 2784 2290 cis
2828 2224 3276 2294 Beruensibus
3319 2230 3805 2310 subelfeceram,
3849 2231 4107 2314 illisque
4143 2252 4354 2314 nuper
4397 2230 4635 2298 retule-

2692 2332 2852 2409 ram.
2925 2311 3123 2377 Volui
3159 2325 3374 2381 autem
3412 2328 3587 2382 stare
3623 2316 3927 2400 pollicitis
3964 2316 4432 2400 profectionem
4474 2318 4636 2383 hanc

2689 2417 2758 2459 ιιι
2800 2418 3048 2463 vanum
3079 2399 3489 2480 absolvendo,
3534 2403 3707 2485 qued
3743 2404 4070 2469 nevissem
4107 2424 4308 2486 quum
4346 2425 4459 2468 ees
4494 2425 4636 2470 cen-

2689 2483 3014 2549 venissem
3058 2507 3326 2569 remque
3372 2498 3446 2552 ut
3487 2503 3630 2553 erat
3671 2490 4089 2571 aperuissem,
4135 2510 4254 2572 ego
4292 2511 4425 2554 nen
4464 2487 4636 2554 vide-

2691 2568 2812 2633 bar
2851 2568 2986 2635 illis
3021 2573 3424 2639 satisfecisse.
3496 2575 3589 2639 Et
3632 2574 3712 2640 de
3755 2574 3890 2641 filia
3934 2576 4016 2640 D.
4065 2573 4430 2640 Theebaldi
4476 2575 4637 2641 Her-

2689 2653 2878 2719 laehii
2949 2656 3157 2722 multe
3227 2660 3448 2725 minus
3524 2659 3959 2744 cogitandum.
4061 2659 4264 2739 Vale,
4338 2660 4633 2726 salutatis

2688 2740 2981 2824 collegis,
3028 2743 3111 2807 D.
3162 2744 3581 2822 NormamiiO,
3631 2746 3987 2813 Colladom‘o
4043 2756 4110 2812 et
4153 2748 4277 2831 piis
4319 2747 4634 2814 omnibus.

2687 2825 2998 2893 Neocomi
3049 2834 3142 2892 15.
3184 2832 3357 2914 Aug.
3411 2835 3595 2896 1551.

2860 2912 3062 2979 Pater
3103 2937 3288 2982 meus
3324 2937 3440 2984 ves
3475 2939 3701 2984 omnes
3736 2918 4091 3001 plurimum
4130 2919 4390 2985 salutat.
4466 2919 4633 2985 Item

2690 2995 2972 3064 Fatonus
3013 3011 3080 3065 et
3123 3023 3294 3068 uxor
3335 3023 3499 3068 mea.

3467 3263 3875 3273 —-—-—————-o—-—-

3557 3447 3746 3520 1521.

3212 3582 3679 3652 CALVINUS
3725 3583 4092 3651 VIRETO.

2855 3734 3204 3802 Consilium
3274 3758 3460 3803 suum
3529 3745 3741 3806 contra
3803 3739 4098 3823 Hyhium
4168 3745 4224 3805 et
4284 3741 4626 3825 Georyium

2682 3821 2967 3887 Sictdum
3008 3824 3085 3889 de
3115 3825 3688 3904 praedestinatione
3745 3826 4052 3891 scribendi
4093 3827 4325 3907 paucis
4363 3828 4621 3894 indicta.

2678 3993 2790 4073 §Ex
2837 3994 3172 4063 autographo
3210 3994 3340 4079 Oed.
3382 3997 3581 4052 Genev.
3622 3996 3774 4078 ⁸107„
3822 3997 3913 4051 fel.
3950 3994 4034 4051 45.
4104 3996 4305 4050 Exstat
4350 3998 4624 4079 descripta

2675 4079 2731 4114 m
2768 4062 2896 4115 Ged.
2937 4064 3051 4122 111,
3087 4063 3178 4116 sel.
3214 4063 3335 4128 204,
3375 4065 3583 4119 Bernae
3618 4083 3674 4118 m
3711 4067 3850 4135 Epp.
3891 4066 3979 4119 v1.
4014 4083 4066 4135 p.
4103 4064 4189 4129 83,
4226 4075 4283 4119 et
4317 4066 4462 4136 apud
4487 4067 4624 4120 Sun-

2753 4132 2924 4184 lerum
2963 4132 3088 4186 Vel.
3129 4131 3215 4188 75.
3287 4135 3513 4203 Anglice
3548 4136 3746 4203 legitur
3781 4135 3837 4188 in
3874 4136 4005 4188 edit.
4042 4135 4238 4190 Edinb.
4277 4134 4347 4189 11.
4382 4134 4534 4198 302.)

2841 4303 3105 4368 Eximio
3150 4304 3303 4370 Iesu
3348 4303 3603 4370 Christi
3658 4326 3846 4370 serve
3890 4307 4091 4372 Petro
4134 4306 4366 4373 Virete
4411 4308 4620 4374 eccle-

2668 4388 2804 4453 siae
2846 4390 3345 4456 Lausannensis
3389 4393 3634 4473 pastori
3676 4391 3862 4456 fratri
3907 4393 4068 4458 mihi
4114 4395 4465 4459 carissime.

2841 4526 3019 4609 Ergo
3096 4527 3335 4591 mutati
3413 4527 3664 4593 consilii
3739 4552 3917 4597 nunc
3994 4551 4137 4596 sere
4222 4531 4533 4613 poenitet.
4568 4532 4614 4608 ¹)

2870 4673 3678 4795 mychaesioutaae
3798 4715 4614 4773 ·cazvmetviream

2664 4783 3581 4912 mmmmhabemus
3793 4785 4060 4840 dicamus.

2869 4924 2929 4986 ὁ)
2969 4921 3117 4976 Lud.
3153 4921 3379 4989 From,
3424 4924 3577 4977 siem
3620 4921 3699 4976 du
3733 4920 3888 4977 orest
3919 4940 3989 4978 ex
4027 4923 4319 4991 Ducentis,
4357 4942 4411 4979 a.
4451 4922 4610 4978 1557.

2664 4988 2943 5111 Syndicgs
2977 4996 3197 5071 creatus
3228 4996 3328 5060 est,
3357 4997 3410 5046 et
3437 4998 3628 5062 postea
3662 4993 3903 5061 saepius.

2962 5073 3055 5113 ste.

2662 5127 2834 5182 1521.
2873 5062 2925 5193 13
2969 5127 3203 5183 Videtur
3235 5129 3429 5198 aliqua
3452 5126 3631 5183 Vir-eti
3660 5128 4021 5194 intercidisse,
4052 5146 4171 5211 gua
4203 5131 4295 5186 hic
4327 5145 4384 5184 se
4414 5130 4612 5198 ipsun

2654 5197 2936 5265 poenitere
2981 5197 3193 5253 dicebat
3237 5198 3384 5267 quod
3419 5197 3712 5253 Colchum
3754 5213 3870 5253 nen
4134 5204 4198 5255 ut
4230 5200 4614 5255 Lam

2662 5264 2871 5321 veniret
2900 5267 3144 5334 torsisset,
3181 5266 3250 5333 el.
3291 5269 3364 5323 N.
3386 5267 3524 5322 1519
3555 5267 3681 5323 anit.
3735 5268 4003 5338 (Asylum
4044 5273 4068 5325 1
4105 5276 4290 5341 regret
4322 5272 4419 5323 the
4453 5274 4612 5340 pest·

2663 5345 2960 5404 penemcnt
2993 5337 3055 5391 ef
3082 5338 3174 5391 the
3208 5337 3461 5404 ceuncil.)
