<?xml version="1.0" encoding="UTF-8"?>
<!DOCTYPE html PUBLIC "-//W3C//DTD XHTML 1.0 Transitional//EN"
    "http://www.w3.org/TR/xhtml1/DTD/xhtml1-transitional.dtd">
<html xmlns="http://www.w3.org/1999/xhtml" xml:lang="en" lang="en">
 <head>
  <title>
</title>
<meta http-equiv="Content-Type" content="text/html;charset=utf-8" />
  <meta name='ocr-system' content='tesseract 3.04.00' />
  <meta name='ocr-capabilities' content='ocr_page ocr_carea ocr_par ocr_line ocrx_word'/>
</head>
<body>
  <div class='ocr_page' id='page_1' title='image "./ioanniscalvinio03unkngoog_0263.png"; bbox 0 0 4900 6167; ppageno 0'>
   <div class='ocr_carea' id='block_1_1' title="bbox 74 201 108 4096">
    <p class='ocr_par' dir='ltr' id='par_1_1' title="bbox 74 201 108 4096">
     <span class='ocr_line' id='line_1_1' title="bbox 74 201 108 4096; baseline 0 0"><span class='ocrx_word' id='word_1_1' title='bbox 74 201 108 4096; x_wconf 95' lang='lat' dir='ltr'> </span> 
     </span>
    </p>
   </div>
   <div class='ocr_carea' id='block_1_2' title="bbox 249 488 351 552">
    <p class='ocr_par' dir='ltr' id='par_1_2' title="bbox 249 488 351 552">
     <span class='ocr_line' id='line_1_2' title="bbox 249 488 351 552; baseline -0.039 0"><span class='ocrx_word' id='word_1_2' title='bbox 249 488 351 552; x_wconf 80' lang='lat'>497</span> 
     </span>
    </p>
   </div>
   <div class='ocr_carea' id='block_1_3' title="bbox 232 673 2157 1957">
    <p class='ocr_par' dir='ltr' id='par_1_3' title="bbox 232 673 2157 1795">
     <span class='ocr_line' id='line_1_3' title="bbox 243 673 2154 760; baseline -0.001 -15"><span class='ocrx_word' id='word_1_3' title='bbox 243 699 298 760; x_wconf 61' lang='lat' dir='ltr'>ot</span> <span class='ocrx_word' id='word_1_4' title='bbox 342 673 628 745; x_wconf 84' lang='lat' dir='ltr'>nonnulli</span> <span class='ocrx_word' id='word_1_5' title='bbox 681 674 811 741; x_wconf 84' lang='lat' dir='ltr'>alii.</span> <span class='ocrx_word' id='word_1_6' title='bbox 898 674 1128 760; x_wconf 79' lang='lat' dir='ltr'>Quum</span> <span class='ocrx_word' id='word_1_7' title='bbox 1183 677 1338 744; x_wconf 91' lang='lat' dir='ltr'>hinc</span> <span class='ocrx_word' id='word_1_8' title='bbox 1385 677 1614 745; x_wconf 83' lang='lat' dir='ltr'>multis</span> <span class='ocrx_word' id='word_1_9' title='bbox 1669 675 1857 745; x_wconf 88' lang='lat' dir='ltr'>bonis</span> <span class='ocrx_word' id='word_1_10' title='bbox 1911 677 2154 746; x_wconf 88' lang='lat' dir='ltr'>iniecta</span> 
     </span>
     <span class='ocr_line' id='line_1_4' title="bbox 241 762 2153 847; baseline 0.001 -17"><span class='ocrx_word' id='word_1_11' title='bbox 241 777 312 846; x_wconf 66' lang='lat' dir='ltr'>,it</span> <span class='ocrx_word' id='word_1_12' title='bbox 346 784 471 832; x_wconf 92' lang='lat' dir='ltr'>non</span> <span class='ocrx_word' id='word_1_13' title='bbox 511 779 717 845; x_wconf 80' lang='lat' dir='ltr'>parva</span> <span class='ocrx_word' id='word_1_14' title='bbox 750 762 1120 847; x_wconf 71' lang='lat' dir='ltr'><strong>trepidatio,</strong></span> <span class='ocrx_word' id='word_1_15' title='bbox 1167 763 1423 831; x_wconf 85' lang='lat' dir='ltr'>Ohristi</span> <span class='ocrx_word' id='word_1_16' title='bbox 1474 772 1696 831; x_wconf 87' lang='lat' dir='ltr'>autem</span> <span class='ocrx_word' id='word_1_17' title='bbox 1747 779 1815 829; x_wconf 82' lang='lat' dir='ltr'>et</span> <span class='ocrx_word' id='word_1_18' title='bbox 1856 765 2153 832; x_wconf 74' lang='lat' dir='ltr'>sincerae</span> 
     </span>
     <span class='ocr_line' id='line_1_5' title="bbox 242 848 2152 949; baseline -0.006 -22"><span class='ocrx_word' id='word_1_19' title='bbox 242 851 471 949; x_wconf 75' lang='lat' dir='ltr'>pietatis</span> <span class='ocrx_word' id='word_1_20' title='bbox 522 848 745 914; x_wconf 90' lang='lat' dir='ltr'>hostes</span> <span class='ocrx_word' id='word_1_21' title='bbox 799 849 871 913; x_wconf 91' lang='lat' dir='ltr'>in</span> <span class='ocrx_word' id='word_1_22' title='bbox 931 849 1129 916; x_wconf 82' lang='lat' dir='ltr'>unius</span> <span class='ocrx_word' id='word_1_23' title='bbox 1186 849 1471 917; x_wconf 91' lang='lat' dir='ltr'>hominis</span> <span class='ocrx_word' id='word_1_24' title='bbox 1529 851 1738 936; x_wconf 83' lang='lat' dir='ltr'>capite</span> <span class='ocrx_word' id='word_1_25' title='bbox 1783 850 1905 918; x_wconf 90' lang='lat' dir='ltr'>toti</span> <span class='ocrx_word' id='word_1_26' title='bbox 1948 849 2152 918; x_wconf 89' lang='lat' dir='ltr'>eccle·</span> 
     </span>
     <span class='ocr_line' id='line_1_6' title="bbox 243 934 2151 1016; baseline 0.001 -14"><span class='ocrx_word' id='word_1_27' title='bbox 243 948 355 1016; x_wconf 61' lang='lat'>2120</span> <span class='ocrx_word' id='word_1_28' title='bbox 384 934 680 1002; x_wconf 85' lang='lat' dir='ltr'>ferociter</span> <span class='ocrx_word' id='word_1_29' title='bbox 721 935 1069 1015; x_wconf 89' lang='lat' dir='ltr'>insultent,</span> <span class='ocrx_word' id='word_1_30' title='bbox 1113 944 1420 1003; x_wconf 89' lang='lat' dir='ltr'>nostrum</span> <span class='ocrx_word' id='word_1_31' title='bbox 1475 944 1575 1003; x_wconf 89' lang='lat' dir='ltr'>est</span> <span class='ocrx_word' id='word_1_32' title='bbox 1616 934 1787 1002; x_wconf 87' lang='lat' dir='ltr'>nihil</span> <span class='ocrx_word' id='word_1_33' title='bbox 1830 936 2151 1014; x_wconf 90' lang='lat' dir='ltr'>omittere,</span> 
     </span>
     <span class='ocr_line' id='line_1_7' title="bbox 240 1018 2155 1118; baseline 0.001 -31"><span class='ocrx_word' id='word_1_34' title='bbox 240 1028 382 1118; x_wconf 76' lang='lat' dir='ltr'>quod</span> <span class='ocrx_word' id='word_1_35' title='bbox 420 1019 501 1087; x_wconf 86' lang='lat' dir='ltr'>ad</span> <span class='ocrx_word' id='word_1_36' title='bbox 545 1018 1030 1104; x_wconf 87' lang='lat' dir='ltr'>reprimendum</span> <span class='ocrx_word' id='word_1_37' title='bbox 1075 1043 1303 1088; x_wconf 89' lang='lat' dir='ltr'>eorum</span> <span class='ocrx_word' id='word_1_38' title='bbox 1346 1022 1633 1089; x_wconf 84' lang='lat' dir='ltr'>furorem</span> <span class='ocrx_word' id='word_1_39' title='bbox 1678 1029 1748 1088; x_wconf 91' lang='lat' dir='ltr'>et</span> <span class='ocrx_word' id='word_1_40' title='bbox 1790 1022 2155 1089; x_wconf 84' lang='lat' dir='ltr'>iuvandum</span> 
     </span>
     <span class='ocr_line' id='line_1_8' title="bbox 241 1106 2155 1192; baseline 0 -18"><span class='ocrx_word' id='word_1_41' title='bbox 241 1130 355 1185; x_wconf 60' lang='lat' dir='ltr'>tam</span> <span class='ocrx_word' id='word_1_42' title='bbox 390 1106 717 1192; x_wconf 80' lang='lat' dir='ltr'>insignem</span> <span class='ocrx_word' id='word_1_43' title='bbox 753 1106 884 1173; x_wconf 90' lang='lat' dir='ltr'>Dei</span> <span class='ocrx_word' id='word_1_44' title='bbox 926 1127 1194 1174; x_wconf 80' lang='lat' dir='ltr'>servum</span> <span class='ocrx_word' id='word_1_45' title='bbox 1235 1108 1447 1175; x_wconf 86' lang='lat' dir='ltr'>faciat.</span> <span class='ocrx_word' id='word_1_46' title='bbox 1538 1107 1989 1190; x_wconf 77' lang='lat' dir='ltr'>Quamobrem</span> <span class='ocrx_word' id='word_1_47' title='bbox 2030 1108 2155 1174; x_wconf 92' lang='lat' dir='ltr'>mi-</span> 
     </span>
     <span class='ocr_line' id='line_1_9' title="bbox 241 1193 2153 1281; baseline 0.001 -22"><span class='ocrx_word' id='word_1_48' title='bbox 241 1207 389 1272; x_wconf 72' lang='lat' dir='ltr'>nime</span> <span class='ocrx_word' id='word_1_49' title='bbox 432 1194 675 1259; x_wconf 81' lang='lat' dir='ltr'>veritus</span> <span class='ocrx_word' id='word_1_50' title='bbox 720 1214 868 1260; x_wconf 92' lang='lat' dir='ltr'>sum</span> <span class='ocrx_word' id='word_1_51' title='bbox 912 1215 1025 1273; x_wconf 92' lang='lat' dir='ltr'>ne,</span> <span class='ocrx_word' id='word_1_52' title='bbox 1082 1194 1138 1260; x_wconf 93' lang='lat' dir='ltr'>si</span> <span class='ocrx_word' id='word_1_53' title='bbox 1196 1195 1337 1260; x_wconf 90' lang='lat' dir='ltr'>eius</span> <span class='ocrx_word' id='word_1_54' title='bbox 1391 1194 1603 1260; x_wconf 81' lang='lat' dir='ltr'>vitam</span> <span class='ocrx_word' id='word_1_55' title='bbox 1641 1193 1815 1281; x_wconf 85' lang='lat' dir='ltr'>Regi</span> <span class='ocrx_word' id='word_1_56' title='bbox 1872 1195 2153 1262; x_wconf 90' lang='lat' dir='ltr'>serenis-</span> 
     </span>
     <span class='ocr_line' id='line_1_10' title="bbox 237 1276 2156 1365; baseline -0.003 -13"><span class='ocrx_word' id='word_1_57' title='bbox 237 1294 375 1359; x_wconf 65' lang='lat' dir='ltr'>simo</span> <span class='ocrx_word' id='word_1_58' title='bbox 415 1276 971 1359; x_wconf 75' lang='lat' dir='ltr'>commendarem,</span> <span class='ocrx_word' id='word_1_59' title='bbox 1026 1281 1370 1365; x_wconf 90' lang='lat' dir='ltr'>quisquam</span> <span class='ocrx_word' id='word_1_60' title='bbox 1426 1279 1552 1348; x_wconf 87' lang='lat' dir='ltr'>hoc</span> <span class='ocrx_word' id='word_1_61' title='bbox 1606 1287 1742 1346; x_wconf 89' lang='lat' dir='ltr'>tam</span> <span class='ocrx_word' id='word_1_62' title='bbox 1784 1280 1970 1365; x_wconf 92' lang='lat' dir='ltr'>pium</span> <span class='ocrx_word' id='word_1_63' title='bbox 2012 1281 2156 1346; x_wconf 87' lang='lat' dir='ltr'>offi-</span> 
     </span>
     <span class='ocr_line' id='line_1_11' title="bbox 239 1362 2155 1451; baseline -0.002 -16"><span class='ocrx_word' id='word_1_64' title='bbox 239 1378 382 1445; x_wconf 64' lang='lat' dir='ltr'>cium</span> <span class='ocrx_word' id='word_1_65' title='bbox 445 1365 838 1435; x_wconf 87' lang='lat' dir='ltr'>temeritatis</span> <span class='ocrx_word' id='word_1_66' title='bbox 899 1375 1223 1451; x_wconf 87' lang='lat' dir='ltr'>argueret.</span> <span class='ocrx_word' id='word_1_67' title='bbox 1323 1368 1426 1433; x_wconf 82' lang='lat' dir='ltr'>Ac</span> <span class='ocrx_word' id='word_1_68' title='bbox 1483 1362 1752 1433; x_wconf 88' lang='lat' dir='ltr'>tandem</span> <span class='ocrx_word' id='word_1_69' title='bbox 1817 1386 1983 1451; x_wconf 90' lang='lat' dir='ltr'>quae</span> <span class='ocrx_word' id='word_1_70' title='bbox 2049 1387 2155 1432; x_wconf 91' lang='lat' dir='ltr'>me</span> 
     </span>
     <span class='ocr_line' id='line_1_12' title="bbox 233 1451 2155 1547; baseline -0.003 -22"><span class='ocrx_word' id='word_1_71' title='bbox 233 1459 465 1547; x_wconf 81' lang='lat' dir='ltr'>impulit</span> <span class='ocrx_word' id='word_1_72' title='bbox 505 1451 878 1530; x_wconf 86' lang='lat' dir='ltr'>necessitas,</span> <span class='ocrx_word' id='word_1_73' title='bbox 923 1460 992 1518; x_wconf 89' lang='lat' dir='ltr'>te</span> <span class='ocrx_word' id='word_1_74' title='bbox 1029 1473 1285 1537; x_wconf 90' lang='lat' dir='ltr'>quoque</span> <span class='ocrx_word' id='word_1_75' title='bbox 1317 1452 1619 1518; x_wconf 75' lang='lat' dir='ltr'><strong>hortatur</strong></span> <span class='ocrx_word' id='word_1_76' title='bbox 1664 1461 1738 1518; x_wconf 97' lang='grc' dir='ltr'>ιιι</span> <span class='ocrx_word' id='word_1_77' title='bbox 1772 1457 1886 1519; x_wconf 86' lang='lat' dir='ltr'>tua</span> <span class='ocrx_word' id='word_1_78' title='bbox 1920 1452 2155 1519; x_wconf 87' lang='lat' dir='ltr'>suffra-</span> 
     </span>
     <span class='ocr_line' id='line_1_13' title="bbox 233 1535 2157 1633; baseline -0.005 -20"><span class='ocrx_word' id='word_1_79' title='bbox 233 1549 465 1633; x_wconf 83' lang='lat' dir='ltr'>gatione</span> <span class='ocrx_word' id='word_1_80' title='bbox 480 1592 495 1618; x_wconf 89' lang='lat'>‚</span> <span class='ocrx_word' id='word_1_81' title='bbox 551 1535 763 1624; x_wconf 89' lang='lat' dir='ltr'>quoad</span> <span class='ocrx_word' id='word_1_82' title='bbox 803 1535 1045 1618; x_wconf 85' lang='lat' dir='ltr'>licebit,</span> <span class='ocrx_word' id='word_1_83' title='bbox 1089 1558 1316 1622; x_wconf 88' lang='lat' dir='ltr'>preces</span> <span class='ocrx_word' id='word_1_84' title='bbox 1359 1558 1541 1603; x_wconf 89' lang='lat' dir='ltr'>meas</span> <span class='ocrx_word' id='word_1_85' title='bbox 1583 1537 1870 1605; x_wconf 84' lang='lat' dir='ltr'>adiuves.</span> <span class='ocrx_word' id='word_1_86' title='bbox 1960 1535 2157 1621; x_wconf 82' lang='lat' dir='ltr'>Quod</span> 
     </span>
     <span class='ocr_line' id='line_1_14' title="bbox 232 1623 2157 1709; baseline -0.004 -12"><span class='ocrx_word' id='word_1_87' title='bbox 232 1643 422 1700; x_wconf 81' lang='lat' dir='ltr'>tamen</span> <span class='ocrx_word' id='word_1_88' title='bbox 467 1636 584 1693; x_wconf 90' lang='lat' dir='ltr'>tua</span> <span class='ocrx_word' id='word_1_89' title='bbox 622 1632 858 1709; x_wconf 89' lang='lat' dir='ltr'>sponte</span> <span class='ocrx_word' id='word_1_90' title='bbox 913 1623 1193 1691; x_wconf 81' lang='lat' dir='ltr'>libenter</span> <span class='ocrx_word' id='word_1_91' title='bbox 1247 1635 1313 1690; x_wconf 89' lang='lat' dir='ltr'>te</span> <span class='ocrx_word' id='word_1_92' title='bbox 1367 1624 1692 1690; x_wconf 81' lang='lat' dir='ltr'>facturum</span> <span class='ocrx_word' id='word_1_93' title='bbox 1736 1623 2022 1704; x_wconf 86' lang='lat' dir='ltr'>confide,</span> <span class='ocrx_word' id='word_1_94' title='bbox 2080 1631 2157 1690; x_wconf 91' lang='lat' dir='ltr'>ut</span> 
     </span>
     <span class='ocr_line' id='line_1_15' title="bbox 233 1709 2154 1795; baseline -0.005 -9"><span class='ocrx_word' id='word_1_95' title='bbox 233 1740 357 1786; x_wconf 85' lang='lat' dir='ltr'>mea</span> <span class='ocrx_word' id='word_1_96' title='bbox 395 1718 596 1784; x_wconf 86' lang='lat' dir='ltr'>etiam</span> <span class='ocrx_word' id='word_1_97' title='bbox 642 1730 837 1778; x_wconf 81' lang='lat' dir='ltr'>causa</span> <span class='ocrx_word' id='word_1_98' title='bbox 879 1709 1205 1795; x_wconf 81' lang='lat' dir='ltr'>prolixius</span> <span class='ocrx_word' id='word_1_99' title='bbox 1239 1711 1440 1777; x_wconf 86' lang='lat' dir='ltr'>facias</span> <span class='ocrx_word' id='word_1_100' title='bbox 1484 1709 1684 1776; x_wconf 90' lang='lat' dir='ltr'>etiam</span> <span class='ocrx_word' id='word_1_101' title='bbox 1727 1719 1921 1795; x_wconf 86' lang='lat' dir='ltr'>atque</span> <span class='ocrx_word' id='word_1_102' title='bbox 1956 1711 2154 1778; x_wconf 90' lang='lat' dir='ltr'>etiam</span> 
     </span>
    </p>

    <p class='ocr_par' dir='ltr' id='par_1_4' title="bbox 232 1796 2153 1957">
     <span class='ocr_line' id='line_1_16' title="bbox 421 1796 2153 1875; baseline -0.005 -6"><span class='ocrx_word' id='word_1_103' title='bbox 421 1810 488 1869; x_wconf 87' lang='lat' dir='ltr'>et</span> <span class='ocrx_word' id='word_1_104' title='bbox 543 1796 852 1864; x_wconf 89' lang='lat' dir='ltr'>obtestor.</span> <span class='ocrx_word' id='word_1_105' title='bbox 939 1796 1129 1875; x_wconf 82' lang='lat' dir='ltr'>Vale,</span> <span class='ocrx_word' id='word_1_106' title='bbox 1189 1797 1547 1864; x_wconf 75' lang='lat' dir='ltr'>clarissime</span> <span class='ocrx_word' id='word_1_107' title='bbox 1587 1796 1742 1875; x_wconf 83' lang='lat' dir='ltr'>Vir,</span> <span class='ocrx_word' id='word_1_108' title='bbox 1801 1804 1870 1863; x_wconf 90' lang='lat' dir='ltr'>et</span> <span class='ocrx_word' id='word_1_109' title='bbox 1925 1796 2153 1862; x_wconf 90' lang='lat' dir='ltr'>multis</span> 
     </span>
     <span class='ocr_line' id='line_1_17' title="bbox 232 1880 1332 1957; baseline -0.008 0"><span class='ocrx_word' id='word_1_110' title='bbox 232 1890 580 1957; x_wconf 85' lang='lat' dir='ltr'>nominibus</span> <span class='ocrx_word' id='word_1_111' title='bbox 622 1881 785 1949; x_wconf 90' lang='lat' dir='ltr'>mihi</span> <span class='ocrx_word' id='word_1_112' title='bbox 830 1880 1254 1948; x_wconf 82' lang='lat' dir='ltr'>observande.</span> <span class='ocrx_word' id='word_1_113' title='bbox 1275 1887 1332 1956; x_wconf 83' lang='lat'>⁸)</span> 
     </span>
    </p>
   </div>
   <div class='ocr_carea' id='block_1_4' title="bbox 973 2180 1380 2189">
    <p class='ocr_par' dir='ltr' id='par_1_5' title="bbox 973 2180 1380 2189">
     <span class='ocr_line' id='line_1_18' title="bbox 973 2180 1380 2189; baseline -0.005 0"><span class='ocrx_word' id='word_1_114' title='bbox 973 2180 1380 2189; x_wconf 55' lang='grc' dir='ltr'>μ-</span> 
     </span>
    </p>
   </div>
   <div class='ocr_carea' id='block_1_5' title="bbox 678 2396 1658 2621">
    <p class='ocr_par' dir='ltr' id='par_1_6' title="bbox 678 2396 1658 2621">
     <span class='ocr_line' id='line_1_19' title="bbox 1088 2396 1280 2468; baseline 0.016 -3"><span class='ocrx_word' id='word_1_115' title='bbox 1088 2396 1171 2467; x_wconf 79' lang='grc' dir='ltr'>ῙἿ</span> <span class='ocrx_word' id='word_1_116' title='bbox 1181 2398 1202 2462; x_wconf 89' lang='grc' dir='ltr'>Ι</span> <span class='ocrx_word' id='word_1_117' title='bbox 1214 2398 1280 2468; x_wconf 78' lang='grc'>2.</span> 
     </span>
     <span class='ocr_line' id='line_1_20' title="bbox 678 2550 1658 2621; baseline -0.002 -1"><span class='ocrx_word' id='word_1_118' title='bbox 678 2551 1180 2621; x_wconf 79' lang='lat' dir='ltr'><strong>HUBER&#39;I&#39;US</strong></span> <span class='ocrx_word' id='word_1_119' title='bbox 1228 2550 1658 2621; x_wconf 79' lang='lat' dir='ltr'><strong>GALVINO.</strong></span> 
     </span>
    </p>
   </div>
   <div class='ocr_carea' id='block_1_6' title="bbox 219 2722 2159 2980">
    <p class='ocr_par' dir='ltr' id='par_1_7' title="bbox 219 2722 2159 2980">
     <span class='ocr_line' id='line_1_21' title="bbox 372 2722 2159 2807; baseline -0.002 -13"><span class='ocrx_word' id='word_1_120' title='bbox 372 2725 720 2794; x_wconf 74' lang='lat' dir='ltr'>Desiderat</span> <span class='ocrx_word' id='word_1_121' title='bbox 761 2724 966 2791; x_wconf 74' lang='lat' dir='ltr'>adhuc</span> <span class='ocrx_word' id='word_1_122' title='bbox 1019 2724 1456 2791; x_wconf 76' lang='lat' dir='ltr'>munusculum</span> <span class='ocrx_word' id='word_1_123' title='bbox 1517 2723 1771 2807; x_wconf 73' lang='lat' dir='ltr'>aliquod</span> <span class='ocrx_word' id='word_1_124' title='bbox 1815 2746 1857 2790; x_wconf 87' lang='lat' dir='ltr'>a</span> <span class='ocrx_word' id='word_1_125' title='bbox 1903 2722 2159 2792; x_wconf 63' lang='lat' dir='ltr'>Falerio</span> 
     </span>
     <span class='ocr_line' id='line_1_22' title="bbox 219 2809 2156 2897; baseline -0.002 -18"><span class='ocrx_word' id='word_1_126' title='bbox 219 2810 1031 2897; x_wconf 72' lang='lat' dir='ltr'>promsimaeApoloyiae</span> <span class='ocrx_word' id='word_1_127' title='bbox 1083 2809 1234 2877; x_wconf 79' lang='lat' dir='ltr'>olim</span> <span class='ocrx_word' id='word_1_128' title='bbox 1287 2832 1330 2877; x_wconf 83' lang='grc' dir='ltr'><strong><em>α</em></strong></span> <span class='ocrx_word' id='word_1_129' title='bbox 1385 2810 1853 2893; x_wconf 68' lang='lat' dir='ltr'>secan-scripta</span> <span class='ocrx_word' id='word_1_130' title='bbox 1950 2809 2156 2877; x_wconf 76' lang='lat' dir='ltr'>Calvi-</span> 
     </span>
     <span class='ocr_line' id='line_1_23' title="bbox 224 2897 2049 2980; baseline -0.001 -18"><span class='ocrx_word' id='word_1_131' title='bbox 224 2919 354 2963; x_wconf 70' lang='lat' dir='ltr'>num</span> <span class='ocrx_word' id='word_1_132' title='bbox 395 2899 619 2966; x_wconf 74' lang='lat' dir='ltr'>laudat</span> <span class='ocrx_word' id='word_1_133' title='bbox 660 2898 732 2964; x_wconf 84' lang='lat' dir='ltr'>ob</span> <span class='ocrx_word' id='word_1_134' title='bbox 774 2917 923 2963; x_wconf 79' lang='lat' dir='ltr'>suos</span> <span class='ocrx_word' id='word_1_135' title='bbox 963 2897 1202 2963; x_wconf 65' lang='lat' dir='ltr'>labores</span> <span class='ocrx_word' id='word_1_136' title='bbox 1240 2898 1312 2962; x_wconf 72' lang='lat' dir='ltr'>in</span> <span class='ocrx_word' id='word_1_137' title='bbox 1353 2897 1734 2980; x_wconf 73' lang='lat' dir='ltr'>scripturam</span> <span class='ocrx_word' id='word_1_138' title='bbox 1776 2915 2049 2963; x_wconf 79' lang='lat' dir='ltr'>sacram.</span> 
     </span>
    </p>
   </div>
   <div class='ocr_carea' id='block_1_7' title="bbox 222 3065 2157 3341">
    <p class='ocr_par' dir='ltr' id='par_1_8' title="bbox 222 3065 2157 3341">
     <span class='ocr_line' id='line_1_24' title="bbox 225 3065 2155 3142; baseline -0.001 -18"><span class='ocrx_word' id='word_1_139' title='bbox 225 3070 318 3132; x_wconf 77' lang='lat' dir='ltr'>(Ex</span> <span class='ocrx_word' id='word_1_140' title='bbox 351 3069 691 3142; x_wconf 81' lang='lat' dir='ltr'>autographo</span> <span class='ocrx_word' id='word_1_141' title='bbox 729 3068 862 3124; x_wconf 88' lang='lat' dir='ltr'>Ood.</span> <span class='ocrx_word' id='word_1_142' title='bbox 900 3067 1033 3124; x_wconf 83' lang='lat' dir='ltr'>Gen.</span> <span class='ocrx_word' id='word_1_143' title='bbox 1072 3065 1202 3135; x_wconf 78' lang='lat'>112,</span> <span class='ocrx_word' id='word_1_144' title='bbox 1247 3067 1342 3122; x_wconf 80' lang='lat' dir='ltr'>fol.</span> <span class='ocrx_word' id='word_1_145' title='bbox 1381 3065 1506 3132; x_wconf 80' lang='lat'>106,</span> <span class='ocrx_word' id='word_1_146' title='bbox 1555 3069 1678 3121; x_wconf 87' lang='lat' dir='ltr'>coll.</span> <span class='ocrx_word' id='word_1_147' title='bbox 1716 3083 1837 3122; x_wconf 88' lang='lat' dir='ltr'>cum</span> <span class='ocrx_word' id='word_1_148' title='bbox 1872 3067 2155 3123; x_wconf 73' lang='lat' dir='ltr'>nutesche-</span> 
     </span>
     <span class='ocr_line' id='line_1_25' title="bbox 224 3135 2157 3196; baseline -0.001 -4"><span class='ocrx_word' id='word_1_149' title='bbox 224 3139 468 3196; x_wconf 69' lang='lat' dir='ltr'>diumate</span> <span class='ocrx_word' id='word_1_150' title='bbox 504 3139 696 3194; x_wconf 85' lang='lat' dir='ltr'>multis</span> <span class='ocrx_word' id='word_1_151' title='bbox 732 3139 913 3193; x_wconf 84' lang='lat' dir='ltr'>lituris</span> <span class='ocrx_word' id='word_1_152' title='bbox 947 3137 1167 3192; x_wconf 74' lang='lat' dir='ltr'>foedato</span> <span class='ocrx_word' id='word_1_153' title='bbox 1199 3136 1258 3190; x_wconf 91' lang='lat' dir='ltr'>in</span> <span class='ocrx_word' id='word_1_154' title='bbox 1295 3135 1427 3191; x_wconf 88' lang='lat' dir='ltr'>Ood.</span> <span class='ocrx_word' id='word_1_155' title='bbox 1464 3135 1697 3191; x_wconf 85' lang='lat' dir='ltr'>Huberti</span> <span class='ocrx_word' id='word_1_156' title='bbox 1731 3138 1789 3191; x_wconf 90' lang='lat' dir='ltr'>in</span> <span class='ocrx_word' id='word_1_157' title='bbox 1828 3136 2157 3191; x_wconf 78' lang='lat' dir='ltr'>Arch.&#39;l&#39;ho·</span> 
     </span>
     <span class='ocr_line' id='line_1_26' title="bbox 222 3206 2156 3341; baseline 0.001 -81"><span class='ocrx_word' id='word_1_158' title='bbox 222 3209 372 3262; x_wconf 73' lang='lat' dir='ltr'>manis</span> <span class='ocrx_word' id='word_1_159' title='bbox 406 3214 717 3274; x_wconf 73' lang='lat' dir='ltr'>aseer-nto,</span> <span class='ocrx_word' id='word_1_160' title='bbox 768 3208 920 3262; x_wconf 81' lang='lat' dir='ltr'>cuius</span> <span class='ocrx_word' id='word_1_161' title='bbox 955 3221 1291 3341; x_wconf 49' lang='lat' dir='ltr'>mmm</span> <span class='ocrx_word' id='word_1_162' title='bbox 1315 3206 1590 3260; x_wconf 77' lang='lat' dir='ltr'>variantes</span> <span class='ocrx_word' id='word_1_163' title='bbox 1624 3206 1682 3260; x_wconf 89' lang='lat' dir='ltr'>in</span> <span class='ocrx_word' id='word_1_164' title='bbox 1717 3206 1956 3277; x_wconf 80' lang='lat' dir='ltr'>margine</span> <span class='ocrx_word' id='word_1_165' title='bbox 1991 3206 2156 3261; x_wconf 84' lang='lat' dir='ltr'>aduo-</span> 
     </span>
    </p>
   </div>
   <div class='ocr_carea' id='block_1_8' title="bbox 221 3445 2154 3771">
    <p class='ocr_par' dir='ltr' id='par_1_9' title="bbox 221 3445 2154 3771">
     <span class='ocr_line' id='line_1_27' title="bbox 369 3445 2154 3533; baseline -0.001 -18"><span class='ocrx_word' id='word_1_166' title='bbox 369 3448 771 3516; x_wconf 88' lang='lat' dir='ltr'>Doctissimo</span> <span class='ocrx_word' id='word_1_167' title='bbox 826 3455 1020 3533; x_wconf 86' lang='lat' dir='ltr'>atque</span> <span class='ocrx_word' id='word_1_168' title='bbox 1085 3445 1467 3512; x_wconf 88' lang='lat' dir='ltr'>fidelissimo</span> <span class='ocrx_word' id='word_1_169' title='bbox 1531 3448 1778 3530; x_wconf 89' lang='lat' dir='ltr'>pastori</span> <span class='ocrx_word' id='word_1_170' title='bbox 1846 3447 2154 3515; x_wconf 86' lang='lat' dir='ltr'>ecclesiae</span> 
     </span>
     <span class='ocr_line' id='line_1_28' title="bbox 223 3531 2153 3618; baseline -0.002 -16"><span class='ocrx_word' id='word_1_171' title='bbox 223 3532 452 3602; x_wconf 80' lang='lat' dir='ltr'>Christi</span> <span class='ocrx_word' id='word_1_172' title='bbox 496 3533 588 3600; x_wconf 91' lang='lat' dir='ltr'>D.</span> <span class='ocrx_word' id='word_1_173' title='bbox 635 3532 918 3601; x_wconf 87' lang='lat' dir='ltr'>Iohanni</span> <span class='ocrx_word' id='word_1_174' title='bbox 976 3531 1258 3600; x_wconf 80' lang='lat' dir='ltr'>Oalvino</span> <span class='ocrx_word' id='word_1_175' title='bbox 1312 3533 1721 3617; x_wconf 75' lang='lat' dir='ltr'>praeceptori</span> <span class='ocrx_word' id='word_1_176' title='bbox 1782 3552 1900 3600; x_wconf 89' lang='lat' dir='ltr'>sno</span> <span class='ocrx_word' id='word_1_177' title='bbox 1956 3534 2153 3618; x_wconf 86' lang='lat' dir='ltr'>longe</span> 
     </span>
     <span class='ocr_line' id='line_1_29' title="bbox 221 3618 1977 3771; baseline -0.002 2"><span class='ocrx_word' id='word_1_178' title='bbox 221 3618 795 3687; x_wconf 54' lang='lat' dir='ltr'>Observmffiaeimo</span> <span class='ocrx_word' id='word_1_179' title='bbox 1645 3702 1977 3771; x_wconf 83' lang='lat' dir='ltr'>Genevae.</span> 
     </span>
    </p>
   </div>
   <div class='ocr_carea' id='block_1_9' title="bbox 219 3840 2151 4185">
    <p class='ocr_par' dir='ltr' id='par_1_10' title="bbox 219 3840 2151 4185">
     <span class='ocr_line' id='line_1_30' title="bbox 369 3840 2151 3941; baseline -0.004 -28"><span class='ocrx_word' id='word_1_180' title='bbox 369 3843 441 3913; x_wconf 78' lang='lat' dir='ltr'>S.</span> <span class='ocrx_word' id='word_1_181' title='bbox 489 3843 578 3909; x_wconf 87' lang='lat' dir='ltr'>D.</span> <span class='ocrx_word' id='word_1_182' title='bbox 627 3841 694 3909; x_wconf 88' lang='lat' dir='ltr'>P.</span> <span class='ocrx_word' id='word_1_183' title='bbox 761 3841 910 3909; x_wconf 86' lang='lat' dir='ltr'>Etsi</span> <span class='ocrx_word' id='word_1_184' title='bbox 955 3845 1085 3908; x_wconf 90' lang='lat' dir='ltr'>iam</span> <span class='ocrx_word' id='word_1_185' title='bbox 1125 3841 1385 3941; x_wconf 83' lang='lat' dir='ltr'>pridem</span> <span class='ocrx_word' id='word_1_186' title='bbox 1428 3840 1604 3927; x_wconf 90' lang='lat' dir='ltr'>apud</span> <span class='ocrx_word' id='word_1_187' title='bbox 1640 3862 1746 3907; x_wconf 93' lang='lat' dir='ltr'>me</span> <span class='ocrx_word' id='word_1_188' title='bbox 1782 3842 2151 3921; x_wconf 78' lang='lat' dir='ltr'>statuerim,</span> 
     </span>
     <span class='ocr_line' id='line_1_31' title="bbox 219 3926 2151 4015; baseline -0.001 -19"><span class='ocrx_word' id='word_1_189' title='bbox 219 3939 586 4015; x_wconf 85' lang='lat' dir='ltr'>praeceptor</span> <span class='ocrx_word' id='word_1_190' title='bbox 656 3927 1282 4007; x_wconf 76' lang='lat' dir='ltr'>observandissime,</span> <span class='ocrx_word' id='word_1_191' title='bbox 1357 3927 1532 4011; x_wconf 92' lang='lat' dir='ltr'>quod</span> <span class='ocrx_word' id='word_1_192' title='bbox 1605 3926 1789 3992; x_wconf 90' lang='lat' dir='ltr'>nullo</span> <span class='ocrx_word' id='word_1_193' title='bbox 1859 3947 2151 4011; x_wconf 89' lang='lat' dir='ltr'>unquam</span> 
     </span>
     <span class='ocr_line' id='line_1_32' title="bbox 220 4011 2150 4099; baseline -0.001 -19"><span class='ocrx_word' id='word_1_194' title='bbox 220 4016 502 4098; x_wconf 78' lang='lat' dir='ltr'>verbulo,</span> <span class='ocrx_word' id='word_1_195' title='bbox 546 4015 932 4099; x_wconf 89' lang='lat' dir='ltr'>praesertim</span> <span class='ocrx_word' id='word_1_196' title='bbox 974 4013 1150 4098; x_wconf 90' lang='lat' dir='ltr'>apud</span> <span class='ocrx_word' id='word_1_197' title='bbox 1193 4022 1260 4079; x_wconf 92' lang='lat' dir='ltr'>te</span> <span class='ocrx_word' id='word_1_198' title='bbox 1276 4065 1291 4093; x_wconf 94' lang='lat'>,</span> <span class='ocrx_word' id='word_1_199' title='bbox 1348 4013 1725 4080; x_wconf 85' lang='lat' dir='ltr'>meminisse</span> <span class='ocrx_word' id='word_1_200' title='bbox 1769 4011 2007 4079; x_wconf 83' lang='lat' dir='ltr'>vellem</span> <span class='ocrx_word' id='word_1_201' title='bbox 2045 4033 2150 4078; x_wconf 88' lang='lat' dir='ltr'>re-</span> 
     </span>
     <span class='ocr_line' id='line_1_33' title="bbox 219 4098 2151 4185; baseline -0.002 -17"><span class='ocrx_word' id='word_1_202' title='bbox 219 4103 680 4170; x_wconf 88' lang='lat' dir='ltr'>munerationis</span> <span class='ocrx_word' id='word_1_203' title='bbox 736 4100 844 4167; x_wconf 83' lang='lat' dir='ltr'>vel</span> <span class='ocrx_word' id='word_1_204' title='bbox 918 4098 1389 4185; x_wconf 89' lang='lat' dir='ltr'>qualiscunque</span> <span class='ocrx_word' id='word_1_205' title='bbox 1448 4108 1714 4183; x_wconf 90' lang='lat' dir='ltr'>propter</span> <span class='ocrx_word' id='word_1_206' title='bbox 1779 4100 2151 4167; x_wconf 83' lang='lat' dir='ltr'>versionem</span> 
     </span>
    </p>
   </div>
   <div class='ocr_carea' id='block_1_10' title="bbox 91 4184 2150 4274">
    <p class='ocr_par' dir='ltr' id='par_1_11' title="bbox 91 4184 2150 4274">
     <span class='ocr_line' id='line_1_34' title="bbox 91 4184 2150 4274; baseline -0.002 -19"><span class='ocrx_word' id='word_1_207' title='bbox 91 4187 92 4256; x_wconf 58' lang='lat'>³</span> <span class='ocrx_word' id='word_1_208' title='bbox 219 4188 560 4274; x_wconf 84' lang='lat' dir='ltr'>Apologiae</span> <span class='ocrx_word' id='word_1_209' title='bbox 616 4186 917 4272; x_wconf 88' lang='lat' dir='ltr'>generosi</span> <span class='ocrx_word' id='word_1_210' title='bbox 974 4184 1059 4252; x_wconf 90' lang='lat' dir='ltr'>D.</span> <span class='ocrx_word' id='word_1_211' title='bbox 1106 4185 1237 4253; x_wconf 90' lang='lat' dir='ltr'>Iac.</span> <span class='ocrx_word' id='word_1_212' title='bbox 1315 4184 1584 4264; x_wconf 66' lang='lat' dir='ltr'>Vale-sii,</span> <span class='ocrx_word' id='word_1_213' title='bbox 1612 4191 1661 4267; x_wconf 89' lang='lat'>¹)</span> <span class='ocrx_word' id='word_1_214' title='bbox 1730 4194 1885 4251; x_wconf 88' lang='lat' dir='ltr'>ante</span> <span class='ocrx_word' id='word_1_215' title='bbox 1944 4205 2150 4251; x_wconf 86' lang='lat' dir='ltr'>annos</span> 
     </span>
    </p>
   </div>
   <div class='ocr_carea' id='block_1_11' title="bbox 123 4270 2153 4771">
    <p class='ocr_par' dir='ltr' id='par_1_12' title="bbox 123 4270 2153 4771">
     <span class='ocr_line' id='line_1_35' title="bbox 123 4270 2149 4359; baseline -0.002 -19"><span class='ocrx_word' id='word_1_216' title='bbox 123 4295 128 4304; x_wconf 94' lang='lat'>·</span> <span class='ocrx_word' id='word_1_217' title='bbox 219 4273 468 4359; x_wconf 76' lang='lat' dir='ltr'>aliquot,</span> <span class='ocrx_word' id='word_1_218' title='bbox 516 4282 591 4340; x_wconf 90' lang='lat' dir='ltr'>ut</span> <span class='ocrx_word' id='word_1_219' title='bbox 620 4273 765 4354; x_wconf 89' lang='lat' dir='ltr'>scis,</span> <span class='ocrx_word' id='word_1_220' title='bbox 810 4271 894 4339; x_wconf 89' lang='lat' dir='ltr'>ad</span> <span class='ocrx_word' id='word_1_221' title='bbox 928 4293 1048 4339; x_wconf 83' lang='lat' dir='ltr'>vos</span> <span class='ocrx_word' id='word_1_222' title='bbox 1092 4271 1551 4339; x_wconf 80' lang='lat' dir='ltr'>transmissae:</span> <span class='ocrx_word' id='word_1_223' title='bbox 1597 4280 1823 4339; x_wconf 87' lang='lat' dir='ltr'>tamen</span> <span class='ocrx_word' id='word_1_224' title='bbox 1865 4270 2001 4338; x_wconf 92' lang='lat' dir='ltr'>iam</span> <span class='ocrx_word' id='word_1_225' title='bbox 2043 4291 2149 4336; x_wconf 93' lang='lat' dir='ltr'>me</span> 
     </span>
     <span class='ocr_line' id='line_1_36' title="bbox 219 4356 2149 4446; baseline -0.002 -22"><span class='ocrx_word' id='word_1_226' title='bbox 219 4360 339 4426; x_wconf 87' lang='lat' dir='ltr'>sive</span> <span class='ocrx_word' id='word_1_227' title='bbox 379 4359 771 4446; x_wconf 82' lang='lat' dir='ltr'>improbitas</span> <span class='ocrx_word' id='word_1_228' title='bbox 790 4360 847 4437; x_wconf 76' lang='lat'>²)</span> <span class='ocrx_word' id='word_1_229' title='bbox 891 4357 1365 4437; x_wconf 88' lang='lat' dir='ltr'>ministrorum,</span> <span class='ocrx_word' id='word_1_230' title='bbox 1410 4359 1552 4424; x_wconf 87' lang='lat' dir='ltr'>sive</span> <span class='ocrx_word' id='word_1_231' title='bbox 1594 4359 1990 4425; x_wconf 85' lang='lat' dir='ltr'>suscitatum</span> <span class='ocrx_word' id='word_1_232' title='bbox 2050 4356 2149 4422; x_wconf 92' lang='lat' dir='ltr'>in-</span> 
     </span>
     <span class='ocr_line' id='line_1_37' title="bbox 217 4441 2153 4531; baseline -0.002 -20"><span class='ocrx_word' id='word_1_233' title='bbox 217 4453 381 4513; x_wconf 82' lang='lat' dir='ltr'>terea</span> <span class='ocrx_word' id='word_1_234' title='bbox 437 4444 730 4513; x_wconf 89' lang='lat' dir='ltr'>taedium</span> <span class='ocrx_word' id='word_1_235' title='bbox 746 4496 760 4522; x_wconf 95' lang='lat'>,</span> <span class='ocrx_word' id='word_1_236' title='bbox 837 4445 980 4512; x_wconf 83' lang='lat' dir='ltr'>sive</span> <span class='ocrx_word' id='word_1_237' title='bbox 1046 4443 1411 4531; x_wconf 79' lang='lat' dir='ltr'>indignitas</span> <span class='ocrx_word' id='word_1_238' title='bbox 1470 4443 1568 4510; x_wconf 91' lang='lat' dir='ltr'>rei</span> <span class='ocrx_word' id='word_1_239' title='bbox 1623 4441 1962 4528; x_wconf 84' lang='lat' dir='ltr'>impellere</span> <span class='ocrx_word' id='word_1_240' title='bbox 2013 4463 2153 4510; x_wconf 90' lang='lat' dir='ltr'>non</span> 
     </span>
     <span class='ocr_line' id='line_1_38' title="bbox 216 4525 2148 4615; baseline -0.002 -17"><span class='ocrx_word' id='word_1_241' title='bbox 216 4540 424 4612; x_wconf 89' lang='lat' dir='ltr'>cessat,</span> <span class='ocrx_word' id='word_1_242' title='bbox 469 4542 548 4598; x_wconf 91' lang='lat' dir='ltr'>nt</span> <span class='ocrx_word' id='word_1_243' title='bbox 580 4528 753 4615; x_wconf 90' lang='lat' dir='ltr'>quod</span> <span class='ocrx_word' id='word_1_244' title='bbox 788 4528 1024 4599; x_wconf 90' lang='lat' dir='ltr'>accidit</span> <span class='ocrx_word' id='word_1_245' title='bbox 1057 4532 1346 4615; x_wconf 82' lang='lat' dir='ltr'>apertius</span> <span class='ocrx_word' id='word_1_246' title='bbox 1381 4530 1501 4596; x_wconf 90' lang='lat' dir='ltr'>tibi</span> <span class='ocrx_word' id='word_1_247' title='bbox 1536 4529 1819 4597; x_wconf 89' lang='lat' dir='ltr'>scribere</span> <span class='ocrx_word' id='word_1_248' title='bbox 1854 4525 2148 4595; x_wconf 74' lang='lat' dir='ltr'>audem.</span> 
     </span>
     <span class='ocr_line' id='line_1_39' title="bbox 217 4614 2150 4704; baseline -0.001 -21"><span class='ocrx_word' id='word_1_249' title='bbox 217 4616 302 4683; x_wconf 83' lang='lat' dir='ltr'>&#39;Pu</span> <span class='ocrx_word' id='word_1_250' title='bbox 356 4638 631 4704; x_wconf 83' lang='lat' dir='ltr'>quaeso,</span> <span class='ocrx_word' id='word_1_251' title='bbox 688 4637 821 4701; x_wconf 88' lang='lat' dir='ltr'>qua</span> <span class='ocrx_word' id='word_1_252' title='bbox 873 4618 944 4681; x_wconf 90' lang='lat' dir='ltr'>in</span> <span class='ocrx_word' id='word_1_253' title='bbox 994 4637 1100 4683; x_wconf 93' lang='lat' dir='ltr'>me</span> <span class='ocrx_word' id='word_1_254' title='bbox 1144 4638 1217 4683; x_wconf 89' lang='lat' dir='ltr'>es</span> <span class='ocrx_word' id='word_1_255' title='bbox 1259 4614 1748 4695; x_wconf 83' lang='lat' dir='ltr'>benevolentia,</span> <span class='ocrx_word' id='word_1_256' title='bbox 1806 4614 2150 4682; x_wconf 88' lang='lat' dir='ltr'>audaciam</span> 
     </span>
     <span class='ocr_line' id='line_1_40' title="bbox 217 4699 2147 4771; baseline 0.001 -3"><span class='ocrx_word' id='word_1_257' title='bbox 217 4704 337 4770; x_wconf 86' lang='lat' dir='ltr'>sive</span> <span class='ocrx_word' id='word_1_258' title='bbox 378 4703 597 4771; x_wconf 83' lang='lat' dir='ltr'>mavis</span> <span class='ocrx_word' id='word_1_259' title='bbox 640 4702 1078 4770; x_wconf 89' lang='lat' dir='ltr'>temeritatem</span> <span class='ocrx_word' id='word_1_260' title='bbox 1103 4702 1274 4770; x_wconf 88' lang='lat' dir='ltr'>hanc</span> <span class='ocrx_word' id='word_1_261' title='bbox 1309 4709 1604 4768; x_wconf 85' lang='lat' dir='ltr'>nostram</span> <span class='ocrx_word' id='word_1_262' title='bbox 1634 4701 1788 4767; x_wconf 89' lang='lat' dir='ltr'>boni</span> <span class='ocrx_word' id='word_1_263' title='bbox 1825 4699 2147 4769; x_wconf 85' lang='lat' dir='ltr'>consulas.</span> 
     </span>
    </p>
   </div>
   <div class='ocr_carea' id='block_1_12' title="bbox 217 4859 610 4874">
    <p class='ocr_par' dir='ltr' id='par_1_13' title="bbox 217 4859 610 4874">
     <span class='ocr_line' id='line_1_41' title="bbox 217 4859 610 4874; baseline 0 1293"><span class='ocrx_word' id='word_1_264' title='bbox 217 4859 610 4874; x_wconf 95' lang='lat' dir='ltr'> </span> 
     </span>
    </p>
   </div>
   <div class='ocr_carea' id='block_1_13' title="bbox 400 4939 2151 5013">
    <p class='ocr_par' dir='ltr' id='par_1_14' title="bbox 400 4939 2151 5013">
     <span class='ocr_line' id='line_1_42' title="bbox 400 4939 2151 5013; baseline -0.003 -12"><span class='ocrx_word' id='word_1_265' title='bbox 400 4943 1142 5013; x_wconf 62' lang='lat' dir='ltr'>mnodo-odioscripta,</span> <span class='ocrx_word' id='word_1_266' title='bbox 1208 4939 2151 5012; x_wconf 49' lang='lat' dir='ltr'>adaequandos-:chartam</span> 
     </span>
    </p>
   </div>
   <div class='ocr_carea' id='block_1_14' title="bbox 208 5016 2150 5496">
    <p class='ocr_par' dir='ltr' id='par_1_15' title="bbox 208 5016 2150 5496">
     <span class='ocr_line' id='line_1_43' title="bbox 208 5016 2150 5151; baseline -0.003 -14"><span class='ocrx_word' id='word_1_267' title='bbox 208 5016 735 5151; x_wconf 52' lang='lat' dir='ltr'>mm</span> <span class='ocrx_word' id='word_1_268' title='bbox 780 5078 1569 5137; x_wconf 55' lang='lat' dir='ltr'>annover-acassam.</span> <span class='ocrx_word' id='word_1_269' title='bbox 1656 5078 1889 5134; x_wconf 58' lang='lat' dir='ltr'>uernis</span> <span class='ocrx_word' id='word_1_270' title='bbox 1933 5082 2150 5132; x_wconf 64' lang='lat' dir='ltr'>mma</span> 
     </span>
     <span class='ocr_line' id='line_1_44' title="bbox 215 5145 2146 5236; baseline -0.004 -28"><span class='ocrx_word' id='word_1_271' title='bbox 215 5148 838 5236; x_wconf 57' lang='lat' dir='ltr'>Mnescfisseerqm&#39;d</span> <span class='ocrx_word' id='word_1_272' title='bbox 885 5151 1095 5206; x_wconf 72' lang='lat' dir='ltr'>interca</span> <span class='ocrx_word' id='word_1_273' title='bbox 1131 5145 1420 5206; x_wconf 71' lang='grc' dir='ltr'>Οαὶυῶιυικ</span> <span class='ocrx_word' id='word_1_274' title='bbox 1464 5147 1688 5203; x_wconf 65' lang='lat' dir='ltr'>omnivm</span> <span class='ocrx_word' id='word_1_275' title='bbox 1732 5163 1772 5203; x_wconf 81' lang='lat' dir='ltr'>a</span> <span class='ocrx_word' id='word_1_276' title='bbox 1811 5147 2146 5202; x_wconf 67' lang='lat' dir='ltr'>Falsa-‘ose-</span> 
     </span>
     <span class='ocr_line' id='line_1_45' title="bbox 208 5228 2144 5361; baseline -0.004 -17"><span class='ocrx_word' id='word_1_277' title='bbox 208 5228 461 5359; x_wconf 46' lang='grc' dir='ltr'>νοητὰ)</span> <span class='ocrx_word' id='word_1_278' title='bbox 500 5288 838 5361; x_wconf 88' lang='lat' dir='ltr'>querimonia</span> <span class='ocrx_word' id='word_1_279' title='bbox 871 5286 940 5342; x_wconf 87' lang='lat' dir='ltr'>de</span> <span class='ocrx_word' id='word_1_280' title='bbox 973 5288 1047 5342; x_wconf 87' lang='lat' dir='ltr'>im</span> <span class='ocrx_word' id='word_1_281' title='bbox 1088 5289 1326 5343; x_wconf 85' lang='lat' dir='ltr'>rebitate</span> <span class='ocrx_word' id='word_1_282' title='bbox 1359 5285 1759 5352; x_wconf 86' lang='lat' dir='ltr'>ministrorum,</span> <span class='ocrx_word' id='word_1_283' title='bbox 1804 5284 1920 5339; x_wconf 75' lang='lat' dir='ltr'>sive</span> <span class='ocrx_word' id='word_1_284' title='bbox 1953 5283 2144 5339; x_wconf 88' lang='lat' dir='ltr'>collec-</span> 
     </span>
     <span class='ocr_line' id='line_1_46' title="bbox 216 5353 2144 5425; baseline -0.003 -14"><span class='ocrx_word' id='word_1_285' title='bbox 216 5361 316 5411; x_wconf 78' lang='lat' dir='ltr'>tum</span> <span class='ocrx_word' id='word_1_286' title='bbox 349 5360 558 5415; x_wconf 75' lang='lat' dir='ltr'>interea</span> <span class='ocrx_word' id='word_1_287' title='bbox 589 5359 647 5411; x_wconf 89' lang='lat' dir='ltr'>in</span> <span class='ocrx_word' id='word_1_288' title='bbox 684 5357 901 5412; x_wconf 78' lang='lat' dir='ltr'>eosdem</span> <span class='ocrx_word' id='word_1_289' title='bbox 1070 5358 1178 5411; x_wconf 85' lang='lat' dir='ltr'>’um</span> <span class='ocrx_word' id='word_1_290' title='bbox 1213 5357 1358 5423; x_wconf 81' lang='lat' dir='ltr'>vicit,</span> <span class='ocrx_word' id='word_1_291' title='bbox 1394 5361 1456 5410; x_wconf 88' lang='lat' dir='ltr'>ut</span> <span class='ocrx_word' id='word_1_292' title='bbox 1489 5354 1636 5425; x_wconf 86' lang='lat' dir='ltr'>quod</span> <span class='ocrx_word' id='word_1_293' title='bbox 1670 5369 1760 5409; x_wconf 77' lang='lat' dir='ltr'>res</span> <span class='ocrx_word' id='word_1_294' title='bbox 1795 5361 1881 5408; x_wconf 86' lang='lat' dir='ltr'>est</span> <span class='ocrx_word' id='word_1_295' title='bbox 1913 5353 2017 5407; x_wconf 87' lang='lat' dir='ltr'>tibi</span> <span class='ocrx_word' id='word_1_296' title='bbox 2051 5369 2144 5405; x_wconf 85' lang='lat' dir='ltr'>au·</span> 
     </span>
     <span class='ocr_line' id='line_1_47' title="bbox 215 5423 907 5496; baseline 0 -17"><span class='ocrx_word' id='word_1_297' title='bbox 215 5423 382 5484; x_wconf 67' lang='lat' dir='ltr'>&lt;heim</span> <span class='ocrx_word' id='word_1_298' title='bbox 415 5443 690 5496; x_wconf 81' lang='lat' dir='ltr'>exponere</span> <span class='ocrx_word' id='word_1_299' title='bbox 726 5426 907 5480; x_wconf 79' lang='lat' dir='ltr'>velim.</span> 
     </span>
    </p>
   </div>
   <div class='ocr_carea' id='block_1_15' title="bbox 409 5508 1247 5582">
    <p class='ocr_par' dir='ltr' id='par_1_16' title="bbox 409 5508 1247 5582">
     <span class='ocr_line' id='line_1_48' title="bbox 409 5508 1247 5582; baseline -0.001 -13"><span class='ocrx_word' id='word_1_300' title='bbox 409 5511 633 5569; x_wconf 64' lang='lat' dir='ltr'>osmi</span> <span class='ocrx_word' id='word_1_301' title='bbox 657 5526 842 5582; x_wconf 76' lang='lat' dir='ltr'>opera.</span> <span class='ocrx_word' id='word_1_302' title='bbox 922 5510 1036 5569; x_wconf 64' lang='lat' dir='ltr'>Vol</span> <span class='ocrx_word' id='word_1_303' title='bbox 1073 5508 1247 5568; x_wconf 73' lang='lat'>111⁷.</span> 
     </span>
    </p>
   </div>
   <div class='ocr_carea' id='block_1_16' title="bbox 2197 1709 2203 1787">
    <p class='ocr_par' dir='ltr' id='par_1_17' title="bbox 2197 1709 2203 1787">
     <span class='ocr_line' id='line_1_49' title="bbox 2197 1709 2203 1787; baseline 0 0"><span class='ocrx_word' id='word_1_304' title='bbox 2197 1709 2203 1787; x_wconf 46' lang='lat' dir='ltr'>l</span> 
     </span>
    </p>
   </div>
   <div class='ocr_carea' id='block_1_17' title="bbox 1961 486 2451 557">
    <p class='ocr_par' dir='ltr' id='par_1_18' title="bbox 1961 486 2451 557">
     <span class='ocr_line' id='line_1_50' title="bbox 1961 486 2451 557; baseline 0.01 -5"><span class='ocrx_word' id='word_1_305' title='bbox 1961 491 2123 554; x_wconf 85' lang='lat'>1553</span> <span class='ocrx_word' id='word_1_306' title='bbox 2167 486 2451 557; x_wconf 76' lang='lat' dir='ltr'><strong>MART.</strong></span> 
     </span>
    </p>
   </div>
   <div class='ocr_carea' id='block_1_18' title="bbox 2205 4907 2212 4942">
    <p class='ocr_par' dir='ltr' id='par_1_19' title="bbox 2205 4907 2212 4942">
     <span class='ocr_line' id='line_1_51' title="bbox 2205 4907 2212 4942; textangle 90"><span class='ocrx_word' id='word_1_307' title='bbox 2205 4907 2212 4942; x_wconf 51' lang='grc' dir='ltr'>Ὗ</span> 
     </span>
    </p>
   </div>
   <div class='ocr_carea' id='block_1_19' title="bbox 2199 678 2222 5460">
    <p class='ocr_par' dir='ltr' id='par_1_20' title="bbox 2199 678 2222 5460">
     <span class='ocr_line' id='line_1_52' title="bbox 2199 678 2222 5460; baseline 0 0"><span class='ocrx_word' id='word_1_308' title='bbox 2199 678 2222 5460; x_wconf 95' lang='lat' dir='ltr'> </span> 
     </span>
    </p>
   </div>
   <div class='ocr_carea' id='block_1_20' title="bbox 4081 494 4209 558">
    <p class='ocr_par' dir='ltr' id='par_1_21' title="bbox 4081 494 4209 558">
     <span class='ocr_line' id='line_1_53' title="bbox 4081 494 4209 558; baseline 0 -1"><span class='ocrx_word' id='word_1_309' title='bbox 4081 494 4209 558; x_wconf 86' lang='grc'>498</span> 
     </span>
    </p>
   </div>
   <div class='ocr_carea' id='block_1_21' title="bbox 2255 677 4219 4458">
    <p class='ocr_par' dir='ltr' id='par_1_22' title="bbox 2256 677 4217 1365">
     <span class='ocr_line' id='line_1_54' title="bbox 2256 677 4217 763; baseline -0.001 -16"><span class='ocrx_word' id='word_1_310' title='bbox 2256 678 2592 748; x_wconf 84' lang='lat' dir='ltr'>Nundinis</span> <span class='ocrx_word' id='word_1_311' title='bbox 2636 679 2861 747; x_wconf 88' lang='lat' dir='ltr'>alteris</span> <span class='ocrx_word' id='word_1_312' title='bbox 2901 680 3124 747; x_wconf 89' lang='lat' dir='ltr'>statim</span> <span class='ocrx_word' id='word_1_313' title='bbox 3171 701 3211 746; x_wconf 93' lang='lat' dir='ltr'>a</span> <span class='ocrx_word' id='word_1_314' title='bbox 3245 685 3473 746; x_wconf 89' lang='lat' dir='ltr'>nostra</span> <span class='ocrx_word' id='word_1_315' title='bbox 3520 678 3983 763; x_wconf 85' lang='lat' dir='ltr'>qualicunque,</span> <span class='ocrx_word' id='word_1_316' title='bbox 4030 677 4217 747; x_wconf 85' lang='lat' dir='ltr'>fideli</span> 
     </span>
     <span class='ocr_line' id='line_1_55' title="bbox 2257 763 4217 846; baseline 0.002 -15"><span class='ocrx_word' id='word_1_317' title='bbox 2257 776 2480 832; x_wconf 86' lang='lat' dir='ltr'>tamen</span> <span class='ocrx_word' id='word_1_318' title='bbox 2524 768 2851 846; x_wconf 84' lang='lat' dir='ltr'>versione,</span> <span class='ocrx_word' id='word_1_319' title='bbox 2906 788 3078 833; x_wconf 90' lang='lat' dir='ltr'>unus</span> <span class='ocrx_word' id='word_1_320' title='bbox 3132 787 3216 832; x_wconf 82' lang='lat' dir='ltr'>ex</span> <span class='ocrx_word' id='word_1_321' title='bbox 3257 765 3574 834; x_wconf 78' lang='lat' dir='ltr'>ministris</span> <span class='ocrx_word' id='word_1_322' title='bbox 3618 763 3704 831; x_wconf 83' lang='lat' dir='ltr'>D.</span> <span class='ocrx_word' id='word_1_323' title='bbox 3767 766 4037 844; x_wconf 76' lang='lat' dir='ltr'>Valesii,</span> <span class='ocrx_word' id='word_1_324' title='bbox 4103 765 4217 835; x_wconf 91' lang='lat' dir='ltr'>hic</span> 
     </span>
     <span class='ocr_line' id='line_1_56' title="bbox 2256 850 4217 939; baseline 0 -21"><span class='ocrx_word' id='word_1_325' title='bbox 2256 872 2462 938; x_wconf 83' lang='lat' dir='ltr'>prope</span> <span class='ocrx_word' id='word_1_326' title='bbox 2504 852 2822 937; x_wconf 79' lang='lat' dir='ltr'>palatium</span> <span class='ocrx_word' id='word_1_327' title='bbox 2841 853 2900 939; x_wconf 88' lang='lat'>⁸)</span> <span class='ocrx_word' id='word_1_328' title='bbox 2942 853 3016 918; x_wconf 90' lang='lat' dir='ltr'>in</span> <span class='ocrx_word' id='word_1_329' title='bbox 3060 873 3164 919; x_wconf 92' lang='lat' dir='ltr'>me</span> <span class='ocrx_word' id='word_1_330' title='bbox 3208 850 3436 918; x_wconf 86' lang='lat' dir='ltr'>incidit</span> <span class='ocrx_word' id='word_1_331' title='bbox 3452 853 3510 928; x_wconf 87' lang='lat'>⁴)</span> <span class='ocrx_word' id='word_1_332' title='bbox 3555 853 3729 918; x_wconf 89' lang='lat' dir='ltr'>inter</span> <span class='ocrx_word' id='word_1_333' title='bbox 3762 850 3889 917; x_wconf 88' lang='lat' dir='ltr'>alia</span> <span class='ocrx_word' id='word_1_334' title='bbox 3932 853 4217 918; x_wconf 92' lang='lat' dir='ltr'>interro-</span> 
     </span>
     <span class='ocr_line' id='line_1_57' title="bbox 2260 936 4217 1024; baseline 0.001 -21"><span class='ocrx_word' id='word_1_335' title='bbox 2260 959 2425 1024; x_wconf 89' lang='lat' dir='ltr'>gans</span> <span class='ocrx_word' id='word_1_336' title='bbox 2469 937 2787 1022; x_wconf 90' lang='lat' dir='ltr'>numquid</span> <span class='ocrx_word' id='word_1_337' title='bbox 2841 937 3219 1004; x_wconf 87' lang='lat' dir='ltr'>munusculi</span> <span class='ocrx_word' id='word_1_338' title='bbox 3278 945 3546 1022; x_wconf 88' lang='lat' dir='ltr'>propter</span> <span class='ocrx_word' id='word_1_339' title='bbox 3597 936 3889 1004; x_wconf 91' lang='lat' dir='ltr'>laborem</span> <span class='ocrx_word' id='word_1_340' title='bbox 3947 958 4217 1022; x_wconf 89' lang='lat' dir='ltr'>perpes-</span> 
     </span>
     <span class='ocr_line' id='line_1_58' title="bbox 2260 1022 4217 1108; baseline -0.001 -17"><span class='ocrx_word' id='word_1_341' title='bbox 2260 1045 2408 1091; x_wconf 93' lang='lat' dir='ltr'>sum</span> <span class='ocrx_word' id='word_1_342' title='bbox 2450 1045 2491 1089; x_wconf 89' lang='lat' dir='ltr'>a</span> <span class='ocrx_word' id='word_1_343' title='bbox 2543 1045 2663 1092; x_wconf 90' lang='lat' dir='ltr'>suo</span> <span class='ocrx_word' id='word_1_344' title='bbox 2721 1023 2986 1091; x_wconf 89' lang='lat' dir='ltr'>domino</span> <span class='ocrx_word' id='word_1_345' title='bbox 3003 1026 3058 1106; x_wconf 65' lang='grc' dir='ltr'>ὅ)</span> <span class='ocrx_word' id='word_1_346' title='bbox 3115 1023 3526 1108; x_wconf 85' lang='lat' dir='ltr'>accepissem.</span> <span class='ocrx_word' id='word_1_347' title='bbox 3615 1022 3986 1107; x_wconf 83' lang='lat' dir='ltr'>Respondi,</span> <span class='ocrx_word' id='word_1_348' title='bbox 4044 1023 4217 1089; x_wconf 87' lang='lat' dir='ltr'>nihil</span> 
     </span>
     <span class='ocr_line' id='line_1_59' title="bbox 2259 1109 4213 1196; baseline -0.001 -20"><span class='ocrx_word' id='word_1_349' title='bbox 2259 1109 2634 1196; x_wconf 83' lang='lat' dir='ltr'>quidquam,</span> <span class='ocrx_word' id='word_1_350' title='bbox 2680 1131 2893 1194; x_wconf 89' lang='lat' dir='ltr'>neque</span> <span class='ocrx_word' id='word_1_351' title='bbox 2938 1113 3138 1177; x_wconf 88' lang='lat' dir='ltr'>etiam</span> <span class='ocrx_word' id='word_1_352' title='bbox 3183 1110 3263 1176; x_wconf 92' lang='lat' dir='ltr'>de</span> <span class='ocrx_word' id='word_1_353' title='bbox 3306 1130 3382 1175; x_wconf 90' lang='lat' dir='ltr'>eo</span> <span class='ocrx_word' id='word_1_354' title='bbox 3425 1110 3709 1175; x_wconf 88' lang='lat' dir='ltr'>multum</span> <span class='ocrx_word' id='word_1_355' title='bbox 3746 1109 3986 1174; x_wconf 85' lang='lat' dir='ltr'>fuerim</span> <span class='ocrx_word' id='word_1_356' title='bbox 4032 1110 4213 1176; x_wconf 88' lang='lat' dir='ltr'>solli-</span> 
     </span>
     <span class='ocr_line' id='line_1_60' title="bbox 2259 1192 4213 1280; baseline -0.001 -17"><span class='ocrx_word' id='word_1_357' title='bbox 2259 1197 2448 1275; x_wconf 88' lang='lat' dir='ltr'>citus,</span> <span class='ocrx_word' id='word_1_358' title='bbox 2494 1198 2799 1277; x_wconf 80' lang='lat' dir='ltr'>maxime,</span> <span class='ocrx_word' id='word_1_359' title='bbox 2843 1216 3049 1280; x_wconf 92' lang='lat' dir='ltr'>quum</span> <span class='ocrx_word' id='word_1_360' title='bbox 3070 1216 3147 1262; x_wconf 90' lang='lat' dir='ltr'>eo</span> <span class='ocrx_word' id='word_1_361' title='bbox 3192 1192 3404 1261; x_wconf 89' lang='lat' dir='ltr'>studio</span> <span class='ocrx_word' id='word_1_362' title='bbox 3448 1215 3555 1260; x_wconf 90' lang='lat' dir='ltr'>me</span> <span class='ocrx_word' id='word_1_363' title='bbox 3599 1194 3737 1271; x_wconf 91' lang='lat' dir='ltr'>tibi,</span> <span class='ocrx_word' id='word_1_364' title='bbox 3783 1195 3950 1260; x_wconf 86' lang='lat' dir='ltr'>mihi</span> <span class='ocrx_word' id='word_1_365' title='bbox 3991 1195 4213 1261; x_wconf 89' lang='lat' dir='ltr'>colen-</span> 
     </span>
     <span class='ocr_line' id='line_1_61' title="bbox 2258 1278 4208 1365; baseline -0.001 -17"><span class='ocrx_word' id='word_1_366' title='bbox 2258 1282 2549 1358; x_wconf 90' lang='lat' dir='ltr'>dissim0,</span> <span class='ocrx_word' id='word_1_367' title='bbox 2595 1284 2700 1348; x_wconf 92' lang='lat' dir='ltr'>cui</span> <span class='ocrx_word' id='word_1_368' title='bbox 2744 1281 3028 1365; x_wconf 87' lang='lat' dir='ltr'>plurima</span> <span class='ocrx_word' id='word_1_369' title='bbox 3080 1302 3187 1346; x_wconf 90' lang='lat' dir='ltr'>me</span> <span class='ocrx_word' id='word_1_370' title='bbox 3230 1278 3466 1349; x_wconf 90' lang='lat' dir='ltr'>debere</span> <span class='ocrx_word' id='word_1_371' title='bbox 3517 1281 3741 1360; x_wconf 88' lang='lat' dir='ltr'>sciam,</span> <span class='ocrx_word' id='word_1_372' title='bbox 3796 1302 3927 1347; x_wconf 92' lang='lat' dir='ltr'>non</span> <span class='ocrx_word' id='word_1_373' title='bbox 3977 1303 4208 1365; x_wconf 83' lang='lat' dir='ltr'>parum</span> 
     </span>
    </p>

    <p class='ocr_par' dir='ltr' id='par_1_23' title="bbox 2255 1366 4219 4458">
     <span class='ocr_line' id='line_1_62' title="bbox 2379 1366 4214 1446; baseline 0.001 -13"><span class='ocrx_word' id='word_1_374' title='bbox 2379 1368 2706 1435; x_wconf 86' lang='lat' dir='ltr'>tificatum</span> <span class='ocrx_word' id='word_1_375' title='bbox 2746 1366 2952 1435; x_wconf 86' lang='lat' dir='ltr'>fuisse</span> <span class='ocrx_word' id='word_1_376' title='bbox 2994 1366 3363 1434; x_wconf 88' lang='lat' dir='ltr'>crederem:</span> <span class='ocrx_word' id='word_1_377' title='bbox 3421 1376 3673 1446; x_wconf 89' lang='lat' dir='ltr'>tamen,</span> <span class='ocrx_word' id='word_1_378' title='bbox 3719 1366 3777 1433; x_wconf 91' lang='lat' dir='ltr'>si</span> <span class='ocrx_word' id='word_1_379' title='bbox 3822 1367 3904 1432; x_wconf 92' lang='lat' dir='ltr'>D.</span> <span class='ocrx_word' id='word_1_380' title='bbox 3964 1366 4214 1434; x_wconf 76' lang='lat' dir='ltr'>Valesio</span> 
     </span>
     <span class='ocr_line' id='line_1_63' title="bbox 2257 1452 4213 1537; baseline -0.001 -18"><span class='ocrx_word' id='word_1_381' title='bbox 2257 1465 2354 1521; x_wconf 74' lang='lat' dir='ltr'>ita</span> <span class='ocrx_word' id='word_1_382' title='bbox 2398 1454 2730 1532; x_wconf 88' lang='lat' dir='ltr'>videatur,</span> <span class='ocrx_word' id='word_1_383' title='bbox 2776 1452 2945 1521; x_wconf 94' lang='lat' dir='ltr'>dono</span> <span class='ocrx_word' id='word_1_384' title='bbox 2999 1453 3109 1520; x_wconf 84' lang='lat' dir='ltr'>vel</span> <span class='ocrx_word' id='word_1_385' title='bbox 3153 1453 3427 1537; x_wconf 85' lang='lat' dir='ltr'>parvulo</span> <span class='ocrx_word' id='word_1_386' title='bbox 3472 1473 3577 1518; x_wconf 92' lang='lat' dir='ltr'>me</span> <span class='ocrx_word' id='word_1_387' title='bbox 3620 1453 3786 1521; x_wconf 92' lang='lat' dir='ltr'>bene</span> <span class='ocrx_word' id='word_1_388' title='bbox 3830 1460 4213 1520; x_wconf 76' lang='lat' dir='ltr'>contentum</span> 
     </span>
     <span class='ocr_line' id='line_1_64' title="bbox 2258 1537 4210 1623; baseline -0.001 -18"><span class='ocrx_word' id='word_1_389' title='bbox 2258 1541 2414 1606; x_wconf 86' lang='lat' dir='ltr'>fore.</span> <span class='ocrx_word' id='word_1_390' title='bbox 2506 1539 2756 1606; x_wconf 78' lang='lat' dir='ltr'>Contra</span> <span class='ocrx_word' id='word_1_391' title='bbox 2797 1538 2941 1619; x_wconf 90' lang='lat' dir='ltr'>ille,</span> <span class='ocrx_word' id='word_1_392' title='bbox 3003 1539 3179 1623; x_wconf 91' lang='lat' dir='ltr'>apud</span> <span class='ocrx_word' id='word_1_393' title='bbox 3224 1538 3561 1605; x_wconf 92' lang='lat' dir='ltr'>dominum</span> <span class='ocrx_word' id='word_1_394' title='bbox 3617 1559 3816 1606; x_wconf 91' lang='lat' dir='ltr'>suum</span> <span class='ocrx_word' id='word_1_395' title='bbox 3859 1537 3995 1605; x_wconf 89' lang='lat' dir='ltr'>iam</span> <span class='ocrx_word' id='word_1_396' title='bbox 4051 1559 4210 1606; x_wconf 88' lang='lat' dir='ltr'>sane</span> 
     </span>
     <span class='ocr_line' id='line_1_65' title="bbox 2258 1623 4212 1709; baseline -0.003 -15"><span class='ocrx_word' id='word_1_397' title='bbox 2258 1626 2691 1694; x_wconf 90' lang='lat' dir='ltr'>constitutum</span> <span class='ocrx_word' id='word_1_398' title='bbox 2724 1632 2795 1691; x_wconf 90' lang='lat' dir='ltr'>et</span> <span class='ocrx_word' id='word_1_399' title='bbox 2826 1626 3350 1693; x_wconf 88' lang='lat' dir='ltr'>commissionem</span> <span class='ocrx_word' id='word_1_400' title='bbox 3389 1645 3533 1692; x_wconf 90' lang='lat' dir='ltr'>esse</span> <span class='ocrx_word' id='word_1_401' title='bbox 3569 1625 3828 1702; x_wconf 82' lang='lat' dir='ltr'>factam,</span> <span class='ocrx_word' id='word_1_402' title='bbox 3865 1633 3940 1691; x_wconf 92' lang='lat' dir='ltr'>ut</span> <span class='ocrx_word' id='word_1_403' title='bbox 3964 1623 4212 1709; x_wconf 87' lang='lat' dir='ltr'>aliquid</span> 
     </span>
     <span class='ocr_line' id='line_1_66' title="bbox 2261 1708 4213 1795; baseline -0.002 -17"><span class='ocrx_word' id='word_1_404' title='bbox 2261 1711 2546 1788; x_wconf 84' lang='lat' dir='ltr'>daretur,</span> <span class='ocrx_word' id='word_1_405' title='bbox 2591 1720 2658 1777; x_wconf 91' lang='lat' dir='ltr'>et</span> <span class='ocrx_word' id='word_1_406' title='bbox 2699 1712 2885 1779; x_wconf 83' lang='lat' dir='ltr'>brevi</span> <span class='ocrx_word' id='word_1_407' title='bbox 2921 1732 2994 1777; x_wconf 91' lang='lat' dir='ltr'>re</span> <span class='ocrx_word' id='word_1_408' title='bbox 3036 1712 3181 1795; x_wconf 85' lang='lat' dir='ltr'>ipsa</span> <span class='ocrx_word' id='word_1_409' title='bbox 3222 1708 3625 1778; x_wconf 86' lang='lat' dir='ltr'>declaratum</span> <span class='ocrx_word' id='word_1_410' title='bbox 3666 1711 3750 1777; x_wconf 90' lang='lat' dir='ltr'>iri</span> <span class='ocrx_word' id='word_1_411' title='bbox 3771 1714 3824 1789; x_wconf 82' lang='lat'>⁶)</span> <span class='ocrx_word' id='word_1_412' title='bbox 3868 1711 3992 1777; x_wconf 90' lang='lat' dir='ltr'>hoc</span> <span class='ocrx_word' id='word_1_413' title='bbox 4035 1709 4213 1794; x_wconf 89' lang='lat' dir='ltr'>quod</span> 
     </span>
     <span class='ocr_line' id='line_1_67' title="bbox 2259 1794 4219 1883; baseline -0.001 -19"><span class='ocrx_word' id='word_1_414' title='bbox 2259 1798 2640 1864; x_wconf 84' lang='lat' dir='ltr'>affirmaret.</span> <span class='ocrx_word' id='word_1_415' title='bbox 2729 1798 2875 1883; x_wconf 84' lang='lat' dir='ltr'>Ego</span> <span class='ocrx_word' id='word_1_416' title='bbox 2919 1797 3000 1864; x_wconf 85' lang='lat' dir='ltr'>ad</span> <span class='ocrx_word' id='word_1_417' title='bbox 3046 1798 3240 1864; x_wconf 86' lang='lat' dir='ltr'>haec:</span> <span class='ocrx_word' id='word_1_418' title='bbox 3287 1797 3343 1863; x_wconf 91' lang='lat' dir='ltr'>si</span> <span class='ocrx_word' id='word_1_419' title='bbox 3386 1797 3482 1863; x_wconf 86' lang='lat' dir='ltr'>ita</span> <span class='ocrx_word' id='word_1_420' title='bbox 3524 1817 3641 1863; x_wconf 91' lang='lat' dir='ltr'>suo</span> <span class='ocrx_word' id='word_1_421' title='bbox 3686 1794 3948 1862; x_wconf 91' lang='lat' dir='ltr'>domino</span> <span class='ocrx_word' id='word_1_422' title='bbox 3993 1795 4219 1862; x_wconf 85' lang='lat' dir='ltr'>videa-</span> 
     </span>
     <span class='ocr_line' id='line_1_68' title="bbox 2260 1881 4215 1968; baseline -0.001 -18"><span class='ocrx_word' id='word_1_423' title='bbox 2260 1893 2387 1963; x_wconf 87' lang='lat' dir='ltr'>tur,</span> <span class='ocrx_word' id='word_1_424' title='bbox 2424 1883 2727 1967; x_wconf 85' lang='lat' dir='ltr'>quamvis</span> <span class='ocrx_word' id='word_1_425' title='bbox 2763 1883 2931 1949; x_wconf 89' lang='lat' dir='ltr'>nihil</span> <span class='ocrx_word' id='word_1_426' title='bbox 2963 1890 3203 1968; x_wconf 88' lang='lat' dir='ltr'>petam,</span> <span class='ocrx_word' id='word_1_427' title='bbox 3238 1903 3346 1948; x_wconf 90' lang='lat' dir='ltr'>me</span> <span class='ocrx_word' id='word_1_428' title='bbox 3367 1881 3550 1949; x_wconf 86' lang='lat' dir='ltr'>haud</span> <span class='ocrx_word' id='word_1_429' title='bbox 3585 1894 4134 1968; x_wconf 83' lang='lat' dir='ltr'>repugnaturum:</span> <span class='ocrx_word' id='word_1_430' title='bbox 4159 1884 4215 1958; x_wconf 81' lang='lat'>⁷)</span> 
     </span>
     <span class='ocr_line' id='line_1_69' title="bbox 2260 1965 4218 2054; baseline -0.003 -17"><span class='ocrx_word' id='word_1_431' title='bbox 2260 1978 2329 2037; x_wconf 90' lang='lat' dir='ltr'>et</span> <span class='ocrx_word' id='word_1_432' title='bbox 2371 1968 2552 2036; x_wconf 90' lang='lat' dir='ltr'>hisce</span> <span class='ocrx_word' id='word_1_433' title='bbox 2575 1968 2764 2036; x_wconf 87' lang='lat' dir='ltr'>dictis</span> <span class='ocrx_word' id='word_1_434' title='bbox 2798 1990 2915 2054; x_wconf 92' lang='lat' dir='ltr'>spe</span> <span class='ocrx_word' id='word_1_435' title='bbox 2950 1969 3168 2053; x_wconf 90' lang='lat' dir='ltr'>aliqua</span> <span class='ocrx_word' id='word_1_436' title='bbox 3190 1970 3246 2054; x_wconf 84' lang='lat'>⁸)</span> <span class='ocrx_word' id='word_1_437' title='bbox 3281 1977 3595 2051; x_wconf 89' lang='lat' dir='ltr'>concepta</span> <span class='ocrx_word' id='word_1_438' title='bbox 3628 1965 3892 2034; x_wconf 88' lang='lat' dir='ltr'>domum</span> <span class='ocrx_word' id='word_1_439' title='bbox 3916 1988 4024 2034; x_wconf 90' lang='lat' dir='ltr'>me</span> <span class='ocrx_word' id='word_1_440' title='bbox 4060 1987 4218 2033; x_wconf 90' lang='lat' dir='ltr'>con·</span> 
     </span>
     <span class='ocr_line' id='line_1_70' title="bbox 2260 2054 4217 2137; baseline 0 -17"><span class='ocrx_word' id='word_1_441' title='bbox 2260 2056 2402 2121; x_wconf 90' lang='lat' dir='ltr'>tuli.</span> <span class='ocrx_word' id='word_1_442' title='bbox 2493 2055 2760 2122; x_wconf 86' lang='lat' dir='ltr'>Interea</span> <span class='ocrx_word' id='word_1_443' title='bbox 2815 2075 2973 2121; x_wconf 82' lang='lat' dir='ltr'>vero</span> <span class='ocrx_word' id='word_1_444' title='bbox 3027 2054 3283 2120; x_wconf 89' lang='lat' dir='ltr'>etiamsi</span> <span class='ocrx_word' id='word_1_445' title='bbox 3340 2056 3505 2119; x_wconf 90' lang='lat' dir='ltr'>bene</span> <span class='ocrx_word' id='word_1_446' title='bbox 3560 2054 3845 2119; x_wconf 90' lang='lat' dir='ltr'>multum</span> <span class='ocrx_word' id='word_1_447' title='bbox 3904 2055 4217 2137; x_wconf 87' lang='lat' dir='ltr'>temporis</span> 
     </span>
     <span class='ocr_line' id='line_1_71' title="bbox 2262 2139 4216 2226; baseline -0.002 -19"><span class='ocrx_word' id='word_1_448' title='bbox 2262 2141 2561 2226; x_wconf 88' lang='lat' dir='ltr'>elapsum</span> <span class='ocrx_word' id='word_1_449' title='bbox 2604 2142 2718 2219; x_wconf 91' lang='lat' dir='ltr'>sit,</span> <span class='ocrx_word' id='word_1_450' title='bbox 2766 2140 2933 2206; x_wconf 88' lang='lat' dir='ltr'>nihil</span> <span class='ocrx_word' id='word_1_451' title='bbox 3034 2140 3344 2224; x_wconf 89' lang='lat' dir='ltr'>uidquam</span> <span class='ocrx_word' id='word_1_452' title='bbox 3393 2139 3614 2219; x_wconf 81' lang='lat' dir='ltr'>video,</span> <span class='ocrx_word' id='word_1_453' title='bbox 3660 2149 3729 2204; x_wconf 88' lang='lat' dir='ltr'>et</span> <span class='ocrx_word' id='word_1_454' title='bbox 3786 2139 3957 2222; x_wconf 91' lang='lat' dir='ltr'>quod</span> <span class='ocrx_word' id='word_1_455' title='bbox 4003 2139 4216 2225; x_wconf 84' lang='lat' dir='ltr'>magis</span> 
     </span>
     <span class='ocr_line' id='line_1_72' title="bbox 2261 2223 4216 2311; baseline -0.002 -17"><span class='ocrx_word' id='word_1_456' title='bbox 2261 2227 2518 2308; x_wconf 87' lang='lat' dir='ltr'>taedet,</span> <span class='ocrx_word' id='word_1_457' title='bbox 2585 2227 2771 2293; x_wconf 87' lang='lat' dir='ltr'>inani</span> <span class='ocrx_word' id='word_1_458' title='bbox 2842 2248 2958 2311; x_wconf 90' lang='lat' dir='ltr'>spe</span> <span class='ocrx_word' id='word_1_459' title='bbox 3044 2234 3297 2293; x_wconf 84' lang='lat' dir='ltr'>actatus</span> <span class='ocrx_word' id='word_1_460' title='bbox 3377 2225 3542 2291; x_wconf 87' lang='lat' dir='ltr'>mihi</span> <span class='ocrx_word' id='word_1_461' title='bbox 3582 2225 3853 2291; x_wconf 79' lang='lat' dir='ltr'>·videor.</span> <span class='ocrx_word' id='word_1_462' title='bbox 3882 2229 3932 2302; x_wconf 77' lang='lat'>⁹)</span> <span class='ocrx_word' id='word_1_463' title='bbox 4037 2223 4216 2306; x_wconf 78' lang='lat' dir='ltr'>Quia</span> 
     </span>
     <span class='ocr_line' id='line_1_73' title="bbox 2261 2309 4214 2397; baseline -0.001 -18"><span class='ocrx_word' id='word_1_464' title='bbox 2261 2333 2424 2379; x_wconf 76' lang='lat' dir='ltr'>vero</span> <span class='ocrx_word' id='word_1_465' title='bbox 2472 2315 2556 2391; x_wconf 91' lang='lat' dir='ltr'>is,</span> <span class='ocrx_word' id='word_1_466' title='bbox 2604 2313 2719 2397; x_wconf 90' lang='lat' dir='ltr'>qui</span> <span class='ocrx_word' id='word_1_467' title='bbox 2761 2314 2830 2378; x_wconf 90' lang='lat' dir='ltr'>in</span> <span class='ocrx_word' id='word_1_468' title='bbox 2876 2334 2984 2379; x_wconf 89' lang='lat' dir='ltr'>me</span> <span class='ocrx_word' id='word_1_469' title='bbox 3028 2322 3167 2378; x_wconf 91' lang='lat' dir='ltr'>tum</span> <span class='ocrx_word' id='word_1_470' title='bbox 3213 2312 3294 2377; x_wconf 89' lang='lat' dir='ltr'>ad</span> <span class='ocrx_word' id='word_1_471' title='bbox 3340 2311 3655 2395; x_wconf 89' lang='lat' dir='ltr'>palatium</span> <span class='ocrx_word' id='word_1_472' title='bbox 3700 2310 4053 2389; x_wconf 89' lang='lat' dir='ltr'>inciderat,</span> <span class='ocrx_word' id='word_1_473' title='bbox 4100 2309 4214 2377; x_wconf 91' lang='lat' dir='ltr'>bo·</span> 
     </span>
     <span class='ocr_line' id='line_1_74' title="bbox 2262 2395 4216 2465; baseline -0.002 0"><span class='ocrx_word' id='word_1_474' title='bbox 2262 2419 2390 2465; x_wconf 90' lang='lat' dir='ltr'>nus</span> <span class='ocrx_word' id='word_1_475' title='bbox 2434 2409 2504 2465; x_wconf 92' lang='lat' dir='ltr'>et</span> <span class='ocrx_word' id='word_1_476' title='bbox 2546 2399 2628 2465; x_wconf 87' lang='lat' dir='ltr'>ab</span> <span class='ocrx_word' id='word_1_477' title='bbox 2672 2400 2850 2464; x_wconf 90' lang='lat' dir='ltr'>omni</span> <span class='ocrx_word' id='word_1_478' title='bbox 2893 2397 3124 2463; x_wconf 78' lang='lat' dir='ltr'>fraude</span> <span class='ocrx_word' id='word_1_479' title='bbox 3169 2399 3422 2464; x_wconf 87' lang='lat' dir='ltr'>alienus</span> <span class='ocrx_word' id='word_1_480' title='bbox 3466 2417 3505 2462; x_wconf 89' lang='lat' dir='ltr'>a</span> <span class='ocrx_word' id='word_1_481' title='bbox 3546 2417 3653 2462; x_wconf 92' lang='lat' dir='ltr'>me</span> <span class='ocrx_word' id='word_1_482' title='bbox 3687 2398 4050 2462; x_wconf 89' lang='lat' dir='ltr'>etiamnum</span> <span class='ocrx_word' id='word_1_483' title='bbox 4095 2395 4216 2462; x_wconf 90' lang='lat' dir='ltr'>ha-</span> 
     </span>
     <span class='ocr_line' id='line_1_75' title="bbox 2264 2482 4213 2567; baseline -0.003 -16"><span class='ocrx_word' id='word_1_484' title='bbox 2264 2485 2457 2551; x_wconf 89' lang='lat' dir='ltr'>betur</span> <span class='ocrx_word' id='word_1_485' title='bbox 2472 2537 2487 2563; x_wconf 95' lang='lat'>,</span> <span class='ocrx_word' id='word_1_486' title='bbox 2547 2484 2840 2551; x_wconf 90' lang='lat' dir='ltr'>securior</span> <span class='ocrx_word' id='word_1_487' title='bbox 2866 2487 2953 2564; x_wconf 84' lang='lat'>¹⁰)</span> <span class='ocrx_word' id='word_1_488' title='bbox 2996 2484 3111 2549; x_wconf 87' lang='lat' dir='ltr'>fui.</span> <span class='ocrx_word' id='word_1_489' title='bbox 3200 2482 3454 2549; x_wconf 83' lang='lat' dir='ltr'>Verum</span> <span class='ocrx_word' id='word_1_490' title='bbox 3511 2482 3944 2549; x_wconf 87' lang='lat' dir='ltr'>diuturnitate</span> <span class='ocrx_word' id='word_1_491' title='bbox 4001 2482 4213 2567; x_wconf 88' lang='lat' dir='ltr'>magis</span> 
     </span>
     <span class='ocr_line' id='line_1_76' title="bbox 2264 2568 4216 2655; baseline -0.002 -18"><span class='ocrx_word' id='word_1_492' title='bbox 2264 2590 2340 2637; x_wconf 92' lang='lat' dir='ltr'>ac</span> <span class='ocrx_word' id='word_1_493' title='bbox 2381 2571 2597 2655; x_wconf 89' lang='lat' dir='ltr'>magis</span> <span class='ocrx_word' id='word_1_494' title='bbox 2640 2570 3000 2647; x_wconf 91' lang='lat' dir='ltr'>obtinente,</span> <span class='ocrx_word' id='word_1_495' title='bbox 3026 2575 3047 2610; x_wconf 88' lang='lat'><strong>¹</strong></span> <span class='ocrx_word' id='word_1_496' title='bbox 3064 2568 3112 2654; x_wconf 87' lang='lat'>¹)</span> <span class='ocrx_word' id='word_1_497' title='bbox 3155 2570 3348 2636; x_wconf 83' lang='lat' dir='ltr'>venio</span> <span class='ocrx_word' id='word_1_498' title='bbox 3389 2569 3459 2634; x_wconf 90' lang='lat' dir='ltr'>in</span> <span class='ocrx_word' id='word_1_499' title='bbox 3505 2568 3971 2654; x_wconf 90' lang='lat' dir='ltr'>suspicionem,</span> <span class='ocrx_word' id='word_1_500' title='bbox 4017 2587 4216 2653; x_wconf 90' lang='lat' dir='ltr'>quam</span> 
     </span>
     <span class='ocr_line' id='line_1_77' title="bbox 2263 2651 4213 2740; baseline -0.002 -17"><span class='ocrx_word' id='word_1_501' title='bbox 2263 2657 2421 2723; x_wconf 88' lang='lat' dir='ltr'>satis</span> <span class='ocrx_word' id='word_1_502' title='bbox 2466 2664 2775 2723; x_wconf 85' lang='lat' dir='ltr'>excutere</span> <span class='ocrx_word' id='word_1_503' title='bbox 2817 2676 2949 2721; x_wconf 92' lang='lat' dir='ltr'>non</span> <span class='ocrx_word' id='word_1_504' title='bbox 2997 2676 3264 2740; x_wconf 90' lang='lat' dir='ltr'>possum</span> <span class='ocrx_word' id='word_1_505' title='bbox 3284 2706 3299 2734; x_wconf 94' lang='lat'>,</span> <span class='ocrx_word' id='word_1_506' title='bbox 3353 2676 3586 2739; x_wconf 88' lang='lat' dir='ltr'>nempe</span> <span class='ocrx_word' id='word_1_507' title='bbox 3647 2653 3848 2721; x_wconf 89' lang='lat' dir='ltr'>alium</span> <span class='ocrx_word' id='word_1_508' title='bbox 3893 2652 4083 2720; x_wconf 89' lang='lat' dir='ltr'>illum</span> <span class='ocrx_word' id='word_1_509' title='bbox 4125 2651 4213 2719; x_wconf 92' lang='lat' dir='ltr'>D.</span> 
     </span>
     <span class='ocr_line' id='line_1_78' title="bbox 2280 2738 4214 2818; baseline -0.002 -10"><span class='ocrx_word' id='word_1_510' title='bbox 2280 2742 2522 2809; x_wconf 78' lang='lat' dir='ltr'>Valesii</span> <span class='ocrx_word' id='word_1_511' title='bbox 2562 2743 2943 2808; x_wconf 83' lang='lat' dir='ltr'>ministrum</span> <span class='ocrx_word' id='word_1_512' title='bbox 2998 2742 3103 2808; x_wconf 90' lang='lat' dir='ltr'>cui</span> <span class='ocrx_word' id='word_1_513' title='bbox 3157 2741 3283 2807; x_wconf 89' lang='lat' dir='ltr'>hoc</span> <span class='ocrx_word' id='word_1_514' title='bbox 3326 2738 3794 2807; x_wconf 89' lang='lat' dir='ltr'>demandatum</span> <span class='ocrx_word' id='word_1_515' title='bbox 3837 2739 3990 2818; x_wconf 82' lang='lat' dir='ltr'>fuit,</span> <span class='ocrx_word' id='word_1_516' title='bbox 4045 2738 4214 2805; x_wconf 86' lang='lat' dir='ltr'>forte</span> 
     </span>
     <span class='ocr_line' id='line_1_79' title="bbox 2263 2823 4214 2912; baseline -0.002 -18"><span class='ocrx_word' id='word_1_517' title='bbox 2263 2838 2332 2894; x_wconf 89' lang='lat' dir='ltr'>et</span> <span class='ocrx_word' id='word_1_518' title='bbox 2372 2828 2559 2895; x_wconf 92' lang='lat' dir='ltr'>illum</span> <span class='ocrx_word' id='word_1_519' title='bbox 2604 2838 2672 2895; x_wconf 90' lang='lat' dir='ltr'>et</span> <span class='ocrx_word' id='word_1_520' title='bbox 2714 2849 2820 2894; x_wconf 89' lang='lat' dir='ltr'>me</span> <span class='ocrx_word' id='word_1_521' title='bbox 2864 2826 3224 2912; x_wconf 87' lang='lat' dir='ltr'>decepisse:</span> <span class='ocrx_word' id='word_1_522' title='bbox 3270 2823 3339 2891; x_wconf 90' lang='lat' dir='ltr'>id</span> <span class='ocrx_word' id='word_1_523' title='bbox 3381 2825 3554 2910; x_wconf 91' lang='lat' dir='ltr'>quod</span> <span class='ocrx_word' id='word_1_524' title='bbox 3598 2827 3664 2890; x_wconf 93' lang='lat' dir='ltr'>in</span> <span class='ocrx_word' id='word_1_525' title='bbox 3711 2826 3835 2892; x_wconf 94' lang='lat' dir='ltr'>hoc</span> <span class='ocrx_word' id='word_1_526' title='bbox 3871 2825 4214 2892; x_wconf 90' lang='lat' dir='ltr'>hominum</span> 
     </span>
     <span class='ocr_line' id='line_1_80' title="bbox 2261 2910 4215 2999; baseline -0.002 -19"><span class='ocrx_word' id='word_1_527' title='bbox 2261 2934 2506 2999; x_wconf 85' lang='lat' dir='ltr'>genere</span> <span class='ocrx_word' id='word_1_528' title='bbox 2567 2912 2746 2980; x_wconf 90' lang='lat' dir='ltr'>haud</span> <span class='ocrx_word' id='word_1_529' title='bbox 2820 2912 3090 2979; x_wconf 88' lang='lat' dir='ltr'>omnino</span> <span class='ocrx_word' id='word_1_530' title='bbox 3156 2910 3448 2980; x_wconf 89' lang='lat' dir='ltr'>insolens</span> <span class='ocrx_word' id='word_1_531' title='bbox 3520 2932 3663 2978; x_wconf 89' lang='lat' dir='ltr'>esse</span> <span class='ocrx_word' id='word_1_532' title='bbox 3733 2911 3916 2978; x_wconf 91' lang='lat' dir='ltr'>solet.</span> <span class='ocrx_word' id='word_1_533' title='bbox 4017 2911 4215 2977; x_wconf 85' lang='lat' dir='ltr'>Certe</span> 
     </span>
     <span class='ocr_line' id='line_1_81' title="bbox 2259 2995 4214 3151; baseline -0.003 -85"><span class='ocrx_word' id='word_1_534' title='bbox 2259 3000 2729 3151; x_wconf 58' lang='lat' dir='ltr'>praestitisset,</span> <span class='ocrx_word' id='word_1_535' title='bbox 2775 2998 3067 3084; x_wconf 89' lang='lat' dir='ltr'>adeoque</span> <span class='ocrx_word' id='word_1_536' title='bbox 3110 2997 3469 3082; x_wconf 86' lang='lat' dir='ltr'>optandum</span> <span class='ocrx_word' id='word_1_537' title='bbox 3515 2998 3758 3078; x_wconf 89' lang='lat' dir='ltr'>fuerat,</span> <span class='ocrx_word' id='word_1_538' title='bbox 3802 2996 4091 3080; x_wconf 89' lang='lat' dir='ltr'>primum</span> <span class='ocrx_word' id='word_1_539' title='bbox 4135 2995 4214 3060; x_wconf 88' lang='lat' dir='ltr'>il-</span> 
     </span>
     <span class='ocr_line' id='line_1_82' title="bbox 2288 3080 4214 3170; baseline -0.003 -18"><span class='ocrx_word' id='word_1_540' title='bbox 2288 3108 2396 3152; x_wconf 90' lang='lat' dir='ltr'>um</span> <span class='ocrx_word' id='word_1_541' title='bbox 2421 3086 2495 3152; x_wconf 91' lang='lat' dir='ltr'>in</span> <span class='ocrx_word' id='word_1_542' title='bbox 2515 3107 2623 3151; x_wconf 91' lang='lat' dir='ltr'>me</span> <span class='ocrx_word' id='word_1_543' title='bbox 2657 3106 2994 3170; x_wconf 90' lang='lat' dir='ltr'>nunquam</span> <span class='ocrx_word' id='word_1_544' title='bbox 3029 3084 3355 3163; x_wconf 90' lang='lat' dir='ltr'>incidisse,</span> <span class='ocrx_word' id='word_1_545' title='bbox 3383 3084 3463 3170; x_wconf 68' lang='grc'>12)</span> <span class='ocrx_word' id='word_1_546' title='bbox 3506 3083 3612 3149; x_wconf 85' lang='lat' dir='ltr'>vel</span> <span class='ocrx_word' id='word_1_547' title='bbox 3644 3082 3843 3148; x_wconf 91' lang='lat' dir='ltr'>fidem</span> <span class='ocrx_word' id='word_1_548' title='bbox 3880 3081 3963 3148; x_wconf 87' lang='lat' dir='ltr'>ab</span> <span class='ocrx_word' id='word_1_549' title='bbox 4007 3080 4214 3149; x_wconf 83' lang='lat' dir='ltr'>altero</span> 
     </span>
     <span class='ocr_line' id='line_1_83' title="bbox 2261 3167 4213 3248; baseline -0.003 -10"><span class='ocrx_word' id='word_1_550' title='bbox 2261 3192 2396 3238; x_wconf 92' lang='lat' dir='ltr'>non</span> <span class='ocrx_word' id='word_1_551' title='bbox 2468 3172 2778 3237; x_wconf 83' lang='lat' dir='ltr'>violatam</span> <span class='ocrx_word' id='word_1_552' title='bbox 2842 3191 2916 3238; x_wconf 89' lang='lat' dir='ltr'>er</span> <span class='ocrx_word' id='word_1_553' title='bbox 3064 3170 3296 3237; x_wconf 91' lang='lat' dir='ltr'>herum</span> <span class='ocrx_word' id='word_1_554' title='bbox 3367 3191 3560 3237; x_wconf 92' lang='lat' dir='ltr'>suum</span> <span class='ocrx_word' id='word_1_555' title='bbox 3626 3170 3855 3248; x_wconf 87' lang='lat' dir='ltr'>fuisse,</span> <span class='ocrx_word' id='word_1_556' title='bbox 3925 3167 4213 3234; x_wconf 79' lang='lat' dir='ltr'>maxime</span> 
     </span>
     <span class='ocr_line' id='line_1_84' title="bbox 2260 3253 4214 3344; baseline -0.003 -20"><span class='ocrx_word' id='word_1_557' title='bbox 2260 3279 2468 3344; x_wconf 90' lang='lat' dir='ltr'>quum</span> <span class='ocrx_word' id='word_1_558' title='bbox 2524 3256 2692 3323; x_wconf 88' lang='lat' dir='ltr'>nihil</span> <span class='ocrx_word' id='word_1_559' title='bbox 2751 3277 2869 3342; x_wconf 89' lang='lat' dir='ltr'>pro</span> <span class='ocrx_word' id='word_1_560' title='bbox 2958 3255 3154 3322; x_wconf 88' lang='lat' dir='ltr'>abore</span> <span class='ocrx_word' id='word_1_561' title='bbox 3196 3256 3492 3339; x_wconf 90' lang='lat' dir='ltr'>impenso</span> <span class='ocrx_word' id='word_1_562' title='bbox 3632 3254 3869 3321; x_wconf 74' lang='lat' dir='ltr'>tier-im.</span> <span class='ocrx_word' id='word_1_563' title='bbox 3956 3253 4214 3322; x_wconf 89' lang='lat' dir='ltr'>Utcun-</span> 
     </span>
     <span class='ocr_line' id='line_1_85' title="bbox 2261 3338 4215 3429; baseline -0.004 -18"><span class='ocrx_word' id='word_1_564' title='bbox 2261 3365 2391 3429; x_wconf 89' lang='lat' dir='ltr'>que</span> <span class='ocrx_word' id='word_1_565' title='bbox 2433 3365 2621 3424; x_wconf 82' lang='lat' dir='ltr'>vero,</span> <span class='ocrx_word' id='word_1_566' title='bbox 2678 3363 2816 3409; x_wconf 91' lang='lat' dir='ltr'>non</span> <span class='ocrx_word' id='word_1_567' title='bbox 2872 3342 3154 3409; x_wconf 88' lang='lat' dir='ltr'>multum</span> <span class='ocrx_word' id='word_1_568' title='bbox 3198 3361 3355 3407; x_wconf 89' lang='lat' dir='ltr'>curo</span> <span class='ocrx_word' id='word_1_569' title='bbox 3399 3362 3526 3425; x_wconf 90' lang='lat' dir='ltr'>quo</span> <span class='ocrx_word' id='word_1_570' title='bbox 3616 3362 3721 3406; x_wconf 91' lang='lat' dir='ltr'>me</span> <span class='ocrx_word' id='word_1_571' title='bbox 3763 3340 4027 3419; x_wconf 88' lang='lat' dir='ltr'>attinet,</span> <span class='ocrx_word' id='word_1_572' title='bbox 4083 3338 4215 3405; x_wconf 90' lang='lat' dir='ltr'>nisi</span> 
     </span>
     <span class='ocr_line' id='line_1_86' title="bbox 2259 3426 4213 3516; baseline -0.003 -20"><span class='ocrx_word' id='word_1_573' title='bbox 2259 3428 2432 3514; x_wconf 92' lang='lat' dir='ltr'>quod</span> <span class='ocrx_word' id='word_1_574' title='bbox 2477 3427 2652 3516; x_wconf 90' lang='lat' dir='ltr'>apud</span> <span class='ocrx_word' id='word_1_575' title='bbox 2694 3437 2788 3506; x_wconf 91' lang='lat' dir='ltr'>te,</span> <span class='ocrx_word' id='word_1_576' title='bbox 2834 3428 3001 3495; x_wconf 85' lang='lat' dir='ltr'>mihi</span> <span class='ocrx_word' id='word_1_577' title='bbox 3043 3426 3535 3512; x_wconf 86' lang='lat' dir='ltr'>suspiciendum</span> <span class='ocrx_word' id='word_1_578' title='bbox 3579 3435 4098 3511; x_wconf 87' lang='lat' dir='ltr'>praeceptorem,</span> <span class='ocrx_word' id='word_1_579' title='bbox 4156 3427 4213 3491; x_wconf 90' lang='lat' dir='ltr'>si</span> 
     </span>
     <span class='ocr_line' id='line_1_87' title="bbox 2258 3510 4213 3599; baseline -0.003 -18"><span class='ocrx_word' id='word_1_580' title='bbox 2258 3515 2414 3599; x_wconf 90' lang='lat' dir='ltr'>quid</span> <span class='ocrx_word' id='word_1_581' title='bbox 2460 3537 2611 3583; x_wconf 91' lang='lat' dir='ltr'>acce</span> <span class='ocrx_word' id='word_1_582' title='bbox 2655 3515 2853 3581; x_wconf 87' lang='lat' dir='ltr'>issem</span> <span class='ocrx_word' id='word_1_583' title='bbox 2914 3513 3125 3581; x_wconf 88' lang='lat' dir='ltr'>celare</span> <span class='ocrx_word' id='word_1_584' title='bbox 3173 3513 3446 3580; x_wconf 91' lang='lat' dir='ltr'>minime</span> <span class='ocrx_word' id='word_1_585' title='bbox 3502 3511 3903 3592; x_wconf 89' lang='lat' dir='ltr'>debuissem,</span> <span class='ocrx_word' id='word_1_586' title='bbox 3967 3510 4213 3578; x_wconf 89' lang='lat' dir='ltr'>nedum</span> 
     </span>
     <span class='ocr_line' id='line_1_88' title="bbox 2258 3595 4211 3771; baseline -0.003 -18"><span class='ocrx_word' id='word_1_587' title='bbox 2258 3601 2596 3753; x_wconf 52' lang='grc' dir='ltr'>ἱθὲῗὲῗῖἵ.</span> <span class='ocrx_word' id='word_1_588' title='bbox 2638 3599 3425 3771; x_wconf 49' lang='grc' dir='ltr'>οξξῃῖἒῗέἓιῗῖῗῖἔὲιᾬ·</span> <span class='ocrx_word' id='word_1_589' title='bbox 3462 3599 3687 3751; x_wconf 57' lang='lat'>..¹533</span> <span class='ocrx_word' id='word_1_590' title='bbox 3734 3595 4211 3749; x_wconf 46' lang='lat' dir='ltr'>stiffi}</span> 
     </span>
     <span class='ocr_line' id='line_1_89' title="bbox 2257 3767 4213 3855; baseline -0.003 -17"><span class='ocrx_word' id='word_1_591' title='bbox 2257 3794 2442 3839; x_wconf 91' lang='lat' dir='ltr'>mum</span> <span class='ocrx_word' id='word_1_592' title='bbox 2485 3773 2788 3853; x_wconf 88' lang='lat' dir='ltr'>scribere,</span> <span class='ocrx_word' id='word_1_593' title='bbox 2831 3775 2949 3841; x_wconf 78' lang='lat' dir='ltr'>vix</span> <span class='ocrx_word' id='word_1_594' title='bbox 2989 3792 3276 3855; x_wconf 90' lang='lat' dir='ltr'>unquam</span> <span class='ocrx_word' id='word_1_595' title='bbox 3313 3769 3644 3848; x_wconf 88' lang='lat' dir='ltr'>auderem,</span> <span class='ocrx_word' id='word_1_596' title='bbox 3688 3791 3817 3854; x_wconf 87' lang='lat' dir='ltr'>qua</span> <span class='ocrx_word' id='word_1_597' title='bbox 3851 3790 3996 3836; x_wconf 90' lang='lat' dir='ltr'>sum</span> <span class='ocrx_word' id='word_1_598' title='bbox 4034 3767 4213 3833; x_wconf 88' lang='lat' dir='ltr'>timi-</span> 
     </span>
     <span class='ocr_line' id='line_1_90' title="bbox 2256 3854 4215 3943; baseline -0.002 -21"><span class='ocrx_word' id='word_1_599' title='bbox 2256 3856 2463 3924; x_wconf 88' lang='lat' dir='ltr'>ditate</span> <span class='ocrx_word' id='word_1_600' title='bbox 2507 3857 2860 3943; x_wconf 90' lang='lat' dir='ltr'>praeditus.</span> <span class='ocrx_word' id='word_1_601' title='bbox 2947 3856 3209 3924; x_wconf 91' lang='lat' dir='ltr'>Deinde</span> <span class='ocrx_word' id='word_1_602' title='bbox 3261 3857 3572 3923; x_wconf 89' lang='lat' dir='ltr'>libentius</span> <span class='ocrx_word' id='word_1_603' title='bbox 3627 3854 3790 3922; x_wconf 89' lang='lat' dir='ltr'>haec</span> <span class='ocrx_word' id='word_1_604' title='bbox 3845 3854 3965 3921; x_wconf 90' lang='lat' dir='ltr'>tibi</span> <span class='ocrx_word' id='word_1_605' title='bbox 4007 3854 4215 3938; x_wconf 87' lang='lat' dir='ltr'>signi-</span> 
     </span>
     <span class='ocr_line' id='line_1_91' title="bbox 2255 3937 4215 4029; baseline -0.003 -18"><span class='ocrx_word' id='word_1_606' title='bbox 2255 3946 2382 4011; x_wconf 85' lang='lat' dir='ltr'>fico</span> <span class='ocrx_word' id='word_1_607' title='bbox 2398 3996 2414 4024; x_wconf 98' lang='lat'>,</span> <span class='ocrx_word' id='word_1_608' title='bbox 2475 3955 2551 4010; x_wconf 90' lang='lat' dir='ltr'>ut</span> <span class='ocrx_word' id='word_1_609' title='bbox 2592 3944 2965 4029; x_wconf 86' lang='lat' dir='ltr'>impostoris</span> <span class='ocrx_word' id='word_1_610' title='bbox 3023 3943 3277 4009; x_wconf 86' lang='lat' dir='ltr'>malitia</span> <span class='ocrx_word' id='word_1_611' title='bbox 3318 3944 3486 4008; x_wconf 88' lang='lat' dir='ltr'>forte</span> <span class='ocrx_word' id='word_1_612' title='bbox 3547 3941 3643 4009; x_wconf 90' lang='lat' dir='ltr'>sic</span> <span class='ocrx_word' id='word_1_613' title='bbox 3688 3937 4215 4007; x_wconf 87' lang='lat' dir='ltr'>emendationem</span> 
     </span>
     <span class='ocr_line' id='line_1_92' title="bbox 2255 4025 4207 4114; baseline -0.003 -18"><span class='ocrx_word' id='word_1_614' title='bbox 2255 4029 2546 4114; x_wconf 85' lang='lat' dir='ltr'>aliquam</span> <span class='ocrx_word' id='word_1_615' title='bbox 2590 4030 2925 4110; x_wconf 81' lang='lat' dir='ltr'>inveniat,</span> <span class='ocrx_word' id='word_1_616' title='bbox 2986 4031 3044 4096; x_wconf 91' lang='lat' dir='ltr'>si</span> <span class='ocrx_word' id='word_1_617' title='bbox 3097 4028 3290 4094; x_wconf 90' lang='lat' dir='ltr'>modo</span> <span class='ocrx_word' id='word_1_618' title='bbox 3345 4027 3560 4095; x_wconf 83' lang='lat' dir='ltr'>adhuc</span> <span class='ocrx_word' id='word_1_619' title='bbox 3615 4026 3789 4111; x_wconf 88' lang='lat' dir='ltr'>apud</span> <span class='ocrx_word' id='word_1_620' title='bbox 3834 4047 3950 4093; x_wconf 84' lang='lat' dir='ltr'>vos</span> <span class='ocrx_word' id='word_1_621' title='bbox 3991 4025 4207 4091; x_wconf 82' lang='lat' dir='ltr'>fuerit.</span> 
     </span>
     <span class='ocr_line' id='line_1_93' title="bbox 2256 4111 4215 4198; baseline -0.003 -16"><span class='ocrx_word' id='word_1_622' title='bbox 2256 4116 2443 4183; x_wconf 86' lang='lat' dir='ltr'>Haec</span> <span class='ocrx_word' id='word_1_623' title='bbox 2488 4115 2664 4183; x_wconf 84' lang='lat' dir='ltr'>volui</span> <span class='ocrx_word' id='word_1_624' title='bbox 2709 4136 2931 4183; x_wconf 91' lang='lat' dir='ltr'>coram</span> <span class='ocrx_word' id='word_1_625' title='bbox 2977 4124 3042 4181; x_wconf 89' lang='lat' dir='ltr'>te</span> <span class='ocrx_word' id='word_1_626' title='bbox 3083 4114 3250 4180; x_wconf 86' lang='lat' dir='ltr'>mihi</span> <span class='ocrx_word' id='word_1_627' title='bbox 3291 4113 3778 4192; x_wconf 90' lang='lat' dir='ltr'>colendissimo,</span> <span class='ocrx_word' id='word_1_628' title='bbox 3838 4133 3969 4198; x_wconf 90' lang='lat' dir='ltr'>qua</span> <span class='ocrx_word' id='word_1_629' title='bbox 4011 4111 4215 4178; x_wconf 90' lang='lat' dir='ltr'>debui</span> 
     </span>
     <span class='ocr_line' id='line_1_94' title="bbox 2257 4198 4215 4284; baseline -0.002 -17"><span class='ocrx_word' id='word_1_630' title='bbox 2257 4201 2574 4270; x_wconf 85' lang='lat' dir='ltr'>libertate</span> <span class='ocrx_word' id='word_1_631' title='bbox 2586 4201 2943 4282; x_wconf 88' lang='lat' dir='ltr'>effundere,</span> <span class='ocrx_word' id='word_1_632' title='bbox 2988 4201 3198 4284; x_wconf 89' lang='lat' dir='ltr'>iisque</span> <span class='ocrx_word' id='word_1_633' title='bbox 3218 4221 3379 4284; x_wconf 90' lang='lat' dir='ltr'>quas</span> <span class='ocrx_word' id='word_1_634' title='bbox 3401 4198 3597 4284; x_wconf 88' lang='lat' dir='ltr'>paulo</span> <span class='ocrx_word' id='word_1_635' title='bbox 3618 4204 3772 4265; x_wconf 87' lang='lat' dir='ltr'>ante</span> <span class='ocrx_word' id='word_1_636' title='bbox 3816 4217 4215 4264; x_wconf 90' lang='lat' dir='ltr'>commemo·</span> 
     </span>
     <span class='ocr_line' id='line_1_95' title="bbox 2258 4282 4210 4371; baseline -0.002 -18"><span class='ocrx_word' id='word_1_637' title='bbox 2258 4289 2406 4354; x_wconf 79' lang='lat' dir='ltr'>ravi</span> <span class='ocrx_word' id='word_1_638' title='bbox 2430 4286 2514 4355; x_wconf 91' lang='lat' dir='ltr'>de</span> <span class='ocrx_word' id='word_1_639' title='bbox 2537 4289 2756 4357; x_wconf 89' lang='lat' dir='ltr'>causis</span> <span class='ocrx_word' id='word_1_640' title='bbox 2795 4287 3133 4362; x_wconf 86' lang='lat' dir='ltr'>adductus,</span> <span class='ocrx_word' id='word_1_641' title='bbox 3178 4286 3720 4371; x_wconf 90' lang='lat' dir='ltr'>persuasissimus</span> <span class='ocrx_word' id='word_1_642' title='bbox 3756 4292 3821 4350; x_wconf 91' lang='lat' dir='ltr'>te</span> <span class='ocrx_word' id='word_1_643' title='bbox 3864 4284 3936 4349; x_wconf 93' lang='lat' dir='ltr'>in</span> <span class='ocrx_word' id='word_1_644' title='bbox 3981 4282 4210 4351; x_wconf 91' lang='lat' dir='ltr'>melio-</span> 
     </span>
     <span class='ocr_line' id='line_1_96' title="bbox 2257 4371 3902 4458; baseline -0.003 -19"><span class='ocrx_word' id='word_1_645' title='bbox 2257 4395 2397 4440; x_wconf 88' lang='lat' dir='ltr'>rem</span> <span class='ocrx_word' id='word_1_646' title='bbox 2442 4383 2701 4458; x_wconf 85' lang='lat' dir='ltr'>partem</span> <span class='ocrx_word' id='word_1_647' title='bbox 2744 4374 2966 4442; x_wconf 89' lang='lat' dir='ltr'>omnia</span> <span class='ocrx_word' id='word_1_648' title='bbox 3007 4394 3152 4439; x_wconf 90' lang='lat' dir='ltr'>esse</span> <span class='ocrx_word' id='word_1_649' title='bbox 3185 4373 3789 4455; x_wconf 88' lang='lat' dir='ltr'>interpretaturum.</span> <span class='ocrx_word' id='word_1_650' title='bbox 3819 4371 3902 4447; x_wconf 79' lang='lat'>¹⁸)</span> 
     </span>
    </p>
   </div>
   <div class='ocr_carea' id='block_1_22' title="bbox 2245 4521 4217 5553">
    <p class='ocr_par' dir='ltr' id='par_1_24' title="bbox 2245 4521 4217 5553">
     <span class='ocr_line' id='line_1_97' title="bbox 2462 4521 4118 4596; baseline -0.004 -12"><span class='ocrx_word' id='word_1_651' title='bbox 2462 4528 2525 4594; x_wconf 79' lang='lat'>3)</span> <span class='ocrx_word' id='word_1_652' title='bbox 2562 4529 2653 4584; x_wconf 67' lang='lat' dir='ltr'>die</span> <span class='ocrx_word' id='word_1_653' title='bbox 2687 4527 2870 4593; x_wconf 68' lang='lat' dir='ltr'>Pfah,</span> <span class='ocrx_word' id='word_1_654' title='bbox 2904 4528 2968 4583; x_wconf 72' lang='lat' dir='ltr'>in</span> <span class='ocrx_word' id='word_1_655' title='bbox 2992 4526 3182 4596; x_wconf 74' lang='lat' dir='ltr'>platea</span> <span class='ocrx_word' id='word_1_656' title='bbox 3215 4524 3378 4581; x_wconf 68' lang='lat' dir='ltr'>hodie</span> <span class='ocrx_word' id='word_1_657' title='bbox 3412 4522 3918 4593; x_wconf 64' lang='lat' dir='ltr'>Guumboeyeplm</span> <span class='ocrx_word' id='word_1_658' title='bbox 3951 4521 4118 4579; x_wconf 75' lang='lat' dir='ltr'>dicta.</span> 
     </span>
     <span class='ocr_line' id='line_1_98' title="bbox 2459 4595 3423 4658; baseline -0.001 -5"><span class='ocrx_word' id='word_1_659' title='bbox 2459 4596 2522 4658; x_wconf 79' lang='lat'>4)</span> <span class='ocrx_word' id='word_1_660' title='bbox 2559 4597 2689 4653; x_wconf 75' lang='lat' dir='ltr'>aad.</span> <span class='ocrx_word' id='word_1_661' title='bbox 2726 4613 2921 4652; x_wconf 88' lang='lat' dir='ltr'>nomen</span> <span class='ocrx_word' id='word_1_662' title='bbox 2956 4595 3188 4651; x_wconf 85' lang='lat' dir='ltr'>hominis</span> <span class='ocrx_word' id='word_1_663' title='bbox 3221 4596 3423 4652; x_wconf 85' lang='lat' dir='ltr'>nescio.</span> 
     </span>
     <span class='ocr_line' id='line_1_99' title="bbox 2460 4665 3878 4805; baseline -0.008 -13"><span class='ocrx_word' id='word_1_664' title='bbox 2460 4665 2523 4802; x_wconf 58' lang='lat' dir='ltr'>g}</span> <span class='ocrx_word' id='word_1_665' title='bbox 2558 4667 2806 4805; x_wconf 37' lang='lat' dir='ltr'>{dle-&#39;oque</span> <span class='ocrx_word' id='word_1_666' title='bbox 2840 4733 3268 4803; x_wconf 87' lang='lat' dir='ltr'>comprobatum,</span> <span class='ocrx_word' id='word_1_667' title='bbox 3304 4732 3492 4801; x_wconf 90' lang='lat' dir='ltr'>procul</span> <span class='ocrx_word' id='word_1_668' title='bbox 3528 4728 3710 4796; x_wconf 89' lang='lat' dir='ltr'>dubio,</span> <span class='ocrx_word' id='word_1_669' title='bbox 3747 4726 3878 4782; x_wconf 72' lang='lat' dir='ltr'>aad.</span> 
     </span>
     <span class='ocr_line' id='line_1_100' title="bbox 2461 4799 3866 4875; baseline -0.006 -16"><span class='ocrx_word' id='word_1_670' title='bbox 2461 4804 2524 4872; x_wconf 80' lang='lat'>7)</span> <span class='ocrx_word' id='word_1_671' title='bbox 2560 4806 2680 4875; x_wconf 80' lang='lat' dir='ltr'>Ego</span> <span class='ocrx_word' id='word_1_672' title='bbox 2713 4804 2785 4858; x_wconf 86' lang='lat' dir='ltr'>ad</span> <span class='ocrx_word' id='word_1_673' title='bbox 2818 4802 2978 4856; x_wconf 82' lang='lat' dir='ltr'>haec:</span> <span class='ocrx_word' id='word_1_674' title='bbox 3018 4801 3179 4871; x_wconf 85' lang='lat' dir='ltr'>Bene,</span> <span class='ocrx_word' id='word_1_675' title='bbox 3214 4799 3312 4854; x_wconf 77' lang='lat' dir='ltr'>flat</span> <span class='ocrx_word' id='word_1_676' title='bbox 3346 4800 3564 4854; x_wconf 89' lang='lat' dir='ltr'>Domini</span> <span class='ocrx_word' id='word_1_677' title='bbox 3600 4799 3866 4853; x_wconf 79' lang='lat' dir='ltr'>voluntas.</span> 
     </span>
     <span class='ocr_line' id='line_1_101' title="bbox 2461 4869 3333 4940; baseline -0.009 -11"><span class='ocrx_word' id='word_1_678' title='bbox 2461 4873 2523 4940; x_wconf 85' lang='lat'>8)</span> <span class='ocrx_word' id='word_1_679' title='bbox 2562 4874 2658 4929; x_wconf 85' lang='lat' dir='ltr'>sed</span> <span class='ocrx_word' id='word_1_680' title='bbox 2693 4872 2845 4927; x_wconf 87' lang='lat' dir='ltr'>inani</span> <span class='ocrx_word' id='word_1_681' title='bbox 2881 4869 3040 4925; x_wconf 78' lang='lat' dir='ltr'>valde</span> <span class='ocrx_word' id='word_1_682' title='bbox 3074 4870 3333 4925; x_wconf 85' lang='lat' dir='ltr'>imbutus.</span> 
     </span>
     <span class='ocr_line' id='line_1_102' title="bbox 2381 4930 4209 5026; baseline -0.007 -28"><span class='ocrx_word' id='word_1_683' title='bbox 2381 5011 2394 5026; x_wconf 50' lang='lat'><strong>·</strong></span> <span class='ocrx_word' id='word_1_684' title='bbox 2436 4941 2521 5025; x_wconf 35' lang='lat'>⁶9)</span> <span class='ocrx_word' id='word_1_685' title='bbox 2559 4942 2785 5005; x_wconf 82' lang='lat' dir='ltr'>effluxit,</span> <span class='ocrx_word' id='word_1_686' title='bbox 2820 4939 3209 5010; x_wconf 84' lang='lat' dir='ltr'>promissorum</span> <span class='ocrx_word' id='word_1_687' title='bbox 3242 4944 3428 4992; x_wconf 88' lang='lat' dir='ltr'>tamen</span> <span class='ocrx_word' id='word_1_688' title='bbox 3464 4952 3533 4990; x_wconf 88' lang='lat' dir='ltr'>ne</span> <span class='ocrx_word' id='word_1_689' title='bbox 3567 4935 3737 4990; x_wconf 86' lang='lat' dir='ltr'>hilum</span> <span class='ocrx_word' id='word_1_690' title='bbox 3762 4930 3981 5003; x_wconf 87' lang='lat' dir='ltr'>quidem</span> <span class='ocrx_word' id='word_1_691' title='bbox 4016 4930 4209 4985; x_wconf 83' lang='lat' dir='ltr'>videre</span> 
     </span>
     <span class='ocr_line' id='line_1_103' title="bbox 2248 5013 3542 5149; baseline -0.006 -14"><span class='ocrx_word' id='word_1_692' title='bbox 2248 5013 2521 5142; x_wconf 57' lang='lat' dir='ltr'><strong>mungffi)</strong></span> <span class='ocrx_word' id='word_1_693' title='bbox 2556 5081 2664 5133; x_wconf 89' lang='lat' dir='ltr'>iam</span> <span class='ocrx_word' id='word_1_694' title='bbox 2700 5079 2911 5149; x_wconf 83' lang='lat' dir='ltr'>aliquot</span> <span class='ocrx_word' id='word_1_695' title='bbox 2943 5076 3100 5130; x_wconf 88' lang='lat' dir='ltr'>annis</span> <span class='ocrx_word' id='word_1_696' title='bbox 3135 5075 3271 5129; x_wconf 86' lang='lat' dir='ltr'>satis</span> <span class='ocrx_word' id='word_1_697' title='bbox 3304 5089 3542 5129; x_wconf 80' lang='lat' dir='ltr'>securus.</span> 
     </span>
     <span class='ocr_line' id='line_1_104' title="bbox 2425 5141 4199 5215; baseline -0.006 -13"><span class='ocrx_word' id='word_1_698' title='bbox 2425 5150 2519 5215; x_wconf 92' lang='grc'>11)</span> <span class='ocrx_word' id='word_1_699' title='bbox 2558 5166 2713 5204; x_wconf 86' lang='lat' dir='ltr'>mora</span> <span class='ocrx_word' id='word_1_700' title='bbox 2747 5188 2762 5204; x_wconf 89' lang='lat'><strong>.</strong></span> <span class='ocrx_word' id='word_1_701' title='bbox 2798 5187 2811 5200; x_wconf 91' lang='lat'><strong>.</strong></span> <span class='ocrx_word' id='word_1_702' title='bbox 2850 5185 2863 5200; x_wconf 94' lang='lat'><strong>.</strong></span> <span class='ocrx_word' id='word_1_703' title='bbox 2901 5187 2914 5199; x_wconf 92' lang='lat'><strong>.</strong></span> <span class='ocrx_word' id='word_1_704' title='bbox 2949 5146 3333 5213; x_wconf 80' lang='lat' dir='ltr'>invalescente,</span> <span class='ocrx_word' id='word_1_705' title='bbox 3367 5159 3477 5198; x_wconf 91' lang='lat' dir='ltr'>non</span> <span class='ocrx_word' id='word_1_706' title='bbox 3512 5156 3733 5211; x_wconf 87' lang='lat' dir='ltr'>possum</span> <span class='ocrx_word' id='word_1_707' title='bbox 3755 5141 4010 5190; x_wconf 83' lang='lat' dir='ltr'>excutere</span> <span class='ocrx_word' id='word_1_708' title='bbox 4043 5144 4199 5191; x_wconf 73' lang='lat' dir='ltr'>caen.</span> 
     </span>
     <span class='ocr_line' id='line_1_105' title="bbox 2423 5204 4207 5291; baseline -0.006 -19"><span class='ocrx_word' id='word_1_709' title='bbox 2423 5216 2518 5286; x_wconf 77' lang='lat'>12)</span> <span class='ocrx_word' id='word_1_710' title='bbox 2558 5235 2720 5289; x_wconf 83' lang='lat' dir='ltr'>quam</span> <span class='ocrx_word' id='word_1_711' title='bbox 2777 5214 2925 5286; x_wconf 85' lang='lat' dir='ltr'>quod</span> <span class='ocrx_word' id='word_1_712' title='bbox 2976 5214 3056 5268; x_wconf 86' lang='lat' dir='ltr'>ita</span> <span class='ocrx_word' id='word_1_713' title='bbox 3111 5214 3246 5267; x_wconf 87' lang='lat' dir='ltr'>nibil</span> <span class='ocrx_word' id='word_1_714' title='bbox 3297 5218 3601 5291; x_wconf 46' lang='lat' dir='ltr'>petentem·</span> <span class='ocrx_word' id='word_1_715' title='bbox 3630 5209 3686 5261; x_wconf 94' lang='lat' dir='ltr'>in</span> <span class='ocrx_word' id='word_1_716' title='bbox 3738 5222 3934 5286; x_wconf 70' lang='lat' dir='ltr'>vanam</span> <span class='ocrx_word' id='word_1_717' title='bbox 3985 5204 4207 5260; x_wconf 82' lang='lat' dir='ltr'>induxit</span> 
     </span>
     <span class='ocr_line' id='line_1_106' title="bbox 2249 5273 4205 5423; baseline -0.004 -14"><span class='ocrx_word' id='word_1_718' title='bbox 2249 5287 2673 5423; x_wconf 53' lang='lat' dir='ltr'>masi-:2</span> <span class='ocrx_word' id='word_1_719' title='bbox 2707 5286 2783 5411; x_wconf 65' lang='lat' dir='ltr'>:a</span> <span class='ocrx_word' id='word_1_720' title='bbox 2810 5273 4205 5423; x_wconf 37' lang='lat' dir='ltr'>..swuster-</span> 
     </span>
     <span class='ocr_line' id='line_1_107' title="bbox 2245 5372 4217 5553; baseline -0.004 -75"><span class='ocrx_word' id='word_1_721' title='bbox 2245 5425 2494 5481; x_wconf 87' lang='lat' dir='ltr'>consules</span> <span class='ocrx_word' id='word_1_722' title='bbox 2530 5372 2730 5481; x_wconf 46' lang='lat' dir='ltr'>omnig.</span> <span class='ocrx_word' id='word_1_723' title='bbox 3721 5496 3789 5553; x_wconf 65' lang='lat'>32</span> <span class='ocrx_word' id='word_1_724' title='bbox 4022 5383 4037 5412; x_wconf 63' lang='lat'><strong>⁹</strong></span> <span class='ocrx_word' id='word_1_725' title='bbox 4190 5386 4217 5413; x_wconf 55' lang='grc'><strong><em>’</em></strong></span> 
     </span>
    </p>
   </div>
   <div class='ocr_carea' id='block_1_23' title="bbox 2253 4488 2669 4501">
    <p class='ocr_par' dir='ltr' id='par_1_25' title="bbox 2253 4488 2669 4501">
     <span class='ocr_line' id='line_1_108' title="bbox 2253 4488 2669 4501; baseline 0 0"><span class='ocrx_word' id='word_1_726' title='bbox 2253 4488 2669 4501; x_wconf 95' lang='lat' dir='ltr'> </span> 
     </span>
    </p>
   </div>
  </div>
 </body>
</html>
