4900 6167
692 468 822 532 699

1576 651 1767 723 1779.

802 809 926 876 LE
971 805 1451 874 TRIBUNAL
1494 806 1623 871 DE
1668 804 2023 871 VIENNE
2070 805 2198 872 An
2242 788 2547 870 SENA'P

1375 908 1502 973 nn
1548 890 1951 974 GENEVE.

868 1079 1196 1149 Demande
1239 1102 1313 1146 en
1357 1079 1738 1146 extradition
1778 1079 1855 1145 dc
1900 1077 2129 1145 Servet.

692 1252 1018 1322 (Imprimee
1063 1252 1198 1307 san·
1246 1251 1327 1306 10⁸
1363 1251 1532 1305 Actes
1577 1250 1650 1305 su
1693 1248 1882 1320 proces
1917 1250 1988 1304 N.
2026 1248 2202 1305 xxn.
2240 1266 2294 1320 p.
2332 1230 2449 1303 iss.
2523 1249 2646 1304 nuo

692 1328 785 1377 est
819 1320 977 1376 dates
1011 1321 1083 1376 dn
1129 1319 1199 1375 26
1237 1320 1990 1446 Aoutfflztncoezixginceetpgr
2036 1335 2126 1373 ces
2174 1324 2338 1373 mots:
2395 1318 2478 1372 Le
2520 1320 2646 1373 dour

1467 1666 1871 1673 ----——--—-..-.,

1572 1882 1764 1953 178⁰.

698 2034 1163 2105 OALVINUS
1198 2034 1722 2104 EOOLESIAE
1758 2033 2497 2103 FRANOFORDIEN
2499 2033 2644 2101 818

1361 2136 1968 2207 PASTORIBUS.

864 2309 1078 2377 Monet
1117 2316 1188 2376 ut
1229 2310 1617 2395 exmphria
1657 2310 1808 2376 ubo-i
1848 2308 2083 2376 Servati
2124 2309 2201 2375 de
2237 2307 2644 2376 Restitutione

695 2396 1174 2463 Christianismi
1214 2399 1285 2462 in
1340 2417 1553 2462 eorum
1607 2395 1819 2462 urbem
1872 2394 2077 2461 delata
2131 2394 2311 2477 apud
2350 2393 2643 2478 bibliopo-

691 2483 824 2548 lam
863 2487 1141 2563 correpta
1181 2482 1521 2548 destruant.
1548 2482 1601 2566 ¹)

690 2653 884 2716 (Manu
919 2653 1123 2722 scripta
1156 2668 1264 2707 non
1300 2658 1494 2708 exstat.
1566 2652 1757 2707 Edidit
1790 2653 1936 2707 Besa
1968 2656 2105 2708 Gen.
2140 2669 2195 2722 p.
2235 2651 2353 2720 115,
2389 2652 2548 2707 Laus.
2584 2669 2637 2722 p.

689 2718 812 2789 259,
845 2720 1057 2775 Hanov.
1102 2738 1155 2791 p.
1190 2718 1321 2784 290,
1358 2721 1566 2805 Qhouet
1610 2739 1664 2791 p.
1703 2719 1837 2805 1562
1866 2727 2036 2776 Amst.
2077 2719 2269 2843 86471.
2307 2749 2375 2762 —
2411 2720 2638 2791 Anglice

844 2840 851 2849 ,
1097 2805 1256 2844 versa
1288 2790 1491 2860 legitur
1524 2808 1581 2845 in
1617 2790 1701 2845 ed.
1737 2789 1934 2846 Edmb.
1968 2790 2040 2845 11.
2185 2790 2224 2858 .)

689 2960 927 3028 Gratia
969 2959 1156 3028 vobis
1201 2969 1267 3027 et
1307 2981 1437 3046 pax
1477 2983 1517 3028 a
1559 2958 1705 3028 Deo
1748 2969 1935 3045 patre
1979 2968 2203 3025 nostro
2248 2970 2313 3025 et
2343 2959 2634 3026 Domino

687 3045 844 3114 Iesu
887 3045 1153 3115 Christo
1169 3098 1187 3126 ,
1231 3048 1459 3113 eximii
1501 3047 1765 3200 νΐιὲωῗε
1779 3047 1943 3112 mihi
1988 3068 2073 3112 ex
2113 3046 2334 3112 animo
2377 3045 2634 3112 colendi

857 3271 1114 3338 Nomen
1185 3272 1421 3340 Serveti
1493 3271 1775 3355 Hispani
1854 3271 2042 3336 vobis
2119 3267 2417 3333 auditum
2489 3288 2633 3333 esse

685 3377 816 3424 non
862 3356 1108 3438 dubito,
1153 3360 1263 3441 qui
1307 3366 1461 3424 ante
1506 3376 1714 3423 annos
1756 3356 1993 3441 viginti
2038 3353 2365 3421 virulento
2408 3351 2629 3418 libello

684 3443 1038 3528 multisque
1096 3444 1432 3529 sacrilegis
1499 3441 1827 3511 erroribus
1900 3440 2140 3506 referto
2196 3438 2629 3506 Germaniam

684 3539 977 3596 vestram
1030 3528 1274 3596 infecit.
1363 3527 1618 3596 Nebulo
1675 3527 1812 3605 hic,
1873 3524 2071 3612 quum
2130 3546 2215 3592 ex
2268 3524 2633 3591 Germania

681 3616 1000 3700 profugus
1072 3615 1194 3682 sub
1262 3615 1492 3681 fictitio
1558 3612 1822 3678 nomine
1887 3614 1958 3676 in
2016 3610 2240 3678 Gallia
2305 3611 2627 3689 latuisset,

676 3700 1434 3854 3{?}.{‡10131¹23’.”⁰.{¹2⁰
1470 3698 1708 3850 ¹3:3³3
1756 3698 2064 3850 2233.ssss
2085 3697 2628 3850 fiffimnfiin‘issii'

675 3872 849 3956 quod
893 3873 1194 3938 Viennae
1248 3872 1318 3937 in
1381 3837 1545 3937 urbe
1588 3868 1915 3955 Lugduno
1978 3869 2196 3936 vicina
2252 3833 2626 3936 clanculuni

674 3978 992 4024 excusum
1047 3967 1164 4024 est.
1188 3959 1244 4043 ⁸)
1343 3957 1509 4022 Eius
1580 3965 1802 4022 autem
1870 3954 2079 4020 multa
2150 3954 2555 4037 exemplaria
2569 3957 2627 4031 4)

718 4044 991 4110 roximis
1033 4043 1346 4109 nundinis
1381 4041 1793 4126 paschalibus
1812 4040 2309 4107 Francfordiam
2350 4039 2628 4107 devecta

671 4065 966 4194 fuerant:
1030 4149 1259 4195 verum
1303 4127 1571 4193 institor
1612 4126 2031 4213 typographi,
2076 4126 2181 4191 vir
2221 4127 2371 4210 pius
2413 4134 2483 4191 et
2522 4126 2625 4190 in-

671 4223 884 4299 teger,
930 4235 1129 4299 quum
1176 4213 1550 4280 admonitus
1592 4213 1762 4279 foret
1803 4211 1974 4278 nihil
2016 4211 2153 4278 illic
2194 4220 2454 4296 praeter
2497 4211 2623 4277 im-

670 4319 969 4365 mensam
1029 4319 1327 4366 errorum
1381 4299 1782 4383 farraginem
1839 4297 2190 4376 contineri,
2258 4298 2623 4381 suppressit

669 4383 984 4469 quidquid
1054 4384 1353 4453 habebat.
1459 4383 1678 4466 Quam
1752 4384 1979 4450 multis
2050 4383 2409 4462 erroribus,
2489 4385 2621 4449 imo

668 4624 849 4679 1700.
876 4623 933 4691 1)
968 4624 1189 4677 Interea
1222 4625 1417 4679 missus
1453 4631 1539 4679 est
1558 4623 1627 4676 ad
1646 4623 2084 4678 Francosordiam
2122 4622 2342 4692 quidam
2366 4623 2620 4693 Thomas,

664 4694 897 4748 famulus
932 4693 1072 4747 Rob.
1109 4692 1388 4763 Stephani,
1434 4693 1527 4763 qui
1564 4693 1733 4746 libros
1770 4691 2001 4757 Servati,
2040 4691 2134 4761 qui
2169 4692 2282 4744 illic
2317 4691 2387 4746 ad
2420 4692 2616 4747 nundi·

664 4779 764 4817 nas
798 4761 1000 4832 prolati
1033 4761 1266 4827 fuerunt,
1300 4762 1599 4816 combussit
1631 4778 1699 4814 ne
1735 4760 2184 4814 distraherentur.
2246 4759 2486 4815 Nuncius
2521 4761 2615 4817 ille

666 4850 700 4887 a
731 4831 1202 4886 concionatoribus
1235 4830 1449 4884 illarum
1495 4831 1842 4884 ecclesiarum
1877 4830 2069 4884 retulit
2102 4829 2291 4883 literas
2324 4830 2381 4884 in
2417 4830 2614 4899 quibus

665 4904 925 4956 Servatus
978 4899 1335 4953 damnabatur
1393 4908 1485 4952 tan
1527 4916 1649 4952 uam
1703 4898 2025 4953 haereticus.
2109 4896 2288 4963 (Hm.
2329 4898 2396 4953 de
2445 4906 2615 4954 morte

669 4970 879 5026 Servati
910 4984 1004 5037 ap·
1046 4968 1311 5023 Μοεήοὰκ
1345 4967 1380 5021 1.
1417 4969 1453 5021 l.
1558 4966 1607 5033 9,
1641 4967 1712 5032 ef.
1759 4966 2021 5036 Trechsel,
2050 4982 2110 5035 p.
2148 4965 2252 5020 120
2284 4972 2337 5021 et
2369 4965 2511 5030 232.)

868 5037 927 5105 2)
967 5035 1060 5091 Sic
1132 5053 1301 5107 noque
1347 5037 1561 5091 Vinius
1597 5034 1674 5091 N.
1711 5034 1862 5092 1777.

665 5174 767 5229 758
816 5106 930 5229 83))
965 5055 1173 5239 &230⁰
1208 5106 1332 5161 vide
1379 5121 1520 5175 quae
1564 5105 1844 5161 attulimus
1887 5106 1948 5159 in
1986 5103 2144 5159 Actis
2175 5103 2359 5170 (Vm.
2395 5103 2491 5159 751
2535 5120 2613 5176 sq.

867 5243 925 5310 4)
965 5244 1195 5297 Eccum
1224 5243 1450 5309 fuerant
1480 5240 1622 5296 male
1648 5241 1824 5308 (VIII.
1862 5239 2009 5307 749).
2083 5240 2180 5296 Eo:
2212 5243 2411 5311 quibus
2442 5242 2615 5297 multa

666 5311 1129 5435 Frgggolordiam
1160 5315 1327 5367 missa
1341 5331 1359 5379 ,·
1407 5311 1521 5367 azia
1540 5309 1891 5380 Lugdunum,
1925 5310 1992 5366 de
2024 5311 2221 5380 quibus
2252 5327 2303 5366 v.
2339 5309 2473 5368 ibid.
2510 5309 2611 5365 753

658 5389 711 5435 e!
854 5424 866 5436 .

2196 461 2725 531 EPIS'I’OLAE
2775 464 3192 529 1779—1782
4557 470 4664 531 600

2750 648 3141 735 prodigiosis
3201 650 3272 715 in
3329 646 3552 716 Deum
3611 649 4038 734 blasphemiis
4092 656 4371 729 scateat,
4425 649 4671 736 longum

2753 743 2924 801 esset
2968 736 3232 801 referre.
3321 735 3402 801 F·
3504 736 3592 801 'te
3652 735 3834 803 vobis
3892 734 4309 818 rhapsodiam
4354 756 4434 800 ex
4476 735 4668 821 impiis

2721 821 3050 887 ‘omnium
3096 829 3387 887 aetatum
3490 821 3695 888 eliriis
3751 830 4113 888 consutam.
4201 820 4472 886 Nullum
4513 826 4669 889 enim

2751 916 2853 973 est
2908 906 3266 992 impietatis
3323 928 3531 993 genus
3545 961 3559 987 ,
3620 906 3793 990 quod
3864 928 3997 973 non
4067 906 4230 973 hwc
4300 906 4513 973 bellua
4569 931 4669 975 ve-

2748 993 2853 1058 lut
2893 1015 2978 1059 ex
3034 993 3265 1059 inferis
3343 995 3745 1061 excitaverit.
3864 993 3960 1059 Et
4022 992 4196 1058 malo
4266 1013 4347 1057 ex
4417 992 4672 1061 lectione

2748 1080 2896 1164 ipsa
2950 1100 3068 1145 vos
3127 1077 3442 1144 iudicium
3499 1079 3728 1147 facere.
3823 1079 4014 1146 Certe
4067 1079 4406 1161 reperietis
4448 1080 4573 1146 fere
4612 1083 4673 1145 in

2750 1164 3030 1249 singulis
3115 1163 3374 1250 paginis
3451 1164 3623 1249 quod
3711 1166 3896 1232 vobis
3978 1163 4322 1231 horrorem
4403 1164 4671 1232 incutiat.

2751 1251 2966 1316 Autor
3009 1250 3151 1335 ipse
3209 1260 3471 1317 tenetur
3526 1252 3595 1317 in
3652 1271 3913 1318 carcere
3957 1272 3997 1316 a
4039 1251 4434 1335 magistratu
4470 1262 4673 1318 nostro

2749 1345 2815 1402 et
2857 1335 3232 1420 propediem
3250 1387 3266 1417 ‚
3319 1342 3394 1400 ut
3437 1356 3655 1420 spero,
3716 1336 3993 1403 daturus
4037 1346 4137 1402 est
4178 1356 4443 1421 poenas.
4525 1337 4674 1404 Ves-

2747 1429 2925 1487 trum
2970 1430 3187 1488 autem
3250 1430 3348 1487 est
3390 1420 3548 1488 dare
3601 1442 3895 1507 operam,
3955 1444 4040 1489 ne
4081 1422 4206 1489 hoc
4248 1431 4385 1487 tam
4429 1424 4673 1506 pestife-

2748 1528 2900 1572 rum
2943 1528 3269 1574 venenum
3327 1506 3437 1572 lon
3491 1508 3591 1574 ‘us
3644 1520 3923 1575 emanet.
4012 1508 4312 1574 Nuncius
4363 1507 4545 1575 vobis
4583 1529 4675 1574 re·

2746 1594 2916 1659 feret
2968 1594 3039 1658 in
3101 1613 3230 1677 qua
3286 1613 3408 1677 apo
3487 1613 3601 1663 eoa
3658 1595 3794 1660 sint
3856 1595 4036 1674 libri,
4102 1604 4167 1660 et
4262 1614 4346 1660 uo
4403 1616 4672 1661 numero.

2748 1678 3111 1757 Librarius,
3157 1679 3281 1744 nisi
3326 1678 3534 1758 fallor,
3580 1681 3770 1745 exuri
3813 1682 4115 1764 patietur.
4205 1616 4402 1762 &uod
4445 1680 4501 1747 si
4537 1680 4676 1763 quid

2747 1762 3063 1831 obstaculi
3116 1775 3288 1830 esset
3304 1817 3319 1843 ,
3381 1786 3495 1831 vos
3549 1776 3685 1831 tam
3746 1765 3883 1832 fore
3935 1765 4236 1832 cordatos
4278 1765 4558 1844 confido,
4611 1776 4676 1832 ut

2746 1849 3037 1915 mundus
3089 1855 3226 1916 tam
3284 1852 3481 1916 noxia
3544 1852 3914 1937 corruptela
3968 1860 4304 1937 purgetur.
4393 1852 4486 1918 Et
4526 1853 4677 1918 ratio

2747 1935 2933 2001 vobis
2986 1936 3296 2022 expedita
3351 1938 3490 2002 erit.
3594 1936 3792 2019 Quod
3856 1939 3911 2004 si
3983 1948 4201 2005 vestro
4255 1937 4525 2004 arbitrio
4582 1959 4674 2003 res

2746 2022 3066 2104 permissa
3100 2022 3316 2098 fuerit,
3354 2043 3614 2089 necesse
3651 2044 3782 2089 non
3819 2024 3945 2090 erit
3982 2045 4022 2090 a
4053 2024 4446 2109 magistratu
4466 2030 4673 2106 petere

2747 2115 2823 2172 ut
2864 2127 3134 2174 manum
3169 2108 3438 2175 iniiciat.
3506 2107 3900 2192 Quanquam
3944 2118 4168 2176 autem
4210 2109 4304 2174 ita
4344 2109 4428 2175 de
4472 2118 4676 2176 vestra

2744 2193 3123 2278 integritate
3177 2214 3325 2260 sum
3382 2213 3760 2277 persuasus,
3830 2205 3902 2261 ut
3959 2216 4072 2262 vos
4126 2215 4268 2262 esse
4324 2196 4676 2262 admonitos

2743 2278 3058 2345 sufficiat:
3141 2280 3238 2344 rei
3303 2289 3526 2346 tamen
3590 2279 3976 2365 magnitudo
4054 2281 4340 2366 postulat
4421 2290 4497 2347 ut
4571 2301 4675 2364 per

2744 2363 3086 2431 Christum
3132 2384 3249 2432 vos
3302 2366 3589 2433 obtester
3603 2417 3619 2447 ,
3674 2387 3758 2432 ne
3817 2367 3998 2434 vobis
4054 2368 4281 2433 effluat
4322 2367 4571 2435 occasio
4609 2376 4676 2432 ut

2743 2448 2969 2516 sedulo
3029 2451 3172 2516 sitis
3238 2448 3322 2517 ad
3392 2452 3679 2519 officium
3746 2461 4035 2519 vestrum
4094 2454 4349 2519 intenti.
4455 2452 4675 2518 Valete

2740 2536 3141 2604 ornatissimi
3183 2538 3309 2603 viri
3366 2548 3433 2603 et
3484 2537 3803 2604 carissimi
3858 2539 4111 2605 fratres.
4200 2539 4528 2604 Dominus
4571 2559 4673 2605 vos

2742 2621 2981 2707 spiritu
3023 2642 3143 2687 suo
3187 2635 3399 2708 regat,
3460 2621 3781 2707 praesidio
3825 2631 4091 2690 tueatur
4133 2633 4200 2689 et
4241 2623 4502 2690 labores
4538 2645 4676 2689 ves-

2743 2715 2911 2858 ιιὲοέ3
2940 2706 3297 2774 benedicat.
3386 2708 3700 2776 Genevae
3714 2760 3730 2788 ,
3791 2714 3847 2775 6.
3894 2709 4220 2778 Calendas
4274 2708 4677 2795 Septembris

3519 3089 3860 3096 —-—-——--——.—-
3879 3092 3923 3097 .-

3610 3321 3796 3393 1781.

3244 3474 3487 3541 BEZA
3529 3475 4164 3545 BULLINGERO.

2906 3644 3185 3712 Puerum
3258 3647 3564 3712 Turicum
3637 3649 3903 3714 missum
3979 3652 4361 3717 commendat
4442 3659 4516 3717 ut
4589 3652 4669 3716 ibi

2728 3732 2902 3812 apud
2951 3731 3325 3798 Gualterum
3369 3733 3609 3810 amur,
3670 3739 3724 3798 et
3777 3735 3999 3800 literas
4054 3756 4096 3802 a
4141 3736 4388 3803 Iudaeo
4430 3738 4669 3804 tandem

2726 3822 2997 3884 extortas
3036 3819 3312 3884 nunciat.
3405 3817 3605 3885 Porro
3652 3818 3966 3887 Servatam
4005 3826 4256 3905 captum
4293 3825 4551 3907 aaudet.

2727 3988 2901 4056 (Anto
3001 3988 3146 4060 phou
3197 3996 3404 4054 exstat,
3458 3991 3554 4044 sed
3599 3991 3717 4045 sine
3762 3992 4141 4061 inscriptione,
4192 3994 4248 4047 in
4285 3995 4462 4048 Arch.
4500 3996 4666 4049 Turio.

2725 4058 2871 4111 Plut.
2958 4058 2998 4111 1.
3036 4057 3164 4112 Vol.
3198 4057 3315 4124 166,
3349 4058 3480 4112 olim
3497 4058 3640 4129 Epp.
3668 4060 3817 4114 Tom.
3854 4058 3938 4125 24,
3973 4061 4067 4118 fol.
4101 4061 4169 4116 93
4205 4070 4262 4116 et
4294 4062 4383 4116 66.
4459 4065 4671 4118 Scilicet

2725 4126 2996 4196 posterior
3030 4143 3157 4196 pars
3230 4143 3330 4181 uae
3362 4126 3431 4181 de
3465 4128 3693 4182 Serveto
3740 4130 3854 4199 agit
3886 4131 4068 4183 nescio
4150 4148 4220 4185 uo
4255 4148 4387 4186 casu
4423 4150 4458 4185 a
4494 4136 4668 4202 priore

2727 4202 2980 4317 ⁸2pffl¹i1⁸
3015 4202 3112 4318 ‘inl
3158 4198 3274 4317 1¹ic
3297 4212 3527 4318 ι(ιιιῖιέῃιιο
3562 4199 3616 4320 iili
3643 4196 4016 4321 θοὰιθοιέον.
4056 4199 4119 4252 11
4158 4240 4171 4265 ,
4187 4200 4298 4322 lgol.
4335 4199 4444 4255 135
4480 4214 4537 4256 et
4571 4198 4664 4323 1v219

2724 4281 2754 4317 ⁰
2969 4305 2983 4330 ’
3051 4281 3120 4318 ⁰·
3267 4282 3793 4389 ‘’ms-31:3⁸3}
3825 4284 4153 4403 vm&
4238 4286 4329 4339 ''¹''
4368 4272 4540 4325 Bm·
4655 4311 4666 4322 ’

2895 4504 3196 4570 Salutem
3253 4515 3320 4571 et
3374 4527 3596 4590 pacem
3654 4528 3695 4572 a
3747 4506 4050 4574 Domino.
4153 4507 4317 4574 Puto
4379 4509 4667 4577 redditas

2721 4610 2864 4656 esse
2907 4589 3027 4655 tibi
3069 4589 3298 4657 literas
3337 4612 3517 4658 meas
3537 4644 3551 4667 ,
3579 4598 3632 4667 ¹)
3675 4594 3768 4658 mi
3826 4601 4015 4676 pater
4054 4595 4664 4667 observandissime.

2719 4674 2954 4759 quibus
2995 4696 3104 4741 me
3147 4677 3266 4744 tibi
3307 4677 3674 4763 purgabam
3718 4678 3799 4744 de
3833 4678 4146 4745 diuturno
4188 4680 4460 4747 silentio
4504 4704 4663 4756 meo.

2718 4772 2786 4826 et
2826 4760 3188 4828 scribebam
3234 4761 3315 4828 de
3357 4765 3641 4847 quodam
3684 4763 4114 4840 adolescente,
4158 4786 4353 4847 quem
4393 4780 4664 4850 patruus

2715 4847 2942 4930 ipsius,
2987 4846 3183 4913 homo
3228 4862 3294 4914 et
3332 4851 3574 4932 pietate
3617 4860 3685 4918 et
3725 4872 3967 4936 genere
4009 4850 4263 4931 nobilis,
4304 4854 4480 4919 istuc
4525 4857 4664 4920 mit-

2715 4942 2856 4998 tere
2906 4934 3366 5002 constituisset.
3456 4936 3648 5004 Nacti
3700 4937 3905 5021 igitur
3958 4958 4045 5002 ex
4098 4938 4435 5021 insperato
4499 4941 4662 5006 hanc

2714 5018 3119 5085 commodam
3166 5022 3565 5088 occasionem
3611 5044 3758 5088 eum
3805 5022 3885 5088 ad
3931 5035 3997 5087 te
4038 5024 4380 5101 mittimus,
4432 5025 4661 5092 huma·

2714 5105 2925 5171 nitate
2972 5114 3091 5170 tua
3132 5108 3311 5183 freti,
3372 5122 3437 5174 et
3490 5109 3683 5174 simul
3736 5129 3776 5173 a
3819 5117 3885 5173 te
3927 5129 4326 5193 magnopere
4372 5114 4659 5195 petimus

2713 5380 2879 5436 1781.
2920 5382 2977 5451 1)
3012 5398 3242 5453 quarum
3278 5384 3474 5439 mentio
3504 5384 3566 5451 fit
3601 5381 3680 5437 N.
3723 5380 3866 5437 1777.

4819 4144 4822 4275 w
