4900 6167
645 453 770 515 547

638 658 812 704 vous
852 636 1126 702 fortifier
1168 634 1249 700 de
1292 632 1444 719 plus
1487 654 1573 698 en
1616 633 1769 717 plus
1812 653 1898 697 en
1942 650 2016 697 sa
2058 637 2249 697 vertu
2264 679 2280 708 ,
2327 637 2394 696 et
2434 648 2604 695 vous

639 724 804 789 faire
847 722 1056 788 sentir
1097 720 1248 803 quel
1291 720 1482 804 soing
1524 719 1573 783 il
1617 739 1657 782 a
1698 717 1779 784 de
1822 726 2044 783 vostre
2087 715 2280 795 salut,
2325 723 2395 780 et
2436 734 2602 799 aug-

639 815 904 874 menter
957 827 1044 872 en
1103 827 1265 872 vous
1318 806 1413 871 les
1469 803 1635 870 dens
1692 803 1775 869 de
1828 824 1946 869 son
2004 803 2216 887 esprit
2268 821 2439 885 pour
2503 799 2600 865 les

641 896 807 960 faire
850 894 1062 959 servir
1104 913 1145 959 a
1188 911 1262 958 sa
1303 891 1512 975 gleire
1554 892 1788 974 iusqua
1833 891 1898 954 la
1940 892 2052 956 fin.

813 978 891 1045 Ie
933 1000 1017 1045 ne
1059 978 1171 1062 fay
1214 980 1402 1062 point
1443 996 1585 1041 mes
1643 974 2276 1042 recommandations
2316 994 2401 1038 en
2445 991 2600 1057 par-

639 1065 904 1131 ticulier
947 1086 987 1129 a
1027 1085 1147 1130 noz
1185 1064 1412 1142 freres,
1459 1082 1697 1146 pource
1732 1083 1861 1146 que
1896 1063 1957 1127 ie
1991 1081 2150 1145 croy
2185 1079 2311 1143 que
2345 1058 2413 1124 la
2447 1078 2597 1142 pre-

641 1159 829 1217 sente
881 1150 1028 1216 leur
1069 1169 1219 1215 sera
1271 1169 1566 1216 comune.
1590 1147 1646 1234 ⁶)
1733 1148 1955 1213 Iavois
2010 1149 2281 1231 iusques
2325 1145 2429 1228 icy
2475 1143 2599 1208 dif-

639 1238 776 1303 fere
842 1235 922 1303 de
979 1255 1144 1301 vous
1202 1236 1442 1301 escrire
1511 1255 1676 1319 pour
1744 1232 2161 1299 lincertitude
2219 1230 2301 1296 de
2372 1239 2597 1297 vostre

639 1331 826 1402 estat,
874 1320 954 1387 de
997 1342 1161 1405 peur
1203 1319 1285 1385 de
1329 1341 1493 1386 vous
1535 1340 1835 1405 ennuyer
1878 1342 1960 1385 en
2005 1319 2176 1385 vain.
2242 1315 2605 1383 Derechief

638 1411 702 1474 ie
742 1428 1029 1493 pryeray
1073 1415 1299 1472 nostre
1335 1406 1466 1471 bon
1501 1405 1677 1471 Dieu
1710 1405 1896 1470 avoir
1939 1425 2014 1471 sa
2045 1406 2223 1469 main
2260 1400 2595 1486 espandue

638 1514 809 1578 pour
852 1512 1019 1559 vous
1061 1513 1421 1558 conserver.
1445 1492 1498 1570 Ἰ)

1523 2022 1710 2092 1747.

818 2176 1491 2245 BULLINGERUS
1537 2175 2304 2244 BASSOFONTANO.
2336 2180 2390 2252 ¹)

813 2351 1034 2417 Severe
1076 2348 1469 2431 reprehendit
1490 2350 2012 2432 persequutiones
2034 2350 2293 2432 piorum
2327 2350 2396 2413 in
2434 2347 2592 2413 Gal-

631 2438 725 2503 lia
763 2438 971 2521 factas
1015 2440 1072 2499 et
1113 2455 1193 2499 eoe
1233 2436 1457 2500 recenti
1499 2434 1779 2514 historia,
1825 2436 1988 2500 sicud
2019 2455 2099 2500 ex
2131 2454 2337 2513 sacra,
2385 2439 2587 2500 osteu-

629 2525 726 2591 dit
768 2523 1059 2606 qualibus
1101 2527 1158 2585 et
1199 2521 1454 2601 quantis
1491 2520 1776 2586 cladibus
1809 2522 2095 2586 numinis
2135 2521 2413 2587 vindicta
2435 2541 2586 2601 per-

631 2614 997 2690 sequutores
1042 2606 1320 2691 affliyere
1353 2606 1559 2671 soleat.

632 2781 992 2849 (Excerptum
1029 2795 1096 2832 ex
1134 2776 1264 2831 Ood.
1303 2778 1530 2832 Archiv,
1567 2777 1747 2830 Turic-
1785 2777 1929 2830 Plut.
1969 2777 2118 2830 Vm.
2156 2777 2276 2832 vol.
2311 2775 2407 2838 43.
2454 2776 2583 2830 olim

632 2850 807 2904 Scrin.
853 2849 918 2903 B.
967 2849 1105 2918 Epp.
1153 2846 1307 2900 Tom.
1347 2844 1743 2971 ἕξῶιθίέινὶῖῧ
1752 2862 1977 2982 735031.
2023 2846 2160 2899 Lud.
2209 2846 2481 2899 Lavateri.
2517 2872 2582 2882 —

802 3088 1184 3155 Clarissimo
1242 3088 1381 3152 viro
1439 3085 1525 3151 D.
1586 3087 2101 3152 Bassefontaneo
2172 3084 2580 3153 christianis-

627 3176 782 3241 simi
823 3174 1236 3240 Francorum
1278 3172 1485 3257 Regis
1546 3171 1719 3254 apud
1761 3172 2104 3238 Helvetios
2149 3173 2395 3237 oratori
2439 3193 2580 3237 am-

627 3260 922 3343 plissimo
966 3259 1229 3325 domino
1273 3281 1393 3324 suo
1438 3256 1915 3324 colendissimo.

1969 3358 2401 3426 Solenthurn.

798 3583 934 3652 Sed
993 3584 1181 3663 audi,
1256 3581 1628 3649 venerande
1701 3582 1794 3645 mi
1853 3581 2155 3647 Domine.
2259 3582 2409 3647 Rex
2467 3583 2577 3649 ille

622 3679 844 3739 vester
887 3670 1399 3755 potentissimus,
1445 3679 1514 3732 et
1556 3667 1638 3733 de
1680 3688 1808 3750 quo
1842 3688 2149 3752 magnam
2192 3689 2375 3752 spem
2419 3691 2577 3736 con-

624 3765 890 3842 ceperat
931 3758 1217 3842 optimus
1259 3756 1534 3837 quisque
1551 3803 1566 3830 ,
1627 3753 1906 3836 pessime
1949 3752 2178 3820 audire
2231 3755 2461 3839 incipit
2503 3757 2575 3821 in

623 3844 899 3910 ecclesia
939 3851 1315 3908 sanctorum
1333 3891 1350 3919 ,
1395 3839 1568 3923 quod
1612 3847 1679 3903 et
1719 3838 1862 3923 ipse
1906 3861 2038 3904 non
2084 3839 2343 3906 desinat
2385 3863 2575 3908 cruo-

620 3950 764 3995 rem
800 3925 1137 3994 effundere
1169 3925 1510 3992 innoxium
1546 3924 2004 3991 confitentium
2038 3946 2276 3992 nomen
2301 3926 2572 3994 Christi.

621 4014 854 4098 Nuper
895 4013 1074 4079 lento
1106 4014 1261 4097 igue
1297 4010 1608 4087 ustulare,
1655 4009 1899 4076 nedum
1934 4012 2332 4092 comburere,
2378 4013 2576 4079 iussit

625 4100 912 4184 quinque
956 4097 1103 4163 illos
1138 4096 1423 4163 celebres
1459 4095 1705 4162 Christi
1740 4099 2139 4164 consessores
2160 4097 2495 4184 Lugduni.
2514 4101 2575 4176 ²)

623 4186 730 4250 Ea
770 4206 878 4251 res
922 4183 1082 4250 adeo
1116 4184 1532 4266 exasperavit
1569 4193 1941 4249 nostrorum
1981 4184 2253 4262 animos,
2300 4194 2374 4251 ut
2417 4185 2575 4252 hac·

626 4285 825 4336 100110
868 4290 1002 4335 000
1047 4267 1327 4336 viderim
1374 4289 1597 4353 parem
1632 4268 2129 4354 impatientiam.
2197 4269 2396 4337 Certe
2430 4272 2575 4355 qui-

626 4355 751 4423 bus
793 4355 1113 4423 hactenus
1150 4376 1284 4420 non
1318 4355 1653 4440 ingratum
1689 4355 1814 4421 fuit
1847 4376 2087 4422 nomen
2109 4356 2333 4441 Regis,
2378 4357 2574 4423 modo

625 4441 793 4509 illud
859 4452 1300 4508 exsecrantur.
1414 4440 1834 4507 Clarissimae
1908 4442 2082 4507 enim
2166 4443 2575 4528 respublicae

625 4529 1068 4594 maximorum
1128 4526 1200 4590 in
1257 4526 1572 4593 Helvetia
1634 4527 2029 4611 populorum
2049 4579 2065 4606 ,
2125 4528 2449 4614 'I'igurum
2507 4540 2577 4595 et

621 4615 850 4680 Berna
894 4623 1044 4690 etc„
1105 4611 1486 4696 suppliciter
1527 4634 1787 4679 causam
1830 4613 2230 4698 optimorum
2276 4616 2573 4682 virorum

833 4883 894 4950 6)
931 4883 1119 4966 Calvin
1163 4885 1385 4967 designo
1433 4888 1502 4942 ici
1548 4889 1818 4958 plusieurs
1872 4894 2057 4943 autres
2109 4887 2449 4968 prisonniers
2503 4887 2575 4941 de

625 4955 798 5024 Lyon,
833 4953 1077 5007 Matlnen
1109 4955 1364 5038 Dmonet
1397 4962 1453 5011 et
1487 4957 1655 5011 Denis
1691 4957 1954 5026 Peloquin
1969 5000 1983 5025 ,
2032 4973 2126 5039 qm
2172 4956 2576 5038 entretenaient

625 5024 763 5105 dans
796 5022 877 5077 les
912 5022 1129 5078 eschots
1162 5039 1234 5079 nn
1270 5041 1432 5095 pieux
1466 5042 1768 5082 commerce
1803 5026 2118 5094 epistolare
2160 5040 2292 5079 avec
2339 5025 2419 5078 les
2456 5041 2574 5079 eco-

626 5092 759 5145 ¹¹⁰¹'⁸
791 5090 1230 5226 “suffla
1264 5093 1556 5219 ΕΞΜ)

625 5226 805 5311 1747.
830 5229 890 5294 1)
930 5229 1139 5314 Leyqto
1177 5230 1346 5302 Reyis
1393 5231 1612 5286 Galliae
1654 5229 1810 5299 apud
1855 5228 2157 5296 Helvetios,
2207 5228 2406 5286 Mauri
2441 5229 2572 5285 Mu·

621 5312 742 5352 ⁸⁰⁶²
777 5313 1103 5435 rm.
1143 5369 1311 5424 1....
1394 5367 1528 5424 ν...
1559 5381 1749 5437 ...m

2150 392 2680 509 Erlsroms
2734 441 3153 504 1746--1748

4528 441 4659 503 548

2705 626 2879 711 apud
2921 625 3179 711 Regem
3221 633 3647 712 susceperant
3689 626 4011 712 agendam
4028 678 4043 707 ,
4100 637 4168 692 et
4211 635 4489 712 egerunt
4542 625 4659 692 din

2706 721 2773 778 01
2813 711 3114 779 fideliter.
3185 711 3524 797 Supplicio
3566 710 3802 778 adfecti
3847 732 3981 778 non
4028 713 4300 779 fuerunt
4343 712 4659 796 Anabap·

2704 800 2900 865 tistae
2917 850 2931 876 ,
2993 819 3127 864 non
3171 797 3520 881 Quintiani
3537 850 3552 877 ,
3571 801 3626 875 ⁸)
3686 819 3820 864 0011
3864 797 4010 864 Geo

2705 885 2854 964 dici,
2876 888 2933 968 ⁴)
2978 894 3094 950 aut
3137 885 3284 951 aliis
3318 885 3543 952 infecti
3578 883 3978 950 haeresibus.

2703 971 2978 1054 professi
3022 991 3218 1054 quam
3262 972 3650 1054 profitemur
3692 991 3948 1049 omnes,
4006 991 4202 1055 quam
4273 971 4359 1047 (si
4404 990 4662 1053 aequus

2700 1057 2889 1123 nobis
2923 1057 3107 1123 locus
3150 1055 3572 1136 concedatur)
3620 1057 3964 1142 scripturis
4008 1058 4254 1122 sanctis
4297 1057 4661 1124 subnixam

2700 1162 2845 1208 esse
2887 1142 3062 1208 clare
3097 1155 3163 1209 et
3198 1142 3540 1209 evidenter
3574 1142 3919 1209 ostendere
3952 1163 4333 1228 possumus:
4380 1143 4667 1226 insuper

2701 1237 2769 1294 et
2812 1228 3295 1307 demonstrare,
3350 1228 3734 1313 religionem
3775 1240 4069 1295 nostram
4115 1250 4257 1295 esse
4302 1250 4460 1294 vere
4508 1249 4663 1312 pro-

2697 1314 3030 1400 pheticam
3092 1325 3159 1380 et
3228 1314 3648 1398 apostolicam
3668 1367 3683 1392 ,
3744 1314 3812 1379 id
3869 1331 3998 1393 est,
4058 1317 4394 1398 antiquam
4466 1314 4667 1379 illam

2699 1400 3125 1467 christianam
3170 1407 3237 1465 et
3269 1399 3719 1466 orthodoxam.
3792 1401 4031 1466 Merito
4075 1422 4231 1486 ergo
4276 1401 4451 1467 dolet
4498 1421 4665 1466 nos--

2695 1486 2996 1565 tratibus,
3041 1507 3243 1570 quum
3278 1486 3559 1552 audiunt
3601 1497 3931 1552 consortes
3974 1486 4128 1552 fidei
4163 1487 4457 1554 comburi
4503 1501 4663 1552 tan·

2697 1594 2891 1656 quam
2942 1573 3300 1638 haereticos
3344 1582 3411 1637 et
3445 1572 3796 1658 sacrilegos
3841 1593 3882 1637 a
3922 1573 4104 1656 Rege
4148 1583 4384 1640 vestro.
4476 1574 4542 1638 N
4548 1594 4665 1639 am

2697 1658 3016 1742 colligunt
3056 1658 3212 1724 inde
3252 1658 3409 1742 quid
3446 1657 3526 1724 de
3565 1670 3791 1725 nostra
3829 1678 4090 1743 quoque
4124 1659 4254 1725 fide
4294 1660 4547 1726 sentiat
4594 1670 4669 1724 et

2698 1744 2855 1829 quid
2916 1743 2996 1810 de
3051 1745 3240 1810 nobis
3297 1755 3641 1819 statueret,
3717 1744 3775 1810 si
3829 1745 3954 1830 ipsi
4009 1744 4080 1810 in
4135 1767 4255 1811 nos
4293 1745 4663 1828 imperium

2699 1830 3180 1897 concederetur.
3277 1830 3415 1897 Nec
3487 1830 3677 1896 video
3739 1829 3943 1896 ullam
4004 1852 4146 1897 rem
4213 1832 4405 1897 aliam
4481 1853 4669 1915 quae

2696 1917 2907 2001 possit
2965 1917 3219 1982 animos
3268 1917 3363 1981 ita
3423 1914 3828 2001 disiungere,
3888 1926 4082 2000 atque
4142 1919 4406 1984 unicam
4450 1919 4665 1996 hanc,

2695 2003 3077 2087 praesertim
3121 2002 3544 2087 prudentium
3590 2017 3657 2068 et
3702 2002 4019 2068 bonorum
4065 2005 4372 2069 virorum
4465 2005 4665 2085 Qua·

2697 2099 2963 2172 propter
3006 2090 3287 2172 pessima
3330 2089 3501 2173 Regi
3537 2086 3698 2153 dant
3740 2089 4016 2155 consilia
4059 2091 4171 2173 qui
4205 2091 4421 2174 ipsum
4461 2110 4665 2156 exas-

2693 2186 2928 2259 perant
2985 2188 3053 2239 et
3104 2173 3535 2241 crudeliorem
3588 2173 3890 2241 reddunt.
3981 2173 4286 2241 Sentient
4340 2177 4469 2259 ipsi
4526 2177 4660 2242 ali-

2695 2259 2953 2343 quando
3009 2259 3308 2326 ultricem
3364 2259 3494 2326 Dei
3550 2282 3817 2326 manum
3878 2273 3943 2326 et
3997 2262 4251 2346 Regem
4306 2285 4501 2329 suum
4589 2265 4661 2330 in

2694 2367 2929 2413 manus
2973 2343 3103 2411 Dei
3149 2367 3385 2431 graves
3430 2345 3710 2412 tradent.
3799 2347 3947 2412 Ioas
4007 2369 4127 2414 rex
4170 2346 4410 2424 Iudae,
4470 2351 4669 2417 010111

2691 2438 3160 2500 commemorat
3203 2432 3477 2497 historia
3520 2452 3720 2510 sacra,
3767 2433 4000 2499 saeviit
4043 2434 4114 2498 in
4149 2434 4549 2500 Zachariam
4593 2447 4665 2502 et

2691 2518 2854 2584 alios
2897 2539 3095 2584 verae
3138 2518 3289 2584 fidei
3332 2517 3751 2600 professores,
3797 2518 3910 2585 sed
3944 2540 4077 2588 non
4112 2520 4211 2585 ita
4244 2521 4450 2586 multo
4494 2533 4663 2605 post

4096 799 4226 864 'ani
4285 807 4402 865 aut
4446 799 4658 863 Davi-

4261 884 4458 951 fidem
4497 893 4662 950 sunt

2690 2616 2984 2688 tempore
3057 2605 3604 2671 instructissimus
3672 2606 3881 2688 ipsius
3952 2607 4280 2673 exercitus
4337 2629 4377 2672 a
4434 2628 4663 2691 parva

2689 2690 3013 2775 Syrorum
3055 2710 3256 2755 manu
3299 2690 3485 2755 fusus
3539 2701 3735 2774 atque
3792 2691 4054 2773 fugatus
4113 2708 4240 2770 est,
4298 2693 4437 2776 ipse
4486 2715 4663 2760 vero

2690 2775 2760 2840 in
2809 2776 2976 2842 lecto
3032 2797 3153 2842 suo
3213 2796 3252 2839 a
3296 2777 3505 2842 servis
3551 2778 3686 2842 suis
3730 2779 4066 2844 confossus
4109 2790 4228 2845 est.
4312 2778 4657 2861 Herodes,

2689 2862 2912 2946 magni
2955 2861 3242 2928 Herodis
3283 2862 3489 2939 filius,
3552 2861 3723 2945 quod
3767 2861 4082 2930 illusisset
4126 2864 4253 2930 Dei
4297 2866 4431 2931 filio
4451 2918 4466 2942 ,
4532 2888 4659 2932 ae·

2687 2954 2914 3014 ternae
2984 2948 3275 3026 veritati,
3346 2961 3411 3013 et
3480 2949 3692 3031 capite
3763 2962 4131 3017 truncasset
4190 2951 4257 3015 B.
4317 2952 4657 3018 Ioannem

2684 3034 3077 3118 Baptistam,
3124 3053 3258 3099 non
3299 3033 3505 3099 multo
3549 3044 3700 3119 post
3742 3046 4035 3118 tempore
4079 3036 4161 3102 ab
4183 3037 4437 3103 Aretha
4472 3040 4663 3105 Ara-

2684 3120 2839 3184 bum
2885 3141 3039 3204 rege
3083 3117 3263 3186 clade
3308 3120 3598 3197 affectus,
3644 3121 3782 3203 ipse
3828 3143 3984 3188 vero
4030 3144 4145 3189 rex
4191 3144 4231 3186 a
4265 3122 4425 3200 Gaio
4473 3122 4653 3190 an-

2683 3226 2831 3270 sare
2886 3208 3125 3271 missus
3170 3216 3270 3271 est
3312 3207 3384 3270 in
3428 3207 3761 3284 exsilium,
3819 3210 3884 3271 in
3943 3208 4064 3274 1100
4116 3211 4328 3292 ipsum
4378 3220 4655 3277 vestrae

2685 3291 2948 3358 Galliae
2990 3290 3419 3376 Lugdunum,
3467 3291 3578 3356 ubi
3621 3294 3861 3359 misera
3903 3303 4116 3359 morte
4160 3293 4458 3361 sublatus
4504 3296 4655 3364 fac·

2683 3387 2792 3441 tus
2848 3387 2954 3443 001
3010 3378 3382 3462 exemplum
3453 3380 3745 3443 omnium
3811 3401 4034 3446 eorum
4103 3383 4214 3464 qui
4286 3383 4649 3449 veritatem

2767 3475 3165 3546 rsequuntur
3232 3475 3298 3527 01
3366 3482 3590 3530 001νο0
3655 3462 3784 3529 Dei
3851 3466 4201 3532 crudeliter
4272 3467 4645 3535 trucidant.

2736 3549 2816 3614 ed
2862 3570 2995 3615 non
3038 3559 3138 3615 est
3182 3550 3352 3633 quod
3394 3552 3745 3634 peregrina
3789 3574 4321 3618 commemorem:
4369 3553 4645 3622 domes-

2680 3636 2809 3702 tica
2843 3634 3144 3718 exempla
3178 3638 3385 3700 nostri
3422 3636 3663 3702 saeculi
3705 3648 3861 3702 sunt
3896 3637 4177 3721 plurima
4210 3660 4379 3723 quae
4415 3649 4651 3707 osten-

2681 3721 2844 3787 dant
2915 3729 3163 3805 quanta
3234 3740 3381 3786 cum
3452 3722 3833 3789 infelicitate
3902 3744 4090 3808 reges
4157 3736 4226 3789 et
4293 3726 4649 3810 principes

2679 3808 3091 3893 evangelium
3149 3819 3641 3891 persequantur.
3741 3806 4009 3876 Carolus
4067 3811 4174 3876 hic
4218 3811 4464 3877 Caesar
4517 3814 4646 3880 de-

2678 3901 2932 3959 cretum
2974 3893 3383 3958 Wormatiae
3427 3894 3496 3959 in
3543 3895 3861 3979 principio
3905 3917 3977 3960 re
4025 3898 4093 3961 ni
4138 3896 4242 3962 sui
4286 3895 4454 3964 bene
4474 3899 4647 3966 Dio-

2679 3979 3092 4047 cletianicum
3164 3989 3392 4046 contra
3459 3980 3659 4046 fidem
3728 3981 4147 4064 apostolicam
4203 3983 4438 4061 edidit,
4513 3987 4643 4052 sed

2678 4086 2836 4132 1001
2880 4068 3230 4149 insequuta
3283 4076 3440 4130 sunt
3486 4065 4041 4134 truculentissima
4084 4068 4197 4133 illa
4240 4069 4412 4134 bella
4454 4071 4646 4137 inter

2678 4172 2902 4237 regem
2951 4150 3363 4218 franciscum
3417 4160 3484 4217 et
3522 4153 3741 4235 ipsum
3782 4163 3971 4237 gesta
4011 4175 4160 4222 cum
4216 4155 4419 4221 multa
4478 4179 4641 4223 san·

2680 4239 2903 4324 guinis
2956 4236 3278 4303 effusione
3335 4238 3406 4301 in
3448 4236 3752 4303 Picardia
3807 4248 3874 4303 et
3917 4239 4242 4306 Insubris.
4329 4241 4506 4307 Nam
4566 4257 4643 4310 et

2679 4346 2797 4389 rex
2843 4322 3228 4390 Framisous
3269 4322 3569 4388 nonnihil
3626 4326 3925 4408 persequi
3979 4347 4092 4391 coe
4137 4339 4295 4391 erat.
4381 4328 4640 4396 Pacato

2678 4410 2793 4476 illo
2838 4408 3008 4475 bello
3044 4407 3496 4475 Ferdiuandus
3537 4410 3610 4474 in
3649 4411 3928 4477 Austris
3970 4425 4038 4478 01
4142 4415 4434 4479 ermania
4478 4436 4640 4482 san-

2679 4496 3015 4580 guinarias
3059 4494 3213 4560 tulit
3254 4494 3463 4578 leges:
3523 4515 3677 4562 mox
3732 4497 3935 4581 igitur
3981 4497 4223 4565 adsunt
4265 4499 4521 4567 'Furcae
4564 4515 4644 4569 et

2679 4579 3014 4648 obsidione
3057 4582 3333 4665 cingunt
3375 4580 3589 4662 ipsam
3611 4584 3922 4648 Austriae
3956 4584 4371 4668 metropolim
4415 4587 4633 4653 Vien-

2680 4688 2854 4746 nam,
2899 4666 3013 4733 sed
3056 4679 3125 4732 et
3167 4666 3397 4731 multis
3448 4666 3739 4734 cladibus
3772 4670 4068 4736 afficiunt
4087 4669 4635 4741 Ferdinandicos.

2682 4752 2926 4819 Caesar
2968 4772 3201 4819 rursus
3254 4753 3426 4818 circa
3482 4774 3729 4819 annum
3773 4753 3857 4820 D.
3914 4761 4073 4820 1536
4131 4759 4457 4841 sanguine
4513 4759 4635 4825 de-

2679 4847 2860 4906 creta
2902 4839 3098 4906 scribi
3139 4837 3322 4904 iubet
3362 4839 3433 4904 in
3477 4839 3749 4925 Belgico
3791 4849 4021 4908 contra
4064 4843 4515 4929 evangelicos,
4558 4857 4639 4911 et

2677 4946 2825 4992 0000
2867 4931 3212 5009 reparatur
3255 4923 3499 4989 bellum
3545 4926 4024 4993 atrocissimum
4082 4929 4257 4995 inter
4299 4930 4515 5014 ipsum
4555 4945 4634 4997 et

2677 5009 3094 5078 mancum
3135 5030 3376 5095 regem.
3449 5010 3789 5078 Mal-silias
3831 5015 4276 5099 exstinguitur
4321 5017 4434 5083 lue
4468 5017 4633 5084 an-

2881 5229 2943 5296 3)
2979 5233 3095 5287 sive
3125 5234 3311 5302 potius
3438 5235 3708 5288 inlinient·
3749 5250 3978 5304 quorum
4025 5240 4427 5306 antiquans
4460 5257 4524 5294 er
4554 5241 4637 5294 ln·-

2674 5300 2810 5357 beno
2849 5300 3073 5356 Calvio&
3102 5309 3297 5358 contra
3538 5305 3648 5358 ‘uos
3678 5303 3927 5367 famem
3959 5311 4054 5361 m.

2876 5367 2940 5438 4)
2977 5370 3232 5428 dunelm
3266 5369 3509 5428 Decidio
3544 5370 3696 5428 loris
3727 5371 3940 5443 duplici
3969 5377 4191 5433 1101111·κο
4206 5378 4491 5448 migra-’tt
