4900 6167
666 429 790 508 199

654 631 736 697 in
778 649 858 696 ea
899 625 1232 695 sententia
1262 630 1342 691 ut
1372 624 1458 690 de
1492 620 1836 689 Michaelis
1876 617 2138 704 negotio
2181 618 2617 686 scriberemus

661 714 911 801 gallice,
955 722 1032 779 ut
1073 713 1131 779 si
1174 732 1338 795 opus
1381 716 1553 777 esset
1587 730 1667 775 ea
1709 707 1791 774 de
1822 728 1897 772 re
1930 706 2223 772 conferre
2264 724 2415 772 cum
2450 703 2616 768 ami·

662 803 756 868 cis
794 800 1003 867 latine
1044 797 1461 864 noscentibus
1522 795 1745 861 minus
1800 791 2239 866 laboraretis,
2292 790 2617 856 Tomaeue

662 895 886 971 sperat
917 894 986 951 te
1020 897 1089 949 et
1126 881 1459 951 calvi-num
1495 880 1882 964 Aquilaeam
1904 883 2384 962 pertracturum
2406 880 2461 955 ⁴¹,
2497 880 2613 940 aut

662 972 894 1041 saltem
942 969 1240 1036 alterum.
1310 968 1499 1035 Uxor
1539 966 1778 1032 filiolae
1821 972 1888 1031 et
1921 984 2163 1049 sponsa
2196 970 2264 1029 te
2299 963 2610 1029 salutant.

664 1056 900 1125 Saluta
951 1056 1265 1142 collegam
1323 1063 1389 1120 et
1446 1060 1657 1118 totum
1718 1058 1977 1119 coetum
2017 1056 2332 1115 vestrum.
2418 1046 2608 1113 Vale.

658 1143 1060 1211 Iaausannae
1096 1146 1152 1207 6.
1198 1139 1517 1207 Novemb.
1566 1142 1750 1203 1551.

1630 1272 1813 1339 Tuus
1854 1274 2099 1340 Petrus
2143 1271 2434 1338 Viretus.

1414 1569 1824 1580 ———

1539 1784 1725 1857 1547.

1140 1922 1641 1994 FARELLUS
1686 1920 2123 1990 OALVINO.

832 2097 1042 2165 Plura
1071 2098 1410 2182 praefatus
1460 2097 1537 2163 de
1595 2095 1778 2160 rebus
1840 2114 2002 2177 qaas
2052 2094 2192 2176 ipse
2244 2093 2614 2161 subobscure

660 2184 1160 2253 &discrevisse
1222 2183 1375 2250 dicit
1441 2187 1499 2248 et
1565 2201 1720 2247 sane
1787 2179 2613 2262 subobscuriuspromore

660 2276 901 2352 tradat,
946 2270 1324 2337 commendat
1365 2268 1564 2333 amico
1604 2266 1929 2332 mulierem
1978 2266 2297 2350 quandam
2337 2287 2468 2349 qua
2506 2266 2611 2348 fa-

657 2354 1317 2438 mulafidaetutili
1369 2354 1755 2435 utipoterit.
1846 2351 2613 2418 Porrodesuccessione

657 2444 934 2526 loquitur
986 2442 1060 2508 in
1099 2442 1459 2509 comitatum
1504 2438 1972 2505 Neocomensem
2027 2460 2069 2504 a
2110 2437 2414 2519 pluribus
2454 2457 2612 2504 eom·

656 2527 1024 2682 W
1097 2527 1223 2593 sibi
1296 2526 1681 2592 vindicatam
1750 2525 1940 2607 deque
1999 2525 2479 2612 persequendiom
2539 2524 2612 2589 in

817 2615 887 2680 ia
923 2614 1244 2679 saeviendo.

663 2786 778 2852 (Ex
834 2782 1172 2866 autographo
1215 2781 1348 2865 9011-
1392 2781 1594 2838 Gener.
1650 2780 1768 2848 115,
1828 2781 1919 2835 fol.
1983 2780 2098 2837 102.
2159 2812 2224 2822 —
2270 2780 2610 2837 Contulimus

662 2849 2612 3004 ιιιιειτιήεεῖιοιεξ-..ξιιᾼοξᾶεωᾟιῑῑιιιᾝ

966 2991 1227 3047 lectiones
1258 2997 1528 3044 incautius
1561 2990 1898 3045 coniiciendo
1932 2988 2300 3056 effinxerunt.)

831 3162 1406 3229 Praestantissimo
1477 3161 1722 3229 Christi
1787 3183 1979 3229 servo
2035 3160 2273 3227 Ioanni
2331 3159 2613 3227 Calvino

661 3249 909 3332 pastori
978 3248 1285 3349 ecclesiae
1341 3248 1753 3316 Genevensis
1822 3248 2017 3314 fratri
2080 3254 2148 3313 et
2211 3256 2614 3331 symmystae

662 3355 860 3419 quam
901 3354 1252 3402 carissimo.

2107 3418 2441 3486 Genevae.

835 3553 908 3624 S.
985 3556 1255 3641 Pauper
1308 3554 1585 3622 Midiael
1605 3560 1657 3635 ¹)
1722 3557 1979 3642 cogitur
2052 3556 2264 3623 solum
2334 3563 2614 3624 vertere.

662 3641 770 3709 Ita
809 3642 957 3709 vult
998 3642 1330 3708 Dominus
1372 3662 1528 3708 suos
1570 3641 1680 3707 hic
1723 3642 2013 3709 exemeri
2065 3651 2144 3709 ut
2184 3664 2255 3709 se
2295 3643 2613 3708 memine-

663 3728 801 3793 rint
841 3727 1101 3795 exsules
1137 3749 1280 3795 esse
1322 3735 1390 3793 ct
1423 3727 1619 3793 aliam
1663 3749 1783 3794 nos
1817 3750 2085 3795 manere
2125 3737 2390 3795 terram,
2462 3728 2614 3795 Uti-

662 3834 819 3879 nam
863 3814 1241 3881 erudiamur
1295 3824 1362 3881 et
1412 3813 1874 3897 prudentiores
1917 3816 2153 3895 simus,
2213 3835 2290 3881 ac
2332 3816 2612 3882 circum·

664 3905 884 3983 specte
928 3902 1138 3984 magis
1179 3901 1400 3966 omnia
1443 3909 1511 3965 et
1552 3898 1844 3966 dicamus
1887 3909 1954 3967 et
1999 3901 2350 3982 faciamus,
2395 3899 2614 3966 nobis-

663 4001 790 4070 que
833 3982 915 4048 ab
967 3983 1344 4052 hominibus
1398 4006 1745 4052 caveamus
1800 4007 2144 4070 nunquam
2197 3985 2616 4052 deflectentes

666 4087 708 4135 a
749 4089 924 4136 vero.
1010 4067 1151 4136 Sed
1190 4072 1319 4137 nisi
1362 4072 1689 4138 Dominus
1731 4071 1988 4138 dederit
2030 4070 2186 4157 quid
2216 4072 2615 4156 sperandum

668 4151 750 4220 de
786 4163 925 4221 tam
966 4155 1486 4240 imprudentibus
1543 4166 1611 4225 et
1666 4160 1777 4242 qui
1819 4157 1984 4223 nihil
2041 4156 2313 4224 sumus?
2398 4158 2617 4223 Mirus

670 4250 771 4307 est
804 4241 988 4307 Deus
1030 4249 1098 4308 et
1139 4263 1217 4308 su
1265 4263 1339 4307 ra
1372 4243 1635 4309 modum
1673 4243 2116 4323 admirandus,
2159 4244 2274 4328 qui
2316 4243 2617 4308 commit-

672 4327 754 4390 tit
776 4326 1003 4426 ‘ipsam
1055 4263 1536 4411 simplicitatem
1590 4331 1978 4396 vaferrimas
2035 4329 2324 4396 hostium
2368 4319 2618 4395 callidi-

670 4417 824 4489 tati,
869 4421 939 4478 et
978 4414 1076 4477 ita
1117 4414 1322 4479 vincit
1361 4421 1466 4493 ut,
1513 4414 1654 4481 sive
1696 4423 1964 4500 superet
2004 4415 2420 4500 simplicitas,
2476 4416 2617 4482 sive

672 4496 865 4566 cadat
917 4505 984 4564 et
1036 4498 1132 4564 ita
1184 4510 1518 4565 mereatur
1570 4522 1815 4584 poenas
1887 4500 2045 4567 dare
2111 4509 2214 4578 (ut
2266 4522 2399 4566 non
2463 4522 2616 4567 raro

660 4582 926 4676 evenit)
943 4634 961 4663 ,
1028 4593 1250 4650 tamen
1323 4586 1549 4669 vulpes
1605 4588 1676 4651 in
1742 4587 1877 4653 suis
1929 4587 2187 4655 astutiis
2252 4589 2616 4672 capiantur.

674 4667 852 4752 Quid
897 4670 1074 4735 enim
1117 4670 1463 4736 absurdius
1520 4692 1715 4755 quam
1772 4672 1946 4755 quod
2002 4682 2220 4739 actum
2278 4682 2376 4738 est
2434 4681 2619 4739 tanto

676 4764 825 4823 astu
903 4763 1002 4820 tot
1064 4756 1478 4833 conciliis?²)
1575 4756 1867 4823 Tandem
1940 4779 2046 4824 res
2102 4760 2247 4843 ipsa
2313 4760 2620 4825 omnibus

676 4862 821 4909 sese
865 4842 1135 4925 aperiet.
1222 4842 1292 4908 Is
1336 4844 1446 4927 qui
1501 4843 1568 4907 in
1624 4843 1802 4909 coelo
1857 4844 2109 4912 habitat
2165 4846 2377 4912 iustus
2420 4844 2619 4911 iudex

664 4926 943 4994 -tandem
987 4949 1176 4994 suam
1217 4948 1478 4994 eausam
1534 4929 1777 4995 iudicet
1827 4939 1896 4996 et
1950 4931 2263 5015 improbis
2304 4931 2623 5016 rependat

679 5013 849 5097 quod
888 5014 1250 5080 commeriti
1295 5023 1471 5080 sunt.
1542 5013 1733 5096 Quae
1768 5018 2159 5084 subobscure
2194 5018 2622 5085 cernebamus

666 5241 855 5344 ‘ru-1.
881 5286 940 5353 1)
986 5287 1122 5344 veae
1149 5287 1567 5356 praecedentem.

886 5355 949 5424 Β)
987 5357 1225 5412 consiliis
1260 5373 1449 5428 apogr.

2166 419 2695 498 EPIS'POLAE
2744 427 3161 489 1546-1551

4527 425 4637 488 200

2717 612 4151 795 ffismwffluffisszzfflfflffl
4159 628 4639 794 suffra

2715 790 2824 848 tra
2863 782 3129 850 student
3172 783 3426 850 duobus
3467 782 3718 848 servire
3759 781 4043 848 domims
4097 782 4148 846 ii
4203 781 4316 865 qui
4355 781 4422 845 in
4463 799 4640 847 umus

2714 871 2994 952 gratiam
3029 870 3219 935 alteri
3254 890 3397 935 sese
3430 869 3695 953 fingunt
3725 888 3963 951 cupere
3990 868 4256 935 servire.
4326 865 4641 932 Hammon

2713 975 2984 1038 prorsus
3028 977 3069 1020 a
3111 954 3378 1021 Christo
3420 954 3710 1021 abducit:
3779 954 3953 1019 unde
3995 955 4074 1018 fit
4116 962 4225 1031 ut,
4282 971 4479 1036 quum
4519 971 4641 1016 om-

2712 1061 2832 1107 nes
2875 1047 3207 1107 sectentur
3248 1061 3432 1124 opes,
3477 1040 3845 1105 rarissimos
3886 1039 4217 1123 possideat
4260 1035 4566 1103 Christus.

2885 1125 3088 1212 Cupio
3151 1128 3392 1193 rescire
3458 1126 3612 1210 quid
3673 1140 3890 1191 actum
3962 1127 4051 1190 sit
4119 1145 4270 1191 cum
4325 1122 4644 1190 cuculione

2715 1211 3111 1297 Hieronymo.
3139 1216 3195 1297 ⁸)
3283 1213 3408 1277 Est
3447 1211 3557 1278 hic
3600 1212 3749 1295 pius
3790 1210 4243 1295 Lothoringus
4285 1210 4397 1293 qui
4438 1229 4644 1293 aeger-

2713 1298 2882 1364 rime
2921 1300 3046 1363 fuit
3090 1297 3441 1363 admissus:
3498 1296 3821 1381 siquidem
3877 1296 4125 1362 exteris
4177 1313 4416 1381 parum
4468 1293 4647 1359 datur

2711 1382 2822 1450 hic
2879 1384 3128 1450 favoris
3181 1393 3252 1449 et
3307 1383 3450 1450 loci.
3554 1383 3905 1466 Quumque
3973 1382 4145 1448 hanc
4200 1400 4401 1447 anum
4465 1395 4648 1464 supra

2712 1470 2982 1535 modum
3024 1468 3453 1548 commendet,
3497 1477 3566 1534 et
3616 1470 3885 1552 insuper
3925 1468 4132 1533 filiam
4173 1469 4347 1547 eius,
4390 1465 4539 1531 licet
4583 1467 4646 1531 in

2712 1557 2934 1621 animo
2979 1555 3290 1621 haberem
3331 1576 3479 1621 eam
3521 1555 3839 1633 retinere,
3885 1552 4001 1619 sed
4043 1574 4247 1637 quum
4287 1551 4476 1616 liberi
4530 1551 4647 1617 fra·

2711 1642 2835 1707 tris
2877 1650 3152 1724 poscant
3165 1643 3222 1724 ⁴)
3265 1642 3609 1706 mulierem
3653 1661 3821 1725 quae
3857 1641 4039 1705 omni
4081 1639 4246 1705 hora
4287 1644 4543 1722 surgat,
4581 1643 4650 1703 ut

2711 1734 2965 1793 taceam
3009 1727 3092 1792 de
3137 1726 3371 1792 diurno
3415 1726 3656 1807 labore,
3699 1726 4073 1791 existimavi
4117 1746 4283 1802 eam,
4329 1724 4389 1788 si
4419 1725 4512 1788 ita
4541 1721 4648 1787 ha-

2711 1810 2823 1876 bet
2862 1820 2938 1876 ut
2979 1812 3088 1878 hic
3144 1814 3552 1879 sanctissime
3612 1813 3934 1890 affirmat,
3993 1811 4112 1876 tibi
4167 1809 4363 1876 valde
4416 1808 4646 1874 utilem.

2711 1896 2916 1963 Novit
2958 1899 3136 1964 enim
3179 1920 3318 1964 rem
3374 1898 3800 1965 domesticam
3865 1896 4152 1963 studiose
4195 1915 4458 1974 curare,
4520 1913 4648 1960 coe·

2711 2004 2892 2048 mere
2934 1994 3001 2048 et
3044 1985 3423 2067 dispensare
3464 1984 3726 2068 singula
3779 1992 3854 2048 ut
3897 2004 4018 2066 par
4059 1990 4188 2047 est:
4257 1990 4326 2046 et
4367 2002 4514 2047 cum
4556 1979 4650 2046 hin

2714 2067 2900 2133 adest
2944 2070 3154 2152 pietas
3197 2091 3364 2154 quae
3408 2074 3618 2154 coegit
3652 2091 3796 2135 eam
3841 2069 4062 2135 omnia
4096 2066 4417 2133 deserere.
4485 2065 4651 2130 Peri·

2712 2153 2930 2218 culum
2977 2155 3191 2220 facere
3234 2157 3478 2240 poteris
3513 2157 3759 2238 aliquot
3792 2154 4019 2220 diebus
4052 2155 4122 2218 in
4160 2153 4438 2218 alicuius
4479 2151 4649 2235 probi

2715 2236 2981 2304 aedibus
3036 2242 3124 2323 (si
3182 2249 3403 2307 tamen
3461 2242 3584 2306 tibi
3649 2240 3966 2306 eiusmodi
4024 2261 4186 2323 opus
4239 2240 4328 2305 sit
4391 2237 4649 2313 famula)

2711 2324 2769 2389 si
2822 2344 2981 2389 vera
3032 2334 3193 2392 sunt
3246 2349 3412 2411 quae
3473 2326 3697 2410 audita
3765 2327 3993 2393 scribo.
4097 2325 4250 2391 Non
4309 2344 4488 2389 eram
4527 2322 4643 2389 hoc

2712 2408 3058 2474 additurus
3100 2412 3227 2477 nisi
3271 2420 3613 2497 tantopere
3656 2414 3867 2478 bonus
3909 2413 4015 2478 vir
4056 2432 4202 2475 eam
4261 2410 4433 2475 mihi
4489 2428 4652 2475 com·

2709 2494 3086 2561 mendasset
3126 2506 3202 2561 ut
3241 2496 3396 2563 inde
3438 2498 3812 2583 colligerem
3854 2497 3975 2563 tibi
4019 2497 4269 2562 utilem.
4361 2496 4454 2561 Et
4485 2513 4648 2574 sane,

2711 2581 2770 2647 si
2813 2601 2932 2664 per
2974 2581 3286 2646 familiam
3341 2584 3662 2663 licuisset,
3718 2604 3855 2648 non
3897 2603 4131 2666 passus
4186 2581 4463 2647 fuissem
4516 2599 4650 2646 eam

2711 2665 2908 2732 abire.
2996 2666 3166 2731 Vale
3227 2666 3418 2745 bene,
3489 2679 3559 2734 et
3627 2679 3846 2736 tecum
3911 2668 4200 2752 collegae
4267 2668 4363 2751 pii
4419 2686 4649 2732 omnes.

2713 2751 2927 2837 Oupio
2976 2752 3442 2819 Nonnandium
3484 2755 3739 2821 salvum
3782 2776 3934 2821 cum
3982 2753 4353 2831 Golladinis,
4397 2751 4648 2818 Budaoo

2712 2847 2781 2904 ct
2828 2840 3091 2904 Triccio.
3179 2837 3490 2904 Neocomi
3532 2841 3811 2923 septima
3853 2840 4245 2907 Novembris
4297 2842 4481 2903 1552.
4508 2842 4558 2916 ⁵)

3736 2977 3917 3044 'I'uus
3961 2985 4137 3042 totus
4170 2975 4496 3042 FarelluS.

2887 3160 3231 3229 Marcidus
3263 3160 3372 3228 hic
3411 3161 3542 3227 fuit
3573 3164 3836 3229 nomine
3869 3163 4137 3249 reginae
4173 3162 4462 3242 Scotiae,
4503 3182 4655 3246 quae

2715 3255 3030 3333 tanquam
3072 3257 3287 3314 mater
3328 3261 3398 3313 et
3440 3248 3861 3331 propinquior
3915 3253 4051 3316 filio
4107 3251 4256 3316 vult
4298 3248 4652 3317 succedere.

2719 3334 2855 3402 Sed
2912 3336 3133 3402 nescio
3187 3355 3275 3399 an
3331 3332 3398 3398 id
3455 3334 3709 3417 patriae
3764 3335 4160 3402 consuetudo
4217 3336 4403 3401 ferat.
4504 3335 4656 3400 'fres

2716 3423 2847 3487 iam
2903 3429 3063 3487 sunt
3118 3421 3228 3505 qui
3285 3428 3523 3503 petunt
3562 3418 3738 3485 hanc
3780 3419 4121 3487 ditionem:
4190 3418 4655 3504 Nemorosue,⁶)

2716 3507 3122 3574 Marchionis
3164 3506 3340 3571 filius
3382 3513 3452 3571 et
3492 3505 3770 3589 Regina.
3789 3509 3845 3582 Ἰ)
3930 3508 4260 3573 Dominus
4303 3507 4494 3573 nobis
4535 3505 4655 3572 cle·

2714 3604 2973 3659 menter
3029 3592 3400 3677 prospiciat.
3499 3590 3956 3657 Intelleximus
4008 3593 4089 3659 de
4142 3594 4348 3659 fratre
4407 3593 4657 3676 Huyone

2714 3679 2888 3764 quod
2974 3677 3381 3763 Lugdunum
3456 3677 3658 3742 fuerit
3734 3677 4121 3761 perductus,
4202 3699 4408 3762 quum
4482 3679 4656 3745 aiunt

2714 3766 2847 3830 iam
2888 3763 3134 3848 aliquot
3174 3764 3310 3830 illic
3352 3764 3492 3847 igni
3534 3762 3811 3828 traditos
3848 3763 3929 3829 ob
3969 3764 4340 3844 Christum,
4399 3772 4467 3830 et
4506 3761 4657 3831 Gal·

2715 3851 2815 3916 los
2858 3851 3155 3916 insanire
3196 3851 3268 3914 in
3311 3848 3686 3916 Christum:
3747 3848 3898 3914 licet
3938 3850 4121 3932 prius
4163 3871 4467 3935 sparsum
4509 3849 4657 3916 fuis-¹

2716 3946 2820 4001 set
2861 3936 3134 4002 Gallum
3176 3934 3399 4020 Anglo
3442 3933 3720 4001 donasse
3777 3937 4035 4001 vinctos
4078 3935 4561 4019 Lugdunenses
4600 3945 4660 3999 et

2719 4022 3016 4107 Anglum
3048 4020 3349 4088 levatum
3384 4022 3644 4088 venisse
3686 4042 3725 4086 e
3758 4020 3938 4087 fonte
3959 4021 4166 4105 Regis
4197 4021 4424 4102 filiam,
4461 4039 4659 4106 spem·

2927 4259 2962 4315 3
3023 4260 3265 4315 Boloeeo.

2926 4261 2987 4394 43
3031 4329 3292 4383 δέπαος-ιιι
3325 4327 3482 4397 leyit:
3525 4331 3751 4397 pascant
3794 4332 3846 4381 et
3888 4326 4030 4381 addi
4059 4327 4201 4381 vult.-
4245 4329 4359 4381 suis
4394 4328 4470 4381 im
4541 4327 4658 4381 usis.

2927 4397 2990 4464 5)
3031 4399 3194 4452 Hunc
3229 4413 3437 4451 annue·
3465 4399 3691 4465 praebet
3721 4399 3903 4465 ipsum
3926 4396 4307 4465 automaphon
4342 4412 4448 4451 eun

2721 4472 2936 4523 caetera
2969 4467 3302 4535 exemplaria
3334 4473 3539 4522 omnia.
3613 4464 3721 4520 Sed
3757 4465 4039 4519 evidenta·
4083 4466 4182 4520 hoc
4216 4466 4540 4520 oscitantiae
4569 4464 4659 4519 ιη’·

2722 4537 2991 4593 bundam
3027 4552 3191 4606 quum
3399 4534 3465 4589 de
3499 4533 3722 4589 Bozmo
3757 4547 3802 4589 et
3848 4534 4119 4588 Gravnio
4164 4534 4254 4589 laio
4299 4533 4560 4589 dicuntur
4591 4529 4663 4587 ad

2722 4620 2775 4660 a.
2814 4604 2947 4659 1551
2985 4609 3235 4673 spectant.
3310 4602 3421 4657 Die
3455 4600 3503 4656 7.
3548 4603 3687 4659 Nov.
3726 4602 3863 4658 1552
3899 4602 4156 4658 Farellue
4196 4602 4446 4659 Genevae
4477 4601 4662 4657 aderat

2722 4691 2844 4731 cum
2897 4675 3092 4741 νίψατο,
3125 4679 3255 4727 teste
3293 4671 3427 4740 Rea.
3462 4671 3538 4725 du
3576 4670 3789 4727 Censes!
3840 4673 3945 4726 Vol.
3979 4671 4065 4738 46,
4095 4672 4191 4738 fol,
4226 4669 4346 4724 299.

2930 4742 2992 4805 6)
3028 4740 3370 4809 Apoqrapha
3404 4741 3628 4795 habent.-
3667 4742 3984 4795 Neai-cocus.

2932 4809 2990 4877 7)
3031 4810 3430 4865 Sancte-sionem
3487 4810 3784 4864 Franci-«sci
3833 4811 3988 4863 dacis
4040 4808 4107 4862 de
4324 4810 4514 4865 uevn‘lle
4563 4807 4663 4863 εῶι

2723 4878 3081 4934 vindicabant
3128 4877 3186 4930 1⁰
3217 4877 3353 4931 Dux
3388 4879 3455 4931 de
3492 4879 3789 4940 Nemean,
3837 4877 4071 4932 Iacobus
4113 4877 4181 4931 de
4218 4877 4532 4943 Sabaadta,
4572 4877 4663 4946 φοί

2721 4950 2836 5016 fuit
2866 4949 3017 5015 filius
3059 4947 3304 5015 Philippi
3336 4947 3403 5001 de
3438 4945 3724 5001 sabaudia
3758 4952 3808 4999 et
3836 4945 4087 5000 Gar-lotae
4121 4948 4551 5012 Aurelianensis,
4584 4960 4662 4998 eo·

2722 5018 2872 5072 roris
2905 5019 3086 5085 patrie
3122 5014 3433 5071 Francisci.
3495 5015 3562 5067 2⁰
3592 5015 3845 5069 Man-chio
3879 5015 3946 5068 de
3987 5015 4256 5081 Romaiu,
4292 5017 4452 5071 cuius
4484 5020 4663 5078 numer,

2727 5087 3013 5156 laquelme
3045 5085 3113 5139 de
3152 5083 3368 5152 Bonan,
3402 5084 3572 5139 vidua
3605 5092 3724 5137 erat
3753 5086 3949 5151 patrui
3981 5083 4289 5139 Francieei.
4358 5083 4420 5137 8⁰
4453 5083 4663 5152 Beye'm

2729 5159 2903 5209 vidua
2941 5153 3169 5222 Semina,
3209 5154 3404 5207 Maria
3443 5153 3822 5217 Latinas-inqua,
3860 5155 4017 5205 cuius
4049 5156 4262 5220 monus
4290 5157 4523 5207 marem
4551 5150 4664 5218 fin—

2724 5230 2817 5279 ναι
2853 5223 3169 5278 Ludom‘eus
3204 5224 3632 5284 Aurelianensis,
3670 5221 3965 5274 stane-isca·
3993 5229 4166 5288 pater.
4237 5222 4383 5276 Eius
4415 5223 4545 5275 iura
4580 5219 4664 5275 ae·

2722 5293 2981 5359 studebat
3013 5293 3221 5361 leynam
3260 5291 3430 5359 Reyie
3469 5289 3710 5356 Galbae,
3757 5290 3823 5343 de
3863 5289 4327 5355 Marckeferriere.
4398 5291 4506 5343 Lis
4538 5289 4663 5343 haee

2725 5362 2938 5417 dmum
2971 5368 3176 5416 meare
3207 5377 3262 5416 a.
3285 5358 3420 5414 1553
3454 5359 3686 5413 diremea
3720 5365 3814 5412 est.
3868 5356 4116 5422 (Ruchat
4137 5358 4418 5428 V.42o⁸q.
4441 5355 4664 5420 VLw.)
