4900 6167
277 457 373 521 169

1943 456 2099 519 1551
2150 447 2539 519 AUGUST.

4120 462 4241 524 1⁷0

272 646 629 715 (λη-ἱρείης)
684 647 829 712 vil-0
874 644 959 712 D,
1004 645 1242 711 Ioanni
1284 642 1568 712 Calvino
1621 642 1931 711 000100120
1974 643 2195 709 Gene-
2241 656 2251 750 ἰ
2299 638 2406 701 (Ex
2442 639 2758 710 apographo
2792 640 3052 695 mendoso
3085 640 3215 695 Ood.
3255 641 3420 697 Paris.
3465 643 3664 714 anuy
3699 644 3819 698 Vol.
3855 643 3972 714 102,
4008 645 4100 702 fol.
4137 644 4255 730 74).

273 734 465 800 vensis
509 732 793 797 antistiti
836 732 1344 816 vigilantissimo
1386 727 1650 795 domino
1692 738 1762 795 et
1793 739 2198 813 symmystae

900 817 1359 885 colendissimo
1402 837 1538 883 suo.

417 953 487 1021 S.
554 953 729 1032 Scio,
770 955 861 1019 mi
912 953 1184 1032 Calvino,
1228 951 1628 1038 quotidianis
1688 951 2196 1019 commendatio-

272 1040 439 1106 nibus
480 1049 547 1105 te
590 1049 866 1123 tuosque
910 1048 1170 1106 tantum
1215 1060 1344 1104 non
1388 1038 1576 1104 obrui
1619 1047 1685 1103 et
1725 1036 2015 1114 obtrudi,
2063 1056 2193 1101 non

275 1127 477 1212 dignos
519 1126 729 1192 solum
765 1125 879 1191 sed
924 1146 1266 1209 perversos
1294 1144 1487 1208 saepe
1530 1123 1860 1190 homines:
1887 1128 1936 1200 ¹)
1979 1131 2046 1187 et
2089 1142 2196 1185 me

274 1231 502 1295 quoque
522 1214 995 1279 cunctatiorem
1019 1210 1248 1277 >reddit
1267 1210 1689 1294 experientia.
1759 1207 1893 1274 Sed
1915 1210 2068 1291 quia
2090 1228 2195 1272 res

274 1309 326 1364 ct
362 1298 711 1364 necessitas
756 1317 1226 1381 nonnunquam
1282 1296 1571 1380 postulat
1624 1295 1942 1374 officium,
2001 1291 2195 1358 video

268 1404 383 1449 non
508 1406 544 1448 r
586 1385 813 1449 omnia
852 1404 1043 1467 posse
1085 1383 1452 1448 intermitti.
1542 1380 1745 1445 Venit
1785 1380 1954 1446 istuc
1998 1379 2197 1445 Caro·

268 1467 356 1535 lus
457 1471 690 1535 uminis
721 1468 1033 1547 Flander,
1074 1470 1286 1544 hom0,
1333 1481 1408 1532 ut
1450 1466 1614 1532 mihi
1649 1465 1910 1550 quidem
1949 1466 2197 1548 aliquot

269 1555 499 1621 dierum
543 1555 1033 1621 conversatione
1075 1556 1378 1631 innotuit,
1422 1551 1836 1618 mediocriter
1876 1553 1945 1617 in
1966 1565 1969 1568 ’
1988 1551 2195 1616 literis

264 1642 590 1707 institutus
649 1654 717 1707 et
768 1641 1037 1725 ingenio
1092 1640 1370 1722 simplici
1428 1649 1622 1721 atquc
1682 1637 1977 1703 candido.
2067 1634 2195 1701 Oui

268 1749 447 1810 quum
500 1728 759 1809 pietatis
811 1748 968 1810 crgo
1023 1748 1326 1810 cuperem
1387 1735 1795 1808 prospectum
1816 1776 1830 1802 ,
1894 1743 2012 1806 pro
2055 1723 2196 1805 ipso

267 1811 420 1895 apud
462 1812 838 1878 Bernenses
882 1813 1132 1896 legatos
1195 1813 1327 1876 iam
1375 1812 1481 1876 hic
1524 1820 1794 1895 agentes
1836 1809 2193 1873 intercessi.

268 1897 382 1964 Sed
422 1899 578 1981 qnia
619 1919 800 1982 spem
869 1897 966 1962 illi
1033 1898 1280 1963 nnllam
1346 1897 1666 1973 facerent,
1727 1894 2070 1960 consilium
2114 1892 2195 1959 de

268 1983 545 2049 adeunda
587 1984 813 2050 Gallia
868 1986 1108 2068 coepit,
1166 1995 1281 2048 tuo
1335 1983 1632 2067 inprimis
1689 1991 1753 2046 et
1795 1980 2193 2063 reliquorum

266 2070 514 2136 consilio
578 2071 1067 2153 patrocinioque
1131 2090 1403 2145 usurus,
1481 2069 1537 2134 si
1601 2068 1769 2132 forte
1834 2065 2195 2132 literariam

267 2176 519 2239 eamque
589 2157 1073 2239 quantumlibet
1151 2155 1465 2220 humilem
1536 2153 1823 2219 nancisci
1902 2159 2113 2235 queat.
2135 2151 2196 2232 2)

265 2241 329 2306 Si
367 2241 521 2325 quid
565 2244 635 2305 in
676 2264 829 2307 eum
871 2241 1067 2307 officii
1111 2242 1494 2324 praestitum
1537 2239 1756 2316 fuerit,
1800 2237 2083 2303 arbitror
2125 2240 2195 2301 in

264 2325 575 2392 hominem
621 2328 891 2392 minime
935 2327 1178 2392 malum
1222 2326 1603 2392 collocatum
1651 2325 1748 2389 iri.

415 2411 605 2494 Quae
669 2413 779 2479 hic
844 2412 925 2478 de
978 2413 1416 2479 transactione
1472 2411 1909 2475 Bernensium
1961 2421 2028 2474 et
2071 2408 2193 2474 Sa-

264 2496 441 2563 baudi
478 2500 728 2582 sperari
764 2501 1017 2583 possint
1052 2520 1184 2563 non
1222 2496 1428 2562 video.
1500 2494 1805 2562 Pendent
1838 2496 1907 2558 in
1944 2495 2193 2560 incerto

265 2586 485 2663 omnia,
533 2605 655 2650 nec
698 2585 832 2650 scio
876 2606 1088 2668 paxnc
1124 2586 1333 2666 magis
1368 2602 1453 2646 an
1490 2581 1731 2646 bellum
1771 2579 2193 2646 metuendum

266 2672 352 2734 sit.
438 2670 776 2736 Laborant
830 2670 1193 2753 sudantque
1235 2669 1561 2734 Helvetici
1606 2667 1872 2745 arbitri,
1931 2666 2046 2732 sed
2092 2667 2193 2730 ni-

266 2753 503 2820 hildum
536 2757 897 2839 perfectum
932 2765 1049 2822 est.
1109 2755 1554 2820 Glaronenses
1593 2755 1797 2818 nostri
1832 2753 2192 2818 etiamnum

267 2842 542 2923 graviter
577 2852 920 2920 vexantur,
965 2850 1032 2906 et
1065 2840 1429 2925 periculum
1464 2851 1564 2905 est
1604 2860 1689 2904 ne
1730 2838 2038 2906 diuturna
2071 2838 2195 2902 im-

265 2930 650 3009 portunitate
722 2928 1279 3004 adversariorum,
1350 2936 1417 2991 et
1476 2937 1698 3008 tepore
1776 2922 2192 3007 quorundam

265 3013 359 3094 qui
416 3011 762 3080 Christum
816 3016 1225 3098 profitentur,
1269 3013 1610 3077 amittatur
1653 3011 1969 3096 paulatim
2022 3007 2194 3094 quod

264 3109 542 3182 superest
582 3100 996 3184 evangelicae
1037 3099 1389 3183 religionis.
1410 3100 1466 3180 ⁸)

414 3185 523 3251 De
582 3184 842 3252 Galliae
909 3194 1087 3251 statu
1151 3206 1377 3251 sumus
1433 3183 1857 3249 vehementer
1913 3180 2193 3258 solliciti,

265 3291 459 3352 quem,
503 3273 672 3337 sicut
706 3291 825 3355 par
867 3282 986 3349 est,
1030 3271 1337 3338 ecclesiae
1380 3267 1677 3352 precibus
1723 3267 1984 3334 assidue
2027 3288 2196 3334 com-

264 3356 652 3423 mendamus.
741 3357 820 3423 Si
861 3355 1019 3441 quid
1072 3369 1176 3433 tu,
1235 3359 1325 3422 mi
1368 3357 1600 3433 frater,
1658 3353 1893 3432 habes,
1951 3374 2193 3436 quaeso

265 3441 355 3507 vel
393 3443 556 3526 ipse,
601 3444 709 3510 vel
743 3446 799 3509 si
832 3444 1055 3509 minus
1088 3444 1207 3508 tibi
1256 3452 1445 3509 vacat
1481 3463 1600 3526 per
1642 3441 1725 3505 D.
1769 3440 1852 3504 D.
1915 3439 2196 3505 Viretum

264 3536 366 3593 aut
406 3529 741 3610 Ribittum,
780 3551 961 3595 meos
1004 3529 1447 3608 amicissimos,
1492 3526 1917 3593 communica.
2006 3524 2194 3591 Bene

262 3614 410 3681 vale.
502 3615 756 3701 Scripsi
795 3615 1098 3682 Basileae
1142 3619 1243 3680 27.
1288 3613 1573 3699 Augusti
1616 3632 1791 3677 anno
1841 3616 2020 3675 1551.

1427 3751 1610 3816 'l'uus
1650 3755 1728 3814 ut
1768 3769 2025 3832 semper

1502 3852 1572 3920 S.
1620 3851 1952 3919 Sulcerus.

1004 4148 1411 4160 ——-——-u—

1131 4366 1324 4437 1524.

715 4503 1242 4572 ZERKINTES
1289 4501 1723 4570 CALVINO.

422 4679 690 4763 Neyotia
753 4678 878 4744 sibi
940 4676 1360 4743 commendato
1422 4695 1666 4757 senoper
1727 4674 1900 4741 cordi
1975 4674 2198 4741 habere

262 4769 661 4843 paratu-sest
800 4761 2197 4846 iam‚verumutama92·stratustatim

268 4785 1601 4931 expediantursspenesipsumnonest.

270 5018 429 5075 m·
454 5022 517 5156 ἓ)
541 5034 788 5145 ἵν’-ὥστε
820 5087 1059 5143 volebat:
1096 5088 1477 5143 conditionem.

1256 5157 1268 5169 ”
1315 5156 1326 5169 “
1718 5154 1784 5209 im
1815 5153 2039 5211 divorsa
2071 5155 2192 5210 abo·-

1468 5168 1718 5278 baum.
1753 5223 2192 5307 yvpinNaettels,

272 5269 2195 5366 &mammetpoeepmssmammqupamm

273 5361 1236 5438 λιδῶαιίᾳώοηεσερτααίᾶὁυα.
1297 5362 1442 5419 Inde
1474 5361 2189 5432 disoemationesetffoeae.

2471 811 2715 894 Accepi
2757 811 2982 878 literas
3024 821 3191 890 tuas,
3215 813 3265 894 ¹)
3313 810 3569 879 Calvam
3609 817 3811 880 frater
3853 818 3924 881 in
3954 814 4242 883 Domino

2298 894 2787 974 colendissimo,
2845 897 3080 978 quibus
3125 896 3300 964 hunc
3343 899 3628 965 nobilem
3686 901 3850 966 mihi
3910 923 4241 967 commen-

2300 978 2485 1046 dasti.
2574 981 2732 1048 Feci
2776 981 2950 1064 quod
2993 984 3178 1066 potui
3219 1004 3339 1066 per
3380 986 3853 1068 occupationes,
3897 989 4113 1053 nescio
4158 1010 4242 1054 an

2300 1065 2552 1131 homini
2599 1067 2790 1134 satis:
2840 1075 2976 1132 tam
3020 1067 3210 1134 avide
3253 1071 3556 1153 cupiebat
3617 1073 3872 1136 exitum
3936 1075 4031 1139 rei
4083 1095 4240 1139 suae

2300 1149 2529 1215 videre
2552 1161 2900 1235 antequam
2923 1154 3111 1218 initia
3138 1154 3414 1220 fecisset.
3466 1156 3684 1222 Multa
3718 1155 3799 1222 dc
3833 1170 4074 1224 eventu
4095 1181 4243 1243 per-

2298 1236 2731 1303 cunctabatur
2811 1258 2975 1322 quae
3039 1261 3160 1323 ego
3228 1238 3525 1306 divinare
3595 1244 3975 1326 neutiquam
4041 1246 4240 1328 potui.

2299 1320 2523 1403 Quare
2546 1323 2867 1389 offensum
2889 1346 3037 1390 mea
3071 1325 3380 1392 tarditate
3407 1343 3473 1390 et
3497 1328 3760 1412 ignavia
3785 1350 3949 1395 reor.
4009 1331 4111 1396 Tu
4136 1352 4242 1397 me

2301 1410 2647 1475 excusabis
2674 1409 2844 1493 apud
2869 1410 3058 1476 illum
3085 1409 3190 1477 his
3222 1413 3507 1478 maxime
3529 1413 3907 1496 rationibus,
3934 1415 4107 1499 quod
4128 1437 4244 1500 per

2299 1496 2668 1562 occasiones
2704 1506 2967 1579 captare
2996 1497 3193 1562 etiam
3226 1498 3571 1583 indigenas
3597 1509 3852 1582 oportet
3874 1523 4067 1566 aures
4091 1523 4244 1566 nos-

2298 1589 2550 1644 trorum
2595 1583 3118 1665 magistratuum,
3167 1603 3375 1666 neque
3417 1585 3713 1667 protinus
3756 1587 3883 1670 ipsi
3927 1588 4244 1652 efficimus

2297 1664 2468 1747 quod
2492 1667 2967 1749 proposuimus,
3011 1668 3138 1733 nisi
3170 1669 3557 1753 magistratu
3580 1680 3696 1735 aut
3731 1673 3935 1737 otioso
3960 1683 4076 1737 aut
4098 1693 4243 1755 pro-

2296 1751 2475 1833 pitio,
2522 1772 2798 1833 quorum
2835 1752 3118 1836 primum
3169 1775 3410 1833 rarum,
3455 1766 3854 1838 postremum
3890 1758 4244 1824 occasionis

2296 1844 2411 1901 est.
2503 1836 2736 1920 Itaque
2779 1858 2902 1921 ego
2947 1847 3012 1904 te
3071 1839 3333 1922 quidem
3386 1840 3614 1907 hortor
3648 1854 3724 1906 ut
3765 1843 4003 1908 multos
4046 1842 4245 1909 bonos

2296 1923 2477 1987 viros
2521 1922 2604 1987 ad
2657 1944 2764 1987 me
2821 1922 3068 2009 dirigas
3112 1925 3347 2007 quibus
3389 1928 3534 1992 usui
3581 1950 3721 1993 esse
3785 1931 4064 2012 possim,
4129 1927 4245 1993 sed

2297 2009 2736 2091 praemonitos
2795 2008 2877 2073 de
2936 2012 3181 2077 nostris
3223 2013 3546 2091 moribus,
3612 2035 3695 2078 ne
3736 2035 3809 2079 se
3852 2023 4090 2097 putent
4129 2035 4245 2079 ne·

2297 2092 2490 2177 gligi,
2553 2091 2709 2159 dum
2764 2096 3052 2160 maxima
3107 2096 3543 2164 sollicitudine
3585 2120 3691 2164 res
3734 2120 3959 2164 eorum
4000 2099 4246 2183 optima

2297 2186 2592 2263 aguntur
2631 2179 2777 2245 fide.
2850 2179 2986 2246 Sed
3003 2187 3055 2260 ²)
3102 2183 3271 2266 quod
3307 2181 3458 2248 inde
3491 2186 3937 2269 maximopere
3971 2193 4245 2268 possunt

2297 2284 2688 2350 cognoscere
2722 2265 2895 2349 quod
2928 2266 3164 2334 libellis
3197 2268 3593 2352 supplicibus
3618 2271 3853 2337 comite
3874 2269 4241 2336 domestico.

2298 2351 2451 2416 Meo
2497 2372 2752 2435 quoque
2795 2352 2966 2435 apud
3020 2366 3358 2440 magnates
3415 2354 3772 2438 patrocinio
3827 2357 4074 2420 nemini
4119 2377 4241 2420 un-

2296 2456 2495 2517 quam
2553 2436 2730 2502 defui
2789 2458 2983 2520 quem
3042 2448 3114 2504 tu
3173 2440 3254 2505 ad
3314 2461 3419 2505 me
3473 2462 3619 2506 cum
3684 2440 4244 2507 commendatione

2296 2523 2551 2602 misisti,
2598 2522 2793 2606 idque
2836 2525 3059 2608 gratis.
3149 2526 3317 2591 Nam
3378 2547 3578 2591 unam
3632 2526 3800 2593 hanc
3841 2527 4116 2612 gratiam
4163 2525 4244 2591 ab

2297 2608 2600 2673 omnibus
2643 2608 2787 2674 istis
2831 2620 2980 2692 peto
3022 2621 3098 2676 ut
3139 2632 3350 2677 meam
3397 2632 3661 2695 operam
3699 2610 3848 2678 boni
3884 2612 4243 2690 consulant,

2295 2714 2496 2776 quam
2536 2714 2656 2777 ego
2697 2716 2938 2779 magno
2991 2717 3141 2762 cum
3197 2697 3456 2763 fervore
3513 2718 3620 2763 mc
3661 2698 3944 2766 elocasse
3986 2717 4245 2783 semper

2295 2778 2681 2845 existimabo
2726 2782 2783 2846 si
2825 2781 2910 2847 iis
2954 2783 3114 2848 satis
3155 2782 3357 2848 fuerit
3399 2784 3644 2849 factum
3688 2785 3802 2868 qui
3844 2795 4034 2850 tuam
4070 2783 4246 2868 apud

2296 2885 2403 2929 me
2472 2867 2888 2931 autoritatem
2959 2866 3180 2933 valere
3247 2876 3403 2934 sunt
3468 2871 3740 2953 experti.
3844 2871 4053 2936 Plura
4108 2890 4244 2935 non

2292 2948 2564 3015 addam:
2606 2952 2778 3018 nosti
2821 2950 3158 3018 hominem
3201 2976 3333 3020 non
3377 2955 3699 3035 fucatum,
3752 2955 4244 3041 paratissimum

2296 3035 2379 3101 ad
2422 3037 2644 3103 omnia
2685 3038 3043 3104 officiorum
3089 3059 3365 3124 genera,
3411 3061 3528 3123 pro
3570 3050 3670 3123 te,
3713 3063 3830 3125 pro
3874 3041 4134 3120 amicis,
4180 3051 4246 3107 et

2297 3124 2353 3188 si
2400 3122 2500 3189 vis
2541 3123 2826 3190 inimicis
2846 3174 2861 3200 ,
2931 3144 3091 3208 quos
3147 3133 3223 3190 tu
3288 3125 3450 3191 mihi
3511 3127 3616 3192 vel
3677 3137 3845 3193 nutu
3887 3126 4025 3193 solo
4067 3145 4244 3192 com-

2297 3208 2733 3276 mendaveris.
2836 3210 3000 3275 Tam
3070 3210 3368 3278 odiosum
3424 3221 3526 3279 est
3589 3211 3763 3297 apud
3835 3231 3941 3278 me
4004 3231 4244 3277 nomen

2297 3302 2508 3360 tuum.
2608 3294 2807 3374 Vale,
2874 3304 2943 3362 et
2982 3296 3206 3361 itineri
3261 3297 3552 3364 accincto
3593 3298 3876 3382 ignosce.
3978 3297 4243 3363 Bernae

2300 3383 2402 3445 27.
2450 3382 2733 3464 Augusti
2783 3385 2962 3446 1551.

3039 3519 3223 3585 Tuus
3264 3526 3441 3585 totus
3485 3521 3623 3588 Nic.
3671 3521 4073 3586 Zerckintes.

3071 3864 3476 3874 ——-——--—-

3183 4131 3371 4204 1525.

2675 4302 3182 4371 HALLERUS
3227 4303 3857 4373 BULLINGERO.

2474 4489 2787 4556 Maurisii
2852 4491 3161 4573 myotium
3235 4492 3368 4558 iam
3442 4497 3499 4557 et
3574 4493 3791 4559 Tuo-ici
3874 4498 3928 4557 et
3995 4492 4249 4560 Rornae

2298 4576 2760 4659 circumfer-mr,
2807 4580 2865 4640 et
2906 4575 2979 4640 in
3025 4574 3278 4643 Calvina·
3320 4576 3531 4644 odium
3574 4577 3757 4644 multi
3798 4577 3981 4644 illius
4023 4599 4247 4645 causae

2296 4661 2522 4744 favent.
2643 4660 3051 4728 Kilchmeieri
3124 4663 3193 4728 in
3264 4663 3523 4729 eundem
3594 4664 3816 4746 yravis
3892 4664 4243 4730 inimicitia.

2304 4746 2641 4813 Gallorum
2681 4747 2856 4812 haud
2892 4746 3083 4829 focae
3121 4748 3717 4816 reconciliandorum
3758 4748 4038 4834 eloyium

2299 4933 2659 5002 (Excerptum
2694 4951 2763 4988 ex
2781 4933 2913 4989 ood.
2950 4932 3068 5000 154,
3106 4936 3249 4992 Plut.
3285 4935 3386 4990 VI.
3419 4931 3589 4993 Aroh.
3616 4936 3794 4991 Turio.
3830 4936 3922 4990 fol.
3962 4935 4075 5003 148,
4113 4936 4242 4990 olim

2565 5002 2736 5058 Βατία.
2771 5002 2832 5057 Β.
2871 5004 3011 5074 Epp.
3047 5004 3197 5060 Tom.
3231 5003 3316 5059 82.
3355 5033 3415 5044 -
3454 5005 3667 5061 Simlcr.
3705 5005 3831 5059 Vol.
3870 5004 3979 5070 ⁷5.)

2296 5293 2565 5432 ung
2661 5292 4049 5432 oemmammmm.
