4900 6167
215 429 316 493 353

354 611 695 678 Caesarem
743 609 1047 693 colligere
1092 628 1407 694 magnum
1460 609 1824 678 exercitum
1871 609 2131 676 senatui

210 709 291 763 ωε
324 698 723 774 nunciatum,
766 697 1027 780 iamque
1068 695 1138 760 in
1184 696 1526 778 procinctu
1567 717 1712 763 esse
1755 705 1824 761 et
1865 698 2131 779 Augus-

211 791 324 850 tam
364 781 852 848 Vindelicorum
907 781 1329 848 contendere:
1376 781 1704 865 principes
1748 803 1977 847 omnes
2019 804 2131 847 ur-

210 870 306 936 bes
362 877 426 933 et
470 867 709 951 oppida
765 868 1130 933 infirmiora
1182 868 1472 951 expilare
1537 875 1606 933 et
1658 867 1941 952 diripere
2000 889 2131 933 non

210 956 459 1039 ignoras.
551 953 625 1020 Si
669 955 738 1019 in
784 975 861 1020 eo
904 973 1227 1020 summam
1272 955 1557 1037 suscepti
1612 952 1768 1019 belli
1810 960 2130 1033 statuunt,

208 1062 321 1106 non
380 1040 573 1106 video
640 1061 769 1123 quo
832 1040 978 1105 iure
1040 1038 1363 1104 libertatis
1429 1038 1720 1107 vindices
1786 1039 2131 1123 appellent.

208 1124 508 1192 Dominus
542 1126 774 1191 reddat
807 1126 946 1191 suis
989 1145 1235 1209 pacem.
1324 1125 1548 1207 Quum
1583 1125 1747 1190 haec
1782 1125 2136 1191 scriberem

208 1214 437 1278 senatui
495 1221 653 1277 sunt
708 1213 937 1277 literae
994 1211 1226 1276 allatae
1284 1232 1450 1293 quae
1515 1213 1852 1278 continent
1906 1231 2136 1294 pacem

207 1298 480 1364 Caesaris
525 1319 675 1363 cum
710 1297 1113 1380 principibus
1156 1305 1224 1362 et
1267 1297 1659 1363 dictaturam
1703 1297 2136 1381 expeditionis

209 1383 493 1450 adversus
539 1386 824 1450 'l'urcam
869 1381 1179 1448 Mamtio
1236 1382 1381 1449 dele
1469 1392 1622 1449 tam.
1709 1383 1955 1449 Pacem
1996 1404 2138 1449 esse

207 1468 457 1553 qualem,
503 1471 559 1533 si
604 1492 735 1534 non
779 1470 1034 1553 optavit
1076 1468 1340 1547 Caesar,
1407 1491 1551 1535 erre
1586 1479 1811 1535 tamen
1850 1471 1994 1535 sine
2038 1468 2136 1534 di-

207 1555 552 1621 minutione
597 1556 936 1639 dignitatis
980 1574 1135 1621 suae
1177 1556 1417 1637 possit,
1462 1562 1530 1620 et
1570 1556 1640 1620 in
1681 1565 2012 1638 posterum
2056 1553 2139 1626 ad

208 1641 525 1707 arbitr-hun
592 1650 967 1706 retractare.
1075 1640 1179 1705 Ita
1255 1640 1469 1707 solent
1540 1642 1866 1724 principes
1944 1641 2139 1706 huius

210 1727 421 1793 saeculi
474 1726 851 1793 libertatem
918 1727 1244 1809 publicam
1302 1734 1370 1792 et
1423 1727 1841 1811 evangelium
1885 1726 2140 1793 Christi

210 1814 385 1879 armis
428 1814 799 1879 restituere.
886 1812 1072 1878 Vale.

1076 2321 1264 2395 1646.

580 2479 1250 2548 BULLINGERUS
1297 2479 1733 2548 CALVINO.
1824 2537 1827 2542 .

358 2656 581 2737 Refert
634 2652 791 2734 quid
851 2654 1087 2736 legatus
1150 2653 1510 2717 Turicensis
1566 2652 1745 2734 apud
1798 2651 2144 2717 Henricum

207 2760 383 2823 reyem
415 2762 545 2824 pro
588 2739 852 2823 captivis
898 2738 1419 2822 Luydunensibus
1455 2738 1702 2819 frustra
1742 2740 2073 2804 tentaverit.

210 2909 391 2975 (Habet
428 2913 655 2982 quidem
677 2911 937 2967 Simlerns
975 2911 1099 2965 Vol.
1141 2909 1223 2963 78.
1286 2910 1495 2963 Verum
1529 2911 1655 2965 alibi
1690 2927 1851 2963 manu
1883 2910 2143 2978 scriptam

209 2995 299 3035 non
341 2983 663 3051 reperimus.
736 2981 926 3033 Edidit
960 2981 1105 3034 Besa
1138 2980 1272 3035 Gen.
1308 2996 1361 3048 p.
1400 2978 1528 3044 111,
1566 2980 1724 3032 Laus.
1750 2996 1817 3101 ἑ).
1860 2977 1992 3044 241,
2030 2979 2141 3032 Ha·

492 3067 621 3104 nov.
660 3068 715 3118 p.
753 3048 876 3113 270,
914 3048 1123 3103 Chouet
1158 3067 1212 3119 p.
1250 3048 1369 3117 150,
1408 3052 1584 3124 Amet.
1624 3066 1677 3117 p.
1714 3047 1748 3100 6
1786 3051 1829 3112 .)

353 3224 491 3288 Diu
559 3224 693 3287 iam
753 3220 921 3286 nihil
985 3233 1135 3285 tuae
1194 3222 1424 3305 pietati
1482 3221 1748 3304 scripsi,
1809 3220 2014 3284 frater
2070 3219 2142 3283 iu

206 3306 469 3375 Domino
520 3307 789 3374 colende
837 3317 902 3372 et
945 3307 1209 3385 dilecte,
1256 3308 1640 3394 praesertim
1686 3306 1858 3388 quod
1905 3305 2141 3369 seriam

206 3392 467 3477 aliquam
533 3394 933 3460 occasionem
999 3394 1432 3460 observarem.
1534 3392 1634 3456 Ea
1687 3412 1889 3475 quum
1944 3390 2140 3456 modo

205 3479 277 3543 sit
313 3481 565 3558 oblata,
612 3478 935 3547 scribendi
981 3479 1161 3544 volui
1205 3479 1493 3544 officium
1536 3488 1847 3560 repetere.
1933 3477 2141 3541 Retu-

206 3562 271 3627 lit
306 3567 482 3632 haud
550 3565 744 3630 dubie
800 3567 1004 3631 frater
1069 3564 1181 3631 ille
1228 3564 1723 3630 Lausannensis
1778 3583 1815 3627 e
1860 3563 2141 3628 comitiis

206 3647 606 3718 Badensibus
650 3652 912 3717 rediens
968 3650 1124 3734 quid
1184 3661 1401 3716 actum
1454 3650 1539 3716 sit
1584 3650 1664 3714 ab
1711 3649 1983 3714 urbibus
2028 3649 2139 3712 Ti-

202 3756 361 3816 gum,
399 3738 693 3812 Basilea,
732 3737 1158 3804 Schaflhusio
1193 3738 1263 3800 in
1306 3756 1505 3802 causa
1538 3737 1908 3801 vinctorum
1944 3754 2139 3816 prop-

204 3829 290 3886 ter
336 3828 619 3891 verbum
664 3824 790 3890 Dei
845 3824 914 3888 in
962 3822 1215 3888 Gallia:
1278 3836 1345 3886 et
1388 3821 1561 3905 quod
1605 3819 1688 3886 V.
1737 3819 1811 3887 C.
1856 3820 2140 3885 Ioannes

202 3906 431 3977 Habius
458 3916 513 3995 ¹)
576 3910 757 3976 urbis
822 3918 1081 3975 nostrae
1125 3909 1271 3974 Cos.
1328 3908 1411 3973 ad
1456 3909 1712 3991 Regem
1769 3907 2009 3972 missus
2055 3906 2142 3971 sit

202 3991 452 4077 legatus,
552 3996 622 4061 Is
658 4017 815 4079 ergo
852 3995 1047 4060 hodie
1092 3995 1350 4077 scriptis
1396 3993 1479 4058 ad
1516 3992 1991 4074 amplissimum
2030 4013 2140 4056 ur-

203 4074 287 4145 bis
334 4093 646 4149 senatum
701 4083 907 4147 literis
967 4082 1299 4163 exposuit,
1373 4078 1691 4163 quomodo
1750 4078 2141 4162 legationem

205 4162 551 4235 iniunctam
597 4167 848 4244 obierit,
906 4166 1061 4250 quid
1105 4168 1402 4249 responsi
1447 4188 1487 4231 a
1530 4166 1716 4248 Rege
1760 4185 1841 4227 cx
1886 4185 1997 4227 ore
2040 4164 2140 4245 ip-

204 4251 320 4318 sius
375 4255 648 4338 proprio
709 4254 1045 4336 acceperit.
1138 4254 1389 4334 Nempe
1447 4250 1614 4334 quod
1670 4259 1822 4333 post
1865 4248 2140 4331 diligen-

206 4341 321 4401 tem
361 4339 907 4423 supplicationem
952 4341 1193 4403 factam
1215 4389 1229 4414 ,
1271 4339 1423 4403 Rex
1481 4359 1609 4401 non
1668 4336 2143 4401 communicato

205 4442 333 4489 cum
377 4429 522 4492 suis
568 4426 838 4490 consilio
882 4425 1228 4506 postularit
1286 4424 1556 4494 diserte,
1624 4444 1709 4486 ne
1752 4422 1950 4486 urbes
1991 4420 2142 4485 illae

206 4506 263 4572 in
312 4512 435 4578 hoc
497 4512 760 4595 negotio
818 4520 1097 4593 pergant
1148 4512 1173 4592 i¹
1216 4510 1271 4574 si
1329 4530 1470 4575 esse
1528 4508 1868 4573 molestae:
1939 4526 2142 4589 quum

205 4613 319 4660 non
362 4599 458 4663 ita
504 4596 762 4681 pridem
805 4596 1065 4678 scriptis
1107 4617 1145 4659 a
1234 4603 1269 4658 4
1318 4594 1511 4660 urbes
1554 4593 1764 4658 literis
1807 4592 1979 4658 idem
2025 4612 2140 4656 ne-

205 4685 437 4763 gotium
483 4684 731 4766 scripto
785 4680 1125 4767 agentibus
1180 4681 1383 4745 animi
1441 4681 1543 4746 sui
1588 4679 1979 4746 sententiam
2027 4700 2140 4742 ex-

206 4765 479 4848 plicarit,
550 4769 632 4835 de
689 4789 815 4851 quo
874 4768 1041 4833 nihil
1095 4767 1395 4832 cesserit:
1466 4766 1744 4832 liberum
1800 4787 1869 4830 se
1928 4764 2142 4830 facere

79 4913 85 4934 ‚
206 4853 479 4932 urbibus,
530 4863 610 4920 ut
653 4875 771 4937 pro
817 4874 935 4919 suo
977 4853 1380 4935 beneplacito
1421 4872 1524 4916 res
1560 4873 1710 4916 suas
1747 4850 2138 4935 gubernent:

209 4935 265 5000 id
304 4941 519 5023 ipsum
566 4941 834 5007 omnino
878 4940 1048 5004 velle
1094 4941 1159 5003 in
1201 4957 1403 5021 regno
1442 4958 1586 5015 suo,
1645 4937 1813 5020 quod
1871 4957 2142 5020 prorsus

210 5111 605 5125 ——-———-——-—·

209 5210 371 5270 1646.
408 5218 466 5285 1)
507 5218 631 5272 Iam
669 5234 719 5270 α,
758 5213 894 5270 1536
931 5217 1006 5269 ad
1032 5216 1396 5270 Franciscum
1431 5227 1605 5281 reqem
1639 5213 1700 5263 in
1735 5225 1907 5266 causa
1940 5216 2145 5278 protes·

209 5287 421 5340 tantam
458 5289 660 5341 missus
694 5288 897 5350 suerat.
971 5285 1103 5339 1542
1142 5282 1342 5338 Consul
1374 5288 1604 5346 creatus,
1630 5286 1969 5349 praesentem
2004 5279 2145 5348 leyc-

1859 426 2022 490 1552
2069 422 2525 491 SEPTBMB.
4075 430 4211 495 354

2235 610 2482 695 cogitet
2520 629 2758 693 purum
2822 627 3085 675 servare
3143 629 3183 673 a
3241 608 3564 690 seditiosis
3606 610 3739 676 illis
3798 611 4209 685 hominibus.

2234 695 2422 762 Haec
2444 703 2548 761 est
2581 695 2762 760 illius
2795 695 2997 780 Regis
3019 716 3124 761 res
3172 696 3376 774 onsio,
3419 717 3585 780 quae
3629 697 3723 760 ita
3760 699 3857 762 uti
3903 708 4200 765 meretur

2237 803 2277 848 a
2320 781 2563 848 nostris
2607 788 2874 865 accepta
2917 789 3033 846 est.
3193 801 3268 846 oc
3311 783 3564 848 nescire
3600 790 3665 848 te
3710 781 3906 862 nolui,
3954 793 4031 848 ut
4075 785 4201 851 hoc

2238 868 2643 935 ardentiores
2700 886 2926 951 preces
2971 865 3257 932 Domino
3299 868 3536 933 offerre
3579 888 3713 933 una
3754 889 4199 953 pergeremus.

2237 953 2428 1020 Vivit
2467 954 2576 1036 qui
2619 952 2931 1036 populum
2974 973 3165 1018 suum
3203 975 3282 1019 ex
3320 955 3625 1104 Aegypto
3661 954 3988 1022 liberavit.
4078 956 4201 1021 Vi-

2237 1040 2341 1104 vit
2408 1040 2521 1121 qui
2585 1038 3031 1121 captivitatem
3087 1060 3170 1104 ex
3228 1039 3420 1125 Baby
3447 1060 3569 1105 one
3620 1040 3906 1106 reduxit.
4010 1040 4203 1107 Vivit

2240 1126 2355 1210 qui
2397 1123 2822 1202 Caesaribus,
2882 1125 3177 1209 Regibus
3231 1145 3306 1190 ac
3360 1125 3779 1209 Principibus
3838 1126 4202 1210 profligatis

2239 1211 2580 1278 ecclesiam
2638 1231 2827 1276 suam
2870 1211 3161 1276 asseruit
3254 1209 3535 1293 Oportet
3590 1233 3712 1277 nos
3765 1211 4027 1296 quidem
4083 1234 4204 1296 per

2239 1296 2485 1363 multas
2551 1297 2933 1362 afflictiones
2998 1295 3260 1380 ingredi
3339 1297 3408 1361 in
3472 1318 3754 1382 regnum
3819 1298 3965 1363 Dei.
4055 1297 4203 1364 Vae

2241 1390 2461 1448 autem
2507 1382 2640 1446 illis
2684 1384 2794 1466 qui
2839 1389 3124 1466 tangunt
3157 1382 3476 1466 pupillam
3513 1383 3679 1449 oculi
3716 1384 3863 1449 Dei.
3952 1384 4203 1469 Perga-

2240 1490 2389 1535 mus
2432 1488 2552 1534 nos
2596 1474 2974 1534 constanter
3016 1467 3247 1534 docere
3288 1470 3562 1534 verbum
3608 1469 3767 1550 Dei,
3823 1469 4203 1551 praedicare

2240 1554 2655 1639 evangelium
2703 1552 2953 1620 Christi
2998 1561 3065 1618 et
3109 1575 3260 1619 cum
3306 1554 3609 1619 omnibus
3651 1556 3899 1623 sanctis
3941 1557 4007 1619 in
4057 1576 4203 1622 coe-

2240 1639 2383 1705 lum
2445 1639 2665 1706 oculos
2724 1639 3039 1705 attollere.
3129 1640 3280 1705 Non
3337 1638 3590 1706 deseret
3647 1663 3766 1706 nos
3822 1641 3933 1725 qui
3994 1639 4205 1707 dixit:

2242 1727 2378 1791 Ero
2437 1727 2770 1791 vobiscum
2840 1746 3042 1809 usque
3097 1725 3178 1790 ad
3237 1728 3871 1792 consummationem
3933 1727 4205 1794 saeculi.

2244 1812 2325 1876 In
2374 1810 2623 1876 mundo
2668 1812 3085 1878 afflictionem
3129 1811 3486 1878 habebitis:
3533 1813 3856 1891 confidite,
3902 1833 4022 1895 ego
4075 1812 4206 1878 vici

2244 1897 2585 1963 mundum.
2677 1897 2983 1963 Christus
3038 1910 3257 1963 servet
3309 1917 3429 1963 nos
3482 1906 3547 1962 et
3608 1918 3799 1964 suam
3838 1897 4204 1965 ecclesiam.

2246 1982 2483 2048 Saluta
2525 1985 2761 2048 fratres
2806 2004 3050 2048 omnes.
3141 1980 3450 2049 Salutant
3495 1992 3558 2050 te
3603 1986 3854 2050 fratres.
3945 1985 4208 2069 Tiguri,

2255 2074 2350 2134 15.
2400 2068 2689 2153 Augusti
2741 2072 2923 2134 1552.

3133 2460 3322 2531 1647.

2775 2615 3175 2684 VIRETUS
3222 2614 3684 2681 PARELLO.

2421 2788 2765 2856 Conventus
2811 2787 3235 2854 Beruensium
3291 2794 3348 2852 et
3402 2787 3849 2853 Genevensium
3904 2787 4202 2855 Lauson-

2246 2898 2379 2943 nac.
2476 2874 2686 2942 Causa
2737 2874 3018 2941 Trollieti
3068 2878 3280 2940 contra
3329 2872 3661 2939 Calvinum
3702 2873 3938 2939 odiosa.
4035 2873 4202 2957 Gap-

2245 2964 2360 3029 tivi
2404 2962 2874 3045 Luydunensec'.

2248 3134 2607 3202 (Excerptum
2657 3149 2724 3214 ex
2773 3131 3110 3253 autofirapho
3135 3129 3510 3211 ‘bibliothecae
3552 3133 3833 3198 pastorum
3869 3129 4208 3184 Neocomen-

2672 3217 2828 3255 sium.
2947 3217 3036 3270 pp.
3075 3199 3256 3252 Vix-eti
3291 3199 3418 3252 saec.
3456 3198 3561 3252 VI.
3596 3196 3668 3258 N.
3700 3195 3779 3264 8.)

2418 3373 2993 3439 Praestantissimo
3062 3370 3208 3437 Iesu
3283 3369 3537 3436 Christi
3597 3389 3789 3434 servo
3846 3367 4201 3435 Guilielmc

2245 3460 2508 3525 Farello
2544 3459 3006 3526 Neocomensis
3041 3456 3350 3524 ecclesiae
3385 3455 3631 3540 pastori
3665 3453 3978 3521 fidissimo
4014 3454 4212 3522 fratri

2244 3552 2312 3611 et
2355 3555 2760 3631 symmystae
2805 3543 3177 3611 venerando

3698 3624 4029 3692 Neocomi.

2414 3853 2728 3918 Proximo
2773 3851 3095 3917 dominico
3141 3850 3244 3914 die
3272 3850 3318 3934 ¹)
3364 3849 3644 3914 aderunt
3687 3848 3819 3912 huc
3861 3866 4014 3913 cum
4039 3848 4207 3913 Ber-

2244 3941 2560 4006 nensibus
2606 3938 3048 4004 Genevenses.
3082 3940 3139 4006 2)
3226 3936 3599 4000 Beruenses
3656 3954 3846 4016 spero
3886 3934 4025 3999 fore
4074 3933 4206 3999 Ne-

2237 4027 2486 4112 qlinum
2529 4035 2595 4091 et
2654 4023 3017 4108 Steyuerum
3034 4073 3048 4100 ,
3096 4020 3524 4087 Genevetises
3573 4019 3876 4085 Gor-neum
3932 4027 4001 4085 et
4048 4019 4206 4083 Per-

2243 4114 2456 4177 rinum
2514 4118 2579 4174 et
2638 4109 3018 4176 Trollictum.
3120 4107 3337 4172 Causa
3401 4105 3685 4172 Trouieti
3734 4126 3885 4171 cum
3945 4104 4206 4170 Calvino

2244 4218 2441 4281 quem
2521 4195 2828 4261 habuerit
2906 4196 3161 4259 exitum
3240 4190 3531 4257 nondum
3599 4190 3848 4257 discere
3925 4190 4127 4274 potui.
4149 4195 4204 4268 ³)

2245 4283 2577 4363 Quaestor
2633 4282 2743 4363 qui
2803 4287 3075 4346 vocatur
3122 4277 3439 4344 Claudius
3487 4277 3770 4354 Ραηειιε,
3793 4281 3849 4350 ⁴)
3909 4277 4020 4359 qui
4082 4277 4206 4342 hac

2448 4521 2503 4584 2)
2542 4521 2632 4575 De
2666 4468 2907 4591 qepuanam
2941 4519 3032 4573 lite
3066 4517 3377 4572 dirimenda
3394 4517 3656 4585 aqebatur
3679 4516 3834 4571 nobis
3869 4534 3980 4572 non
4015 4518 4202 4588 liquet.

2247 4592 2539 4661 Negotium
2591 4589 3037 4644 Sanctandream‘
3080 4589 3175 4641 vix
3220 4587 3325 4641 tale
3359 4592 3477 4641 erat
3524 4591 3586 4639 ut
3626 4593 3850 4653 propter
3884 4586 4024 4640 illud
4058 4589 4205 4641 tanti

2244 4662 2358 4716 viri
2390 4661 2752 4715 convenirent.
2832 4655 3114 4726 Quidquid
3159 4655 3329 4721 fuerit
3377 4657 3539 4708 etiam
3574 4670 3642 4706 m.
3688 4653 3913 4710 Octobre
3945 4655 4204 4722 (Vir-etus

2250 4730 2472 4784 Farello
2507 4727 2590 4781 21.
2636 4726 2781 4792 Oct.)
2828 4740 2918 4779 res
2965 4724 3204 4780 nondum
3250 4723 3493 4789 confecta
3539 4728 3672 4777 erat.
3765 4723 3982 4778 Grenus
4034 4729 4199 4777 autor

2243 4805 2323 4855 est
2357 4805 2603 4852 senatum
2643 4796 3007 4850 Genevensem
3040 4809 3107 4848 m.
3151 4792 3265 4848 Oct.
3299 4795 3466 4846 uxori
3500 4790 3810 4862 Ναερεῑίηἰ,
3846 4800 3907 4846 ut
3940 4793 4201 4846 maritum

2245 4868 2575 4931 demulceret,
2612 4866 2645 4918 6
2680 4866 2842 4919 ulnas
2877 4864 3039 4917 serici
3065 4864 3249 4931 panni
3282 4863 3508 4915 misisse.

2450 4935 2508 5002 3)
2553 4935 2766 4991 Scilicet
2800 4934 3033 4986 nullum.-
3069 4946 3239 5002 usque
3267 4930 3553 5000 pendebat.
3629 4928 3906 4984 Caeterum
3941 4928 4029 4981 hie
4057 4927 4202 4994 ipsis

2246 5006 2464 5069 diebus,
2513 5010 2564 5058 et
2596 5003 2828 5058 maxime
2868 5000 2982 5056 Gal.
3023 4998 3166 5070 Sept.
3209 4999 3470 5054 Calvinus
3517 5005 3566 5055 et
3620 4999 3906 5052 Trollietus
3948 5001 4199 5049 senatum

2244 5076 2567 5131 habuerunt.

2451 5143 2508 5208 4)
2548 5141 2624 5195 01.
2660 5140 2737 5194 du
2759 5140 2900 5200 Pan,
2935 5138 3163 5193 Lucani
3188 5137 3339 5201 filius
3415 5139 3472 5190 ui
3500 5137 3686 5202 fuerat
3719 5136 3860 5187 inter
3893 5130 4204 5187 conditores

2245 5216 2379 5281 reip.
2423 5211 2768 5277 Genevensic,
2804 5210 2921 5278 ipse
2962 5206 3180 5262 Caluini
3205 5207 3353 5273 serv·
3394 5222 3457 5259 us
3491 5204 3715 5268 assecla,
3750 5203 3838 5256 vir
3868 5201 4226 5282 consularis,-

2246 5298 2393 5337 nunc
2427 5297 2492 5333 ea·
2531 5278 2798 5335 Ducentis
2825 5283 2874 5330 et
2911 5277 3130 5331 aerario
3161 5277 3485 5344 praefectus,
3528 5279 3717 5342 postea
3750 5285 3927 5325 varus
3961 5273 4205 5325 muneri.

211 5355 388 5408 twnem
424 5360 571 5411 inter
606 5355 721 5408 alia
756 5356 919 5410 etiam
954 5355 1022 5408 de
1056 5354 1284 5424 neqotae'is
1311 5351 1552 5421 politicis
1575 5355 1802 5406 acturus
1817 5354 2141 5417 succeperat.
2193 5367 2200 5410 ι
2246 5352 2345 5406 bus
2380 5350 2670 5416 defunctus
2705 5347 2837 5401 obiit
2871 5363 2922 5400 α.
2964 5344 3114 5399 1566.
3190 5344 3438 5413 (Galiffe,
3474 5348 3582 5397 not.
3620 5337 3827 5410 ye'ne'cd.
3865 5339 3905 5392 I.
3949 5338 4089 5405 143.)

407 5443 636 5498 Caluini
661 5457 845 5510 opera.
928 5441 1045 5494 Vol.
1086 5438 1250 5493 XIV.

3729 5424 3802 5479 23
