4900 6167
290 397 388 458 241

294 581 607 647 Germania
653 582 999 647 novi-sm
1040 582 1272 665 accepit
1313 583 1532 664 refert,
1587 588 1643 649 et
1694 585 1848 666 quid
1888 585 1959 649 in
2007 605 2203 651 causa

287 667 546 750 Huyonis
585 670 822 748 captivi
864 673 1070 733 astum
1113 673 1170 731 et
1211 669 1519 751 ayendum
1560 671 1666 734 sit.

287 840 376 908 (Ex
408 851 626 908 autogr-a
664 837 735 891 ho
777 836 907 890 Cod.
945 836 1150 891 Genev.
1189 837 1319 904 115,
1369 839 1458 893 fol.
1499 838 1599 906 98,
1645 841 1766 894 coll.
1802 857 1921 894 811111
1957 857 2080 893 exx.
2117 857 2200 894 re·

286 908 584 966 acutioribus
621 855 752 960 god.
791 904 908 972 116,
963 906 1053 959 fol.
1104 905 1196 964 23.
1248 907 1295 960 Ε
1337 925 1389 976 p.
1423 908 1685 962 Bel-nens.
1720 908 1810 963 VI.
1847 926 1971 979 pag.
2005 906 2109 961 217
2146 915 2204 962 et

966 974 1183 1029 Simleri
1218 975 1299 1030 Vo
1324 1011 1338 1026 .
1373 974 1481 1042 77.)

424 1146 671 1213 Christi
737 1165 928 1211 servo
1007 1145 1333 1212 indefesso
1417 1147 1679 1231 pietatis
1760 1155 1826 1212 et
1899 1147 2199 1213 veritatis

279 1234 664 1318 evangelicae
741 1233 1214 1315 propugnatori
1282 1233 1520 1297 Ioanni
1590 1229 1876 1299 ‘Calvino
1951 1233 2199 1317 pastori

279 1342 445 1404 quam
507 1316 983 1385 studiosissimo
1048 1318 1357 1384 ecclesiae
1415 1318 1833 1385 Genevensis
1891 1319 2078 1384 fratri
2133 1328 2201 1384 et

276 1415 651 1490 symmystae
697 1424 891 1486 quam
938 1404 1270 1468 carissimo

1695 1488 2027 1557 Genavae.

421 1629 491 1692 S.
566 1629 967 1694 Audivimus
1003 1627 1424 1708 impostorem
1450 1631 1497 1709 ¹)
1544 1628 1909 1711 relegatum
1956 1648 2099 1693 esse
2135 1647 2203 1693 et

272 1715 442 1779 istinc
497 1714 762 1796 pulsum
803 1713 887 1777 ad
933 1712 1283 1777 Fallesium
1302 1713 1360 1793 2)
1403 1733 1475 1777 88
1517 1712 1900 1787 contulisse,
1962 1721 2039 1778 ut
2082 1713 2200 1778 ho-

270 1802 491 1864 minem
552 1821 820 1882 prorsus
878 1797 1113 1881 perdat
1178 1818 1309 1862 non
1377 1798 1588 1862 solum
1610 1850 1624 1875 ,
1693 1798 1807 1864 sed
1873 1820 2010 1863 una
2068 1821 2199 1864 non

271 1906 485 1969 paucos
554 1887 666 1968 qui
730 1893 964 1968 sponte
1029 1885 1097 1947 in
1165 1884 1267 1947 sui
1334 1884 1592 1947 ruinam
1659 1893 1951 1949 currunt.
2053 1886 2201 1950 Nisi

270 1992 512 2054 prorsus
540 1972 753 2046 fallor,
792 1970 1080 2046 coniicio,
1119 1967 1436 2051 quidquid
1471 1979 1570 2034 est
1603 1968 1841 2053 frigide
1863 1971 2197 2054 scriptum,

272 2071 369 2121 aut
410 2077 642 2140 parum
688 2067 763 2122 ut
817 2055 1089 2122 decebat
1132 2069 1351 2120 actum
1397 2065 1516 2132 est,
1563 2054 1631 2118 id
1674 2077 1809 2120 non
1855 2057 1995 2121 sine
2041 2056 2197 2121 Fal-

270 2142 391 2208 lesii
429 2163 632 2227 opera
672 2144 918 2209 factum
962 2143 1101 2206 fuit.
1189 2139 1342 2206 Scio
1385 2141 1560 2205 enim
1603 2150 1679 2204 ut
1722 2142 2018 2206 tractarit
2074 2142 2199 2207 Va-

270 2229 491 2293 lerandi
527 2249 812 2305 causam,
852 2249 1036 2311 quae,
1073 2228 1126 2291 si
1165 2226 1333 2290 bona
1367 2247 1500 2291 non
1534 2225 1677 2301 fuit,
1716 2227 1934 2293 nescio
1970 2238 2195 2292 tamen

271 2335 339 2378 an
380 2329 513 2378 tam
572 2315 748 2379 mala
804 2334 1000 2396 quam
1061 2312 1422 2388 dicebatur:
1450 2315 1504 2387 ³)
1562 2323 1628 2377 et
1671 2332 1792 2396 ego
1834 2334 2067 2378 vereor
2109 2334 2195 2377 ne

270 2399 359 2466 1118
396 2400 546 2482 plus
602 2421 797 2482 quam
854 2419 974 2482 par
1016 2399 1214 2463 fuerit
1258 2396 1534 2463 Fallesio
1577 2397 1955 2476 detulerim,
2008 2399 2193 2481 quasi

270 2488 461 2550 omnia
531 2496 754 2551 essent
817 2484 1079 2550 oracula
1145 2505 1314 2567 quae
1373 2505 1455 2548 ex
1509 2484 1654 2566 ipso
1698 2484 2074 2561 audiebam,
2137 2485 2194 2550 si

267 2572 499 2652 quidem
548 2593 698 2636 eum
760 2591 837 2637 eo
882 2569 1202 2635 habebam
1261 2570 1401 2634 loco
1443 2570 1515 2632 in
1570 2590 1696 2651 quo
1741 2579 1878 2634 tres
1934 2581 2194 2635 tantum

266 2669 450 2721 erant.
542 2659 859 2724 Movebat
900 2678 1004 2721 me
1049 2653 1365 2738 quaedam
1427 2655 1771 2720 Valerandi
1812 2656 2048 2721 levitas
2066 2708 2080 2734 ,
2140 2657 2194 2720 si

268 2743 417 2824 apud
458 2765 569 2808 me
613 2754 871 2807 tantum
909 2743 1140 2825 potuit,
1187 2740 1361 2823 apud
1406 2761 1602 2824 quem
1639 2762 1973 2823 nunquam
2009 2752 2197 2824 potu-

267 2842 437 2894 erunt
476 2829 836 2895 nebulones
878 2827 1080 2893 semel
1127 2828 1297 2905 noti,
1363 2838 1427 2891 et·
1483 2827 1676 2911 pauci
1726 2826 2073 2892 admodum
2119 2849 2196 2893 eo

265 2929 688 2995 pervenerunt
749 2934 875 2998 quo
930 2915 1055 2979 iste
1109 2913 1325 2997 potuit
1377 2923 1455 2976 ut
1509 2912 1673 2976 mihi
1729 2921 1957 2977 tantus
2001 2923 2190 2979 esset.

268 2996 419 3078 Quid
459 3011 677 3084 potest
723 2999 895 3083 apud
941 3020 1068 3075 eos,
1113 2997 1287 3082 apud
1323 3018 1486 3080 quos
1522 2997 1829 3063 nebuloni
1872 2997 2080 3063 cuivis
2123 3001 2193 3063 in

265 3084 456 3168 aliquo
499 3085 935 3151 consentienti
970 3094 1226 3150 tantum
1272 3091 1503 3166 potest,
1549 3091 1626 3146 ut
1660 3092 1927 3158 taceam,
1974 3084 2028 3148 si
2074 3085 2192 3148 ali-

266 3170 396 3252 quid
431 3173 646 3237 morbi
686 3171 1034 3238 Conzenici
1055 3221 1069 3246 ,
1126 3168 1525 3235 invidentiae
1569 3168 1847 3242 scilicet,
1909 3169 2190 3236 accedat.

264 3254 441 3323 Pauci
484 3260 661 3323 enim
724 3267 878 3323 sunt
933 3255 1043 3339 qui
1089 3256 1364 3319 meliora
1418 3252 1644 3319 audire
1705 3255 2070 3320 sustineant
2112 3256 2192 3321 dc

265 3341 384 3408 aliis
423 3364 621 3426 quam
666 3341 745 3407 de
782 3364 852 3407 se
897 3354 964 3406 et
1005 3341 1157 3407 suis.
1230 3340 1379 3405 Non
1424 3340 1727 3405 existimo
1769 3341 2191 3423 impostorem

265 3448 387 3492 cum
431 3450 507 3495 eo
553 3430 660 3494 8111
701 3430 1013 3512 imposuit
1097 3427 1459 3492 uicturum:
1508 3424 1619 3490 sed
1656 3447 1860 3509 quum
1894 3446 2027 3492 non
2071 3428 2192 3492 tibi

262 3534 443 3596 neque
487 3516 597 3580 isti
643 3514 951 3580 ecclesiae
994 3514 1074 3578 be
1101 3512 1236 3577 lum
1280 3510 1677 3590 indixerint,
1721 3512 1837 3577 sed
1882 3513 2045 3590 Deo,
2088 3514 2191 3577 in·

265 3600 537 3684 telligent
581 3621 731 3667 cum
788 3621 915 3682 quo
965 3599 1126 3682 ipsis
1171 3600 1503 3682 negotium
1563 3599 1664 3662 sit.
1752 3597 2019 3663 Interea
2069 3620 2188 3665 nos

264 3699 315 3747 et
352 3686 688 3752 ecclesiam
732 3686 1018 3751 Domino
1075 3682 1622 3749 commendemus.
1711 3681 1903 3762 Quod
1958 3685 2074 3750 abs
2117 3695 2184 3750 te

260 3774 391 3850 petii
424 3771 669 3837 iterum
707 3783 873 3854 peto,
920 3782 990 3835 et
1023 3782 1089 3835 te
1123 3771 1410 3836 obtestor
1446 3776 1523 3833 ut
1564 3768 1727 3833 mihi
1763 3768 1896 3834 des.
1968 3770 2184 3836 Differ

262 3858 485 3937 aperire
531 3858 781 3922 iustum
816 3856 1121 3933 dolorem,
1160 3865 1226 3920 et
1268 3855 1449 3937 queri
1487 3853 1567 3919 de
1600 3855 1843 3919 iniuria
1886 3877 2013 3939 qua
2047 3867 2183 3921 tam

261 3945 521 4021 graviter
582 3943 854 4008 affectus
907 3963 978 4007 88
1033 3941 1115 4006 ab
1170 3943 1252 4005 iis
1307 3941 1419 4023 qui
1491 3939 1600 4004 vel
1657 3960 1857 4006 suasu
1918 3941 2184 4007 Falzesii

263 4044 353 4089 ant
398 4023 663 4094 aliunde
708 4037 841 4092 tam
886 4029 1122 4092 misere
1166 4037 1473 4111 egerunt,
1528 4035 1597 4090 et
1639 4025 1776 4091 vim
1829 4027 1945 4093 tibi
1987 4029 2183 4095 facito

260 4123 319 4174 ut
369 4116 573 4196 possis
630 4134 739 4178 eos
795 4113 1171 4179 lucrifacere
1227 4111 1512 4178 Christo.
1601 4111 1772 4176 Nam
1831 4123 1903 4178 ut
1944 4114 2184 4180 Petrus

261 4211 414 4263 metu
470 4199 812 4283 perculsus
866 4219 1000 4263 non
1054 4200 1255 4265 semel
1322 4198 1593 4281 negavit
1632 4195 2010 4278 Christum,
2068 4199 2180 4266 sed

260 4295 473 4363 quanto
518 4285 668 4368 plus
713 4294 983 4369 urgetur
1025 4282 1198 4367 quod
1252 4284 1311 4349 is
1355 4284 1443 4348 sit
1484 4303 1677 4364 quem
1721 4305 1791 4348 se
1833 4284 2024 4350 fateri
2070 4284 2182 4350 de-

261 4553 411 4610 1584
446 4559 504 4624 1)
544 4559 842 4614 Balneum.

437 4629 499 4686 2)
539 4627 760 4682 Rue-hat
816 4627 875 4681 V.
921 4624 1026 4678 466
1059 4631 1110 4679 et
1243 4627 1253 4638 '
1292 4641 1413 4679 eam
1457 4631 1758 4695 sequuntur
1804 4626 1963 4681 Hem·
2055 4627 2181 4685 111.

262 4690 329 4744 57.
360 4695 637 4750 Handesh.
683 4695 788 4749 278
822 4702 914 4750 etc.
962 4710 1080 4748 cum
1132 4641 1323 4749 άῖίὲἷιπε
1366 4693 1670 4749 Tononium
1712 4695 1859 4748 iisse.
1938 4645 2097 4765 ὅυοά
2130 4699 2184 4751 si

262 4757 491 4820 Farellas
524 4767 707 4833 potius
740 4765 1024 4833 Veyiacum
1059 4762 1285 4830 indicat,
1319 4769 1603 4832 utrumque
1634 4764 1801 4829 facile
1833 4765 2176 4833 conciliatur,

261 4844 395 4897 quum
455 4835 739 4904 Veqiacmn
796 4833 872 4886 ad
922 4831 1160 4887 classem
1216 4830 1599 4886 Tononiensem
1651 4833 1941 4900 pertineret
1986 4850 2022 4887 a
2068 4851 2179 4904 qua

261 4900 395 4952 etiam
440 4903 699 4956 Halteras
743 4901 845 4967 (ad
889 4901 1036 4954 Bau.
1085 4900 1132 4954 6.
1186 4901 1347 4969 Δρν.)
1403 4915 1523 4952 enm
1568 4907 1878 4955 accusatum
1928 4901 2077 4969 dica,
2129 4910 2178 4958 81

260 4966 383 5090 ἔξω
432 4979 651 5025 senatus
707 4972 783 5024 ad
828 4968 875 5022 7.
914 4970 1094 5039 April.
1132 4985 1249 5023 eum
1300 4969 1519 5037 Veqiaci
1560 4984 1683 5023 cum
1736 4969 1974 5025 Fallesio
2019 4988 2179 5040 agere

343 5045 516 5093 antur.

442 5109 500 5164 3)
540 5108 678 5162 Ecce
714 5109 1033 5176 opinionum
1073 5106 1525 5160 inconstantiam:
1564 5106 1688 5160 olim
1722 5107 1821 5161 isti
1837 5123 2018 5162 omnes
2052 5125 2176 5163 con-

264 5173 337 5224 tra
372 5174 649 5230 Pallanum
698 5194 815 5231 cum
869 5175 1110 5230 Fallesio
1174 5175 1453 5240 faciebant
1510 5177 1605 5239 (m.
1656 5175 1812 5228 Maio
1862 5176 1992 5230 1547
2054 5181 2175 5240 etc.)

263 5254 389 5295 nunc
419 5246 579 5298 huius
614 5247 673 5300 in
710 5261 879 5299 causa
906 5244 1233 5298 Bolseciana
1266 5244 1566 5299 moderatio
1600 5243 1994 5300 incontinenter
2028 5248 2178 5301 illius

263 5321 338 5362 res
364 5329 575 5382 purqat.

451 5398 668 5453 Caluini
694 5415 874 5468 opera.
958 5398 1068 5454 Vol.
1107 5397 1278 5453 XIV.

1940 401 2102 462 1552
2147 395 2307 463 IAN
2314 398 2527 465 ΗΑΒ..

4126 415 4249 476 242

2306 586 2501 652 bebat
2557 594 2742 653 tanto
2797 590 3008 673 magis
3052 592 3268 674 pergit
3325 593 3397 657 in
3452 595 3898 678 pernegando,
3953 597 4049 663 ita
4115 610 4254 666 tam

2302 671 2395 736 ini
2442 673 2513 738 ui
2578 674 2929 757 scriptores
2992 684 3059 740 et
3123 676 3394 761 maligni
3474 678 3875 747 confessores
3953 685 4254 751 veritatis

2302 778 2371 821 m
2439 757 2497 822 is
2539 761 2735 825 tracti
2780 760 3147 839 affectibus,
3203 771 3452 845 quanto
3515 765 3725 849 magis
3767 767 4142 853 intelligent
4184 785 4252 838 te

2302 842 2371 906 id
2416 864 2610 926 aegre
2654 844 2827 910 ferre
2871 861 2937 910 et
2976 869 3046 912 se
3091 846 3206 912 abs
3250 858 3317 913 te
3360 848 3691 927 damnari,
3751 861 3934 918 tanto
3988 855 4135 938 plus
4177 859 4250 923 in

2302 935 2756 995 transversum
2802 939 3112 1014 agentur:
3158 932 3270 998 sed
3316 934 3430 999 ubi
3473 933 3555 998 ad
3593 957 3663 1001 se
3696 937 4014 1004 redierint
4048 942 4250 1024 (redi-

2303 1011 2471 1077 bunt
2513 1021 2699 1090 sane)
2744 1025 2904 1082 tunc
2948 1016 3320 1102 intelligent
3364 1041 3559 1102 quam
3604 1022 3930 1106 integrum
3977 1033 4043 1091 te
4087 1030 4252 1093 ami-

2302 1120 2455 1195 cum
2500 1099 2871 1174 habuerint,
2917 1104 3027 1184 qui
3073 1112 3206 1168 tam
3253 1107 3545 1187 graviter
3582 1106 3798 1174 laesus
3832 1110 4081 1178 nullam
4118 1115 4249 1197 sig·

2302 1185 2742 1251 mfioationem
2788 1185 3044 1253 dederis
3080 1190 3409 1254 immutat-i
3444 1193 3648 1257 animi
3684 1215 3842 1278 erga
3883 1218 4011 1262 eos.
4083 1197 4247 1263 Par-

2304 1268 2610 1335 vulorum
2669 1272 2796 1337 scis
2857 1274 3180 1338 rationem
3246 1276 3634 1343 habendam.
3721 1280 3867 1365 Ego
3923 1283 4036 1346 vix
4091 1296 4250 1366 puto

2302 1366 2562 1437 partem
2603 1358 2896 1439 ipsorum
2938 1371 3197 1448 natam:
3242 1362 3412 1444 quod
3455 1371 3572 1442 est,
3619 1368 3835 1431 nescio
3880 1388 3962 1432 an
4006 1382 4248 1434 mater-

2305 1461 2467 1505 num
2512 1440 2728 1509 adhuc
2768 1464 3105 1527 egressum
3148 1449 3235 1510 sit
3277 1459 3541 1513 uterum
3599 1459 3665 1515 et
3718 1473 3944 1517 veram
4003 1453 4091 1519 sit
4144 1455 4247 1520 in-

2303 1527 2548 1625 tuitum
2592 1528 2831 1606 lucem,
2873 1532 3206 1614 possitque
3250 1533 3630 1617 dignoscere
3666 1537 3775 1617 qui
3820 1539 3953 1602 sint
3995 1539 4250 1606 domes-

2302 1613 2412 1678 tici
2460 1621 2528 1677 et
2569 1615 2680 1696 qui
2724 1615 2940 1680 alieni.
3013 1617 3164 1683 Non
3208 1619 3448 1684 mirum
3495 1620 3571 1697 si,
3617 1623 3727 1704 qui
3771 1621 3946 1688 domi
3989 1625 4059 1689 in
4095 1646 4249 1692 con-

2300 1697 2471 1763 clavi
2515 1699 3060 1783 philosophantur
3077 1753 3091 1780 ,
3149 1704 3337 1769 facile
3381 1707 3698 1772 monacho
3742 1709 4034 1787 faveant,
4080 1724 4147 1776 et
4189 1714 4250 1778 ei

2301 1785 2413 1865 qui
2470 1793 2710 1850 natura
2771 1788 3198 1854 monachizat.
3302 1788 3436 1855 Sed
3504 1802 3769 1875 propter
3822 1794 4130 1863 ecclesias
4184 1806 4250 1863 et

2301 1890 2718 1936 communem
2760 1893 2988 1956 pacem
3050 1882 3118 1939 et
3160 1874 3679 1942 aedificationem
3731 1879 3941 1945 multa
3994 1882 4249 1965 agenda

2299 1964 2366 2020 et
2427 1957 2717 2022 ferenda.
2805 1957 3203 2037 Venatores,
3270 1963 3378 2043 qui
3437 1963 3674 2027 intenti
3729 1973 3886 2029 sunt
3948 1968 4248 2050 praedae,

2298 2041 2536 2125 quique
2578 2064 2662 2108 ex
2704 2052 2887 2108 motu
2932 2045 3232 2111 monachi
3275 2047 3579 2112 nonnihil
3620 2050 3989 2132 sperabant,
4027 2056 4252 2121 nescio

2300 2147 2385 2191 an
2430 2127 2788 2194 molientur
2823 2130 3085 2215 aliquid.
3159 2130 3292 2198 Sed
3332 2134 3499 2197 vivit
3535 2134 3876 2215 Dominus,
3922 2139 4034 2220 qui
4077 2138 4251 2222 quod

2297 2214 2516 2296 coepit
2556 2215 2865 2281 absolvet.

2470 2299 2786 2383 Tragicus
2830 2301 3074 2367 Caesar
3093 2305 3146 2382 ⁴)
3165 2352 3181 2380 ,
3224 2317 3300 2366 ut
3353 2302 3543 2369 audio
3562 2355 3577 2382 ,
3632 2307 3848 2390 pergit
3892 2329 4044 2373 cum
4078 2310 4242 2376 suis:

2297 2405 2529 2449 verum
2586 2386 2787 2452 miser
2839 2407 2971 2451 non
3031 2387 3172 2451 sine
3227 2408 3344 2453 suo
3400 2389 3571 2454 malo
3629 2412 3867 2475 magno
3921 2393 4247 2480 intelliget

2294 2470 2450 2552 quid
2473 2478 2541 2535 et
2562 2480 2788 2537 contra
2810 2493 3003 2556 quem
3024 2480 3193 2555 agat.
3246 2473 3577 2540 Tossanus
3605 2478 3885 2560 acceptis
3920 2480 4244 2563 capitibus

2298 2555 2806 2636 accusationum,
2851 2558 3083 2640 quibus
3127 2556 3303 2642 apud
3347 2559 3696 2626 Caesarem
3740 2584 3779 2627 a
3821 2564 3989 2629 rasis
4031 2565 4247 2631 fuerat

2298 2648 2652 2720 accusatus,
2696 2643 2913 2708 iussus
2950 2642 3345 2725 respondere
3455 2648 3767 2731 principe,
3804 2650 4245 2731 quum·libere

2297 2727 2710 2812 responderit
2761 2736 2831 2793 et
2871 2728 3036 2793 nihil
3097 2730 3223 2794 nisi
3282 2665 3585 2797 exsilium
3645 2745 3969 2815 speraret,
4025 2737 4244 2804 iussus

2296 2823 2397 2878 est
2438 2813 2608 2878 bono
2654 2833 2796 2878 esse
2840 2815 3057 2878 animo
3116 2824 3180 2878 et
3235 2836 3510 2899 pergere
3568 2828 3959 2885 constanter.
4052 2822 4244 2888 Mau-

2295 2899 2519 2963 ritium
2575 2899 2792 2976 aiunt,
2851 2906 2917 2965 et
2973 2899 3345 2965 Electorem
3391 2899 4009 2988 Brandeburqensem
4062 2908 4245 2974 effla-

2296 2984 2506 3068 gitare
2563 2983 2940 3067 Landyrafii
3002 2984 3486 3052 liberationem:
3515 2992 3566 3066 ³)
3631 3009 3858 3072 quam,
3923 2994 3980 3057 si
4037 2995 4244 3061 amice

2295 3091 2428 3134 non
2473 3070 2860 3154 impetrent,
2925 3072 3124 3135 armis
3184 3073 3318 3137 sint
3359 3075 3792 3155 procuraturi.
3883 3078 4061 3161 Agat
4103 3081 4241 3145 Do-

2295 3155 2514 3221 minus
2558 3175 2677 3239 pro
2717 3154 2968 3222 Saxone
3002 3177 3077 3223 ac
3120 3156 3350 3222 Othone
3383 3159 3678 3226 Acancho
3700 3164 3752 3238 6)
3799 3169 3866 3226 et
3900 3162 4050 3229 aliis
4092 3165 4239 3247 piis.

2294 3237 2691 3305 Amandatio
2770 3249 3106 3324 pastorum
3183 3245 3290 3308 Au
3385 3251 3723 3310 stanorum
3745 3245 3799 3332 ⁷)
3889 3270 4022 3314 non
4108 3250 4243 3317 iam

2294 3325 2564 3391 Caesari
2610 3326 2725 3391 sed
2769 3328 3189 3411 magistratui
3235 3348 3273 3392 a
3319 3330 3654 3410 scribitur,
3711 3332 3882 3415 quod
3939 3334 4082 3418 ipso
4125 3356 4239 3435 pe-

2291 3418 2472 3476 tente
2515 3411 2688 3477 facta
2730 3411 2928 3477 fuerit
2973 3413 3308 3513 Augustae
3352 3424 3417 3479 et
3458 3416 3643 3482 alibi:
3703 3417 3816 3483 sed
3861 3441 3982 3504 ego
4027 3434 4244 3503 potius

2291 3496 2507 3562 iudico
2548 3497 2892 3564 Caesarem
2941 3508 3396 3584 magistratum
3439 3500 3533 3566 ita
3573 3503 3840 3569 iussisse
3883 3512 3959 3570 ut
4000 3507 4242 3572 minori

2289 3582 2546 3648 invidia
2588 3583 2833 3650 faceret
2876 3583 3048 3668 quod
3093 3586 3391 3653 Pontifici
3447 3598 3710 3671 gratum
3770 3591 3974 3655 novit.
4064 3594 4240 3676 Ape-

2290 3670 2417 3734 riet
2462 3669 2790 3735 Dominus
2832 3671 3054 3735 omnia
3096 3680 3162 3736 et
3217 3673 3396 3738 veris
3450 3674 3659 3758 plagis
3702 3677 3976 3741 conficta
4018 3678 4241 3744 omnia

2288 3756 2537 3837 puniet.

2462 3841 2803 3924 Principes
2849 3853 2916 3906 et
2959 3863 3093 3907 non
3150 3863 3394 3925 paucae
3455 3844 3753 3911 civitates
3811 3845 4029 3911 missis
4087 3867 4241 3913 con-

2289 3926 2676 3992 fessionibus
2751 3926 2832 3992 ad
2913 3927 3258 3993 concilium
3346 3925 3740 3996 tradentium
3764 3934 3818 4005 8)
3897 3931 4237 3998 Christum

2288 4029 2356 4076 et
2399 4012 2740 4078 ecclesiam
2760 4064 2774 4090 ,
2844 4023 3173 4079 testantur
3214 4034 3285 4078 se
3328 4011 3502 4078 nolle
3560 4036 3600 4079 a
3641 4015 3841 4082 verbo
3884 4015 4236 4084 discedere.

2289 4099 2550 4182 Augeat
2604 4100 2930 4164 Dominus
2985 4119 3252 4164 suorum
3308 4118 3656 4165 numerum
3714 4114 3780 4166 et
3844 4102 4108 4169 roboret
4161 4105 4235 4170 in

2489 4353 2549 4418 4)
2596 4353 2666 4409 Ut
2711 4354 2800 4409 hic
2845 4357 3015 4410 alium
3060 4359 3223 4423 atque
3259 4355 3648 4424 Imperatorem
3688 4356 3941 4413 Garozun
3985 4365 4231 4415 notam

2284 4422 2572 4477 credamus
2607 4439 2643 4477 a
2677 4423 2834 4478 nobis
2867 4424 3159 4491 impetrare
3191 4439 3304 4478 non
3333 4439 3636 4492 possumus.
3693 4424 3983 4495 Sequentia
4015 4429 4227 4484 eviden-

2285 4497 2365 4547 ter
2399 4507 2513 4546 non
2549 4491 2626 4544 ad
2661 4491 2943 4546 Bolsecum
2980 4497 3240 4561 spectant,
3280 4493 3378 4546 sed
3413 4492 3489 4546 ad
3522 4496 3740 4561 neqotia
3812 4496 4005 4550 ablica.

2489 4561 2550 4627 5)
2598 4559 2723 4614 Hoc
2765 4574 2955 4614 revera
3010 4559 3218 4626 factum
3270 4570 3348 4615 est
3389 4579 3455 4614 m.
3507 4560 3638 4615 Dec.
3689 4564 3710 4613 1
3790 4563 3816 4615 1
3862 4580 3961 4632 per
4020 4566 4228 4632 legatos

2281 4644 2394 4684 non
2427 4628 2600 4683 solam
2638 4627 2905 4683 Mam-itii
2938 4633 2989 4682 et
3022 4627 3295 4683 Ioachimi
3333 4646 3514 4683 veram
3562 4632 3720 4685 ettam
3756 4633 3990 4687 aliorum
4017 4635 4229 4702 princi·

2276 4712 2424 4766 pum.
2497 4697 2805 4764 (Lanyenn,
2845 4696 3053 4751 Mos-its
3087 4706 3180 4750 etc.
3221 4698 3269 4752 1.
3305 4697 3450 4759 487.)

2487 4765 2548 4832 6)
2584 4768 2662 4820 sic
2695 4768 2875 4832 ipsum
2912 4766 3287 4835 autographon
3322 4775 3372 4821 et
3407 4769 3606 4820 caeteri
3637 4770 3930 4822 secundum
3966 4769 4226 4840 ordinent,

2282 4841 2342 4888 ut
2385 4835 2476 4889 ille
2520 4836 2614 4889 ait.
2690 4835 2770 4887 Le
2804 4849 2857 4887 8.·
2919 4833 3182 4896 Henrico,
3229 4851 3382 4904 quem
3418 4843 3628 4889 constat
3671 4838 3863 4902 foedus
3900 4854 4019 4892 cum
4058 4837 4221 4890 Mau-

2277 4905 2406 4957 ritio
2439 4904 2645 4956 iniisse.
2718 4909 2733 4964 (
2850 4903 2860 4914 ”
2899 4942 2909 4953 .
2949 4901 3072 4956 ΙΙΙ.
3107 4901 3251 4970 356.)

2486 4971 2545 5035 7)
2582 4972 2657 5026 N.
2695 4969 2846 5025 1531.
2884 4968 3037 5026 1532.

2483 5040 2544 5108 8)
2579 5040 2762 5094 Locus
2796 5043 2858 5093 in
2890 5041 3226 5110 apoqraphis
3271 5043 3423 5093 varie
3463 5051 3778 5109 corruptus,
3823 5041 3956 5111 quia
4000 5040 4224 5096 librarii

2280 5113 2598 5163 sementiam
2632 5111 2843 5162 autoris
2887 5125 2996 5161 nou
3036 5110 3478 5176 assequebantur.
3552 5109 3722 5162 Ludit
3765 5125 3908 5163 enim
3952 5109 4011 5162 in
4059 5112 4221 5165 verbo

2281 5177 2554 5245 Fas-ellus,
2591 5185 2642 5230 et
2673 5177 2956 5232 concilium
2974 5177 3349 5231 'tridentinum
3385 5186 3541 5232 vocat
3578 5179 3863 5232 concilium
3887 5178 4220 5233 tradentium

2279 5249 2314 5301 i.
2318 5262 2391 5369 aee.
2428 5245 3000 5369 εοὲιιιέἀςιῧῗαὲἅηι
3015 5248 3357 5370 8818818ῃάιῖιῖ
3398 5245 3666 5368 geg-istum
3702 5251 3796 5299 etc.
3865 5244 3956 5301 De
4001 5263 4062 5302 re
4092 5248 4221 5316 ipsa

2280 5332 2315 5369 a
2386 5330 2449 5369 as
2636 5354 2650 5369 .
2799 5355 2810 5367 .
2985 5331 3012 5380 8
3114 5333 3147 5369 a
3169 5334 3241 5385 ²9·
3353 5356 3364 5366 .
3503 5354 3514 5366 .
