4900 6167
660 418 786 481 231

1539 599 1729 672 1579.

858 754 1328 826 GALVINUS
1374 753 1815 823 SYNDIOIS
1859 753 1979 819 ΕΤ
2023 752 2423 820 ΒΕΝΑΤΠΙ

1360 856 1919 926 GENEVENSI.

836 1033 1125 1115 Epistola
1162 1031 1619 1112 nuncupatoria
1655 1029 1815 1095 libro
1855 1030 1932 1095 de
1972 1031 2226 1093 aeterna
2266 1026 2614 1108 Deiprae-

665 1120 1074 1186 destinatione
1097 1117 1409 1202 praefixa.

668 1291 861 1358 (Edita
918 1295 1004 1346 est
1051 1307 1086 1343 a
1136 1288 1291 1342 nobis
1335 1289 1391 1341 in
1435 1287 1625 1368 ‘Temo
1682 1283 1825 1339 VIII.
1866 1285 2114 1368 ‚Operum
2171 1302 2223 1365 P:
2276 1282 2404 1349 253,
2458 1299 2612 1353 seqq.

665 1360 808 1414 Data
842 1364 927 1414 est
946 1358 1196 1414 Calendis
1208 1356 1478 1410 Ianuariis
1512 1353 1651 1409 1552
1683 1359 1741 1408 et
1773 1365 1967 1423 incipit
1999 1371 2034 1407 a
2067 1354 2278 1408 verbis:
2321 1351 2479 1421 Quae
2509 1367 2614 1408 nos

950 1426 1027 1481 ad
1057 1425 1293 1481 mellum
1324 1424 1474 1480 bum
1505 1422 1850 1479 scribendum
1882 1421 2102 1494 impulit
2135 1422 2325 1488 caett.)

1540 1919 1731 1989 158⁰.

1119 2056 1662 2126 BROSSAEUS
1706 2053 2142 2122 OALVINO.

841 2230 1217 2317 Goniuyimn
1257 2250 1444 2296 suum
1486 2231 1626 2312 ipso
1666 2228 2054 2311 sponsalium
2095 2227 2198 2293 die
2226 2225 2387 2307 felix

662 2339 774 2386 sus
809 2323 1080 2400 patrono
1121 2318 1395 2383 nunciat.
2370 2375 2375 2380 ,

994 2489 1105 2555 (Ex
1141 2487 1480 2556 autographo
1515 2485 1646 2543 eod,
1681 2484 1813 2540 Gen.
1849 2484 1970 2553 110,
2004 2485 2098 2540 fol.
2138 2481 2281 2550 175.)

830 2659 1094 2725 Eximio
1153 2658 1337 2724 verbi
1395 2659 1522 2723 Dei
1577 2657 1882 2723 ministro
1928 2656 2001 2720 D.
2045 2656 2280 2722 Ioanni
2326 2654 2609 2721 Calvino

660 2745 1073 2813 Genevensis
1114 2744 1421 2811 ecclesiae
1461 2745 1710 2827 pastori
1753 2742 2442 2894 sanctissimgenemo·

828 2967 901 3036 S.
986 2969 1135 3036 Etsi
1200 2974 1267 3033 te
1342 2967 1753 3051 gravissimis
1826 2965 2241 3049 maximeque
2318 2985 2617 3031 necessa-

656 3055 775 3121 riis
818 3064 1203 3138 occupatum
1246 3053 1529 3138 negotiis
1571 3073 1701 3119 non
1742 3052 1975 3138 ignoro
2029 3072 2160 3117 non
2202 3071 2471 3135 possum
2513 3060 2612 3116 ta-

654 3162 811 3207 men
855 3142 1017 3225 quin
1060 3149 1129 3205 te
1172 3137 1337 3204 meis
1382 3137 1463 3203 de
1518 3137 1741 3212 rebus,
1797 3158 1960 3222 quas
2015 3137 2261 3221 optimo
2318 3137 2391 3202 in
2435 3143 2614 3203 statu

654 3237 772 3293 tua
813 3247 1012 3310 opera
1066 3233 1134 3291 et
1178 3222 1393 3289 studio
1438 3224 1762 3290 Dominus
1800 3223 2073 3301 locavit,
2128 3223 2475 3289 certiorem
2517 3222 2611 3287 fa-

655 3313 844 3379 ciam.
951 3310 1181 3392 Quum
1246 3310 1401 3375 huic
1466 3310 1726 3377 scholae
1799 3310 2169 3393 praefectus
2232 3329 2446 3375 essem
2511 3306 2611 3390 (id

656 3396 828 3483 quod
870 3395 1038 3461 mihi
1097 3403 1210 3461 tua
1269 3396 1464 3462 unius
1519 3394 2080 3463 commendatione
2137 3402 2204 3460 et
2260 3394 2611 3461 autoritate

654 3482 955 3566 contigit)
984 3481 1035 3567 ¹)
1080 3489 1148 3547 et
1182 3503 1223 3547 a
1257 3502 1455 3565 quam
1494 3481 1798 3566 plurimis
1841 3501 2115 3566 rogarer
2169 3490 2244 3547 ut
2285 3480 2466 3546 domi
2507 3481 2607 3546 iu-

652 3590 857 3635 venes
899 3567 1146 3650 aliquot
1199 3567 1442 3633 alerem
1459 3616 1476 3645 ,
1541 3567 1741 3634 simul
1794 3575 1865 3632 et
1929 3567 2258 3645 docerem,
2315 3566 2499 3650 coepi
2540 3565 2609 3631 id

656 3655 875 3719 oneris
932 3653 1269 3738 deprecari
1285 3705 1302 3732 ,
1373 3653 1545 3718 nihil
1609 3652 1788 3718 aliud
1854 3664 2156 3718 causatus
2219 3673 2416 3736 quam
2476 3672 2609 3718 non

655 3760 800 3805 esse
842 3740 955 3822 qui
997 3759 1103 3805 me
1145 3739 1215 3805 in
1259 3747 1396 3805 tam
1451 3739 1699 3807 difficili
1758 3739 2024 3824 negotio
2066 3738 2344 3805 iuvaret.
2434 3738 2608 3803 Tum

651 3824 818 3890 mihi
860 3824 1078 3891 oblata
1120 3834 1222 3891 est
1261 3825 1341 3891 ab
1391 3824 1803 3892 amicissimis
1847 3825 2185 3904 uxorcula,
2243 3825 2428 3890 cuius
2471 3823 2609 3889 sin-

653 3908 903 3996 gularis
947 3911 1282 3991 modestia,
1326 3932 1492 3995 quae
1526 3932 1732 3995 quum
1765 3911 1839 3976 in
1882 3911 2025 3994 ipsa
2066 3910 2231 3975 mihi
2268 3917 2611 3995 perspecta

654 4004 755 4063 est
798 4004 940 4061 tum
984 4018 1025 4062 a
1076 3997 1203 4081 piis
1251 3999 1555 4065 omnibus
1597 3997 2054 4081 comprobatur
2070 4049 2087 4076 ,
2149 4018 2255 4062 me
2308 3997 2405 4061 ita
2461 4016 2608 4078 per-

655 4081 864 4149 movit
929 4089 1008 4148 ut
1064 4083 1377 4150 consultis
1441 4084 1740 4167 patribus
1792 4084 1958 4148 meis
2017 4083 2167 4148 DD.
2228 4080 2488 4147 Far-ello
2543 4089 2612 4146 et

660 4167 1099 4250 ammplam
1132 4169 1563 4236 sanctissimis
1599 4170 1781 4235 verbi
1815 4169 1943 4235 Dei
1979 4169 2301 4233 ministris
2336 4166 2609 4249 aliisque

656 4255 989 4321 nonnullis
1021 4255 1314 4337 ipsorum
1349 4257 1730 4342 symmystis
1766 4255 2179 4322 amicissimis
2219 4254 2382 4318 meis
2426 4252 2607 4317 illam

654 4340 820 4404 mihi
864 4339 1056 4406 hodie
1100 4360 1375 4406 uxorem
1433 4341 1782 4423 stipulatus
1824 4342 1968 4407 sim.
2060 4340 2359 4404 Aderant
2410 4338 2610 4404 iidem

660 4424 961 4491 Fan-ellus
1003 4435 1072 4492 et
1120 4425 1606 4510 christophorus
1620 4477 1636 4507 ,
1681 4448 1956 4512 quorum
2000 4424 2270 4492 consilio
2313 4433 2382 4489 et
2423 4433 2610 4490 auto-

656 4511 839 4575 ritati
916 4533 1065 4577 mea
1128 4514 1347 4578 omnia
1423 4512 1710 4595 adeoque
1786 4534 1893 4578 me
1970 4512 2185 4594 ipsum
2252 4511 2608 4575 committo.

658 4596 806 4663 Hoc
851 4605 915 4662 te
957 4598 1162 4663 latere
1206 4600 1417 4676 nolui,
1489 4600 1589 4664 vir
1637 4599 2149 4681 sapientissime,
2209 4606 2288 4661 ut
2326 4617 2435 4662 me
2477 4596 2612 4662 tuis

663 4683 1095 4750 sanctissimis
1132 4684 1431 4767 precibus
1456 4684 1744 4751 Domino
1788 4681 2229 4760 commendes,
2293 4691 2369 4747 ut
2410 4703 2608 4765 quam
2693 4709 2700 4716 ’

654 4769 736 4836 de
793 4769 915 4836 hoc
958 4769 1232 4836 feliciter
1272 4771 1529 4853 incepto
1592 4770 1890 4854 coniugio
1943 4788 2129 4852 spem
2182 4767 2477 4851 concipio
2533 4789 2613 4834 ea

652 4878 760 4922 me
802 4856 1171 4923 felicissime
1212 4857 1458 4940 perfrui
1499 4856 1857 4938 contingat.

829 4943 933 5007 De
979 4943 1252 5009 caeteris
1296 4944 1490 5008 rebus
1548 4943 1713 5008 meis
1771 4941 1998 5025 paucis
2058 4949 2210 5005 ante
2255 4939 2483 5005 diebus
2528 4939 2610 5004 ad

659 5038 724 5093 te
764 5029 1010 5112 scripsi.
1100 5028 1195 5092 'I'e
1240 5050 1420 5094 meas
1463 5030 1597 5094 iam
1657 5028 1885 5093 literas
1928 5026 2252 5109 accepisse
2313 5046 2444 5091 non
2491 5025 2610 5091 du·

657 5112 809 5178 bito.
884 5115 965 5179 D.
1011 5114 1341 5181 Farellum
1385 5113 1468 5180 ad
1514 5123 1579 5180 te
1623 5115 1907 5180 scribere
1950 5113 2248 5178 arbitror.
2322 5113 2391 5179 Is
2436 5112 2613 5178 valet

658 5335 841 5391 1580.
870 5337 927 5402 1)
968 5353 1017 5390 v.
1054 5338 1132 5392 N.
1171 5336 1319 5391 1573.

2169 407 2695 478 EPIS'POLAE
2746 413 2775 472 1
2786 410 3162 474 579—1581

4528 416 4636 478 232

2720 599 2981 681 optime.
3086 599 3150 663 A
3214 598 3405 664 cuius
3467 598 3703 677 latere,
3788 596 3988 663 simul
4050 605 4242 680 atque
4303 595 4549 666 dabitur
4604 622 4641 666 a

2718 683 2959 751 scholis
3002 685 3210 749 otium
3229 736 3245 763 ,
3291 705 3632 766 nunquam
3672 705 3817 748 sum
3864 682 4283 749 discessurus.
4367 682 4446 749 Id
4483 685 4638 767 quod

2716 770 2882 836 mihi
2899 821 2915 849 ,
2983 790 3114 853 qua
3169 778 3271 835 eet
3329 770 3739 835 humanitate
3755 820 3770 842 ,
3836 790 3969 834 non
4023 769 4273 834 invitus
4336 769 4638 836 concedet.

2715 855 3106 922 Breviorem
3148 876 3257 920 me
3298 857 3474 939 cogit
3515 877 3657 921 esse
3714 856 3980 920 iamiam
4037 854 4435 920 discessurus
4480 855 4638 921 Gau·

2714 941 2963 1007 chorius
3004 941 3321 1018 Εανεῑῖαε,
3364 942 3589 1023 magni
3621 940 3820 1006 illius·
3843 941 4091 1006 Far-elli
4131 942 4349 1017 frater,
4392 941 4491 1006 cui
4538 941 4642 1007 has

2714 1026 2942 1093 literas
3008 1027 3176 1092 dedi.
3275 1027 3591 1112 Ignoscas
3656 1027 3851 1106 mihi,
3920 1047 4179 1109 quaeso,
4239 1026 4642 1092 tumultuarie

2715 1113 3028 1179 scribenti
3085 1132 3207 1178 nec
3248 1114 3469 1178 minus
3516 1121 3828 1196 occupato
3884 1133 4078 1197 quam
4123 1112 4337 1177 solent
4374 1113 4484 1194 qui
4536 1132 4642 1178 no-

2715 1199 2820 1263 vis
2880 1198 3129 1282 nuptiis
3181 1199 3621 1281 implicantur.
3724 1199 4050 1264 Dominus
4118 1207 4185 1263 te
4252 1198 4388 1264 suis
4437 1198 4645 1264 electis

2715 1285 3032 1350 adversus
3095 1286 3412 1350 nefariam
3477 1283 3899 1367 reproborum
3962 1282 4210 1349 rabiem
4266 1303 4457 1367 quam
4518 1283 4646 1348 diu·

2714 1371 2968 1437 tissime
3010 1370 3406 1436 incolumem
3450 1379 3687 1436 servet.
3775 1370 3974 1449 Vale,
4032 1377 4416 1454 praeceptor
4458 1370 4642 1435 hono-

2714 1456 3056 1523 ratissime.
3113 1455 3421 1522 Neocomi
3458 1456 3768 1540 postridie
3793 1455 4061 1524 Galend.
4099 1456 4442 1521 Ianuarias
4480 1457 4642 1519 1552.

3422 1611 3607 1676 Tuus
3652 1609 4096 1677 deditissimus
4140 1609 4494 1693 discipulus

3559 1712 3934 1779 Maturinus
3976 1713 4356 1778 Brossaeus.

3601 2225 3790 2296 1581.

2865 2380 3296 2449 MINISTRJ
3337 2379 4080 2449 LAUSANNENSES
4126 2378 4529 2446 SENATUI

3445 2483 3699 2548 BERN
3703 2481 3937 2549 ENSI.

2893 2655 3332 2722 Roenonstrant
3383 2660 3595 2722 contra
3659 2674 3869 2720 recens
3931 2659 4194 2719 senam-s
4257 2654 4521 2719 edietum
4586 2654 4655 2718 de

2716 2740 3028 2807 Romami
3070 2741 3431 2808 cateduimo
3472 2743 3544 2805 in
3593 2740 3863 2808 ecclesiis
3910 2739 4166 2823 yallicis
4228 2739 4572 2805 adhibendo
4608 2742 4658 2802 et

2715 2828 2874 2894 aliis
2911 2829 2982 2892 in
3024 2829 3253 2894 iisdem
3305 2827 3622 2907 hucusque
3675 2826 3999 2891 inusitati-s·
4050 2827 4463 2892 caeremoniis
4499 2826 4658 2890 dein-

2714 2933 2857 2995 ceps
2898 2912 3316 2979 observandis.

2711 3086 2826 3154 (Ex
2871 3085 3183 3139 authentico
3229 3100 3382 3138 exem
3424 3083 3526 3137 lari
3580 3083 3639 3136 in
3683 3083 3826 3136 Bibl.
3873 3082 4135 3137 Bernensi
4185 3087 4470 3137 asservato
4515 3079 4662 3135 MSS.

2906 3155 3034 3208 hist.
3069 3153 3272 3208 helvet.
3309 3100 3422 3208 111¹?
3446 3150 3531 3220 34,
3566 3151 3657 3206 fol.
3693 3150 3814 3206 205.
3852 3180 3919 3190 —
3955 3151 4171 3206 Simler.
4210 3153 4335 3208 Vol.
4374 3150 4484 3219 76.)

2715 3341 2928 3431 [Viris
2967 3342 3230 3426 optimis
3287 3349 3356 3406 et
3419 3340 4034 3407 observandissimis
4090 3343 4166 3405 in
4210 3342 4503 3407 Domino
4544 3340 4664 3404 fra·

2711 3428 2926 3495 tribus
2981 3450 3057 3494 ac
3122 3427 3512 3513 symmystis
3553 3427 3889 3599 beggesjae
3955 3426 4325 3493 Bernensis
4395 3426 4664 3511 pastori-

2881 3650 3118 3734 Oapita
3150 3652 3290 3718 sive
3326 3650 3587 3716 articuli
3620 3650 4033 3733 potissimum
4069 3649 4154 3715 ad
4179 3651 4668 3718 Gatechismum

2711 3746 2777 3804 et
2862 3736 3244 3803 Formulam
3348 3735 4011 3802 administrandorum
4106 3745 4667 3802 sacramentorum

2712 3845 2926 3906 nuper
2995 3822 3263 3887 missam
3329 3823 3400 3886 in
3464 3842 3706 3887 novam
3762 3822 4174 3904 provinciam
4245 3825 4667 3906 pertinentes,

2711 3931 2873 3993 quos
2936 3909 3224 3973 ministri
3289 3909 3488 3973 trium
3567 3906 4075 3990 colloquiorum,
4149 3907 4667 3980 Lausannensis‚

2710 3995 3123 4064 Viviacensis
3189 4002 3258 4059 et
3313 3992 3785 4076 Aquileiensis,
3853 4012 4017 4076 quae
4078 3993 4318 4061 classis
4378 3997 4670 4061 Lausan·

2709 4083 2933 4147 nensis
2992 4080 3253 4145 nomine
3316 4079 3527 4143 intelli
3621 4087 3811 4158 ntur,
3876 4079 4080 4156 vobis,
4155 4081 4670 4165 magnificentis-

2710 4167 2876 4318 simii
2928 4174 2994 4232 et
3065 4165 3492 4231 illustrissimi
3610 4165 3923 4247 rincipes,
3994 4164 4325 4231 exhibent
4386 4163 4670 4233 conside-

2710 4274 2830 4318 ran
2878 4275 2968 4318 os.
2992 4253 3049 4334 ²)

2882 4389 3182 4455 Primum
3249 4387 3632 4471 suppliciter
3699 4388 4018 4470 petimus,
4096 4387 4544 4456 illustrissimi
4611 4399 4674 4453 et

2712 4475 3204 4543 clementissimi
3251 4473 3544 4550 Domini,
3604 4481 3710 4552 ut,
3777 4475 4028 4556 quoties
4083 4475 4219 4539 erit
4274 4475 4532 4560 aliquid
4575 4472 4673 4540 vel

2714 4560 3094 4627 novandum
3154 4559 3263 4625 vel
3306 4559 3791 4625 immutandum
3845 4562 3913 4623 in
3957 4560 4041 4624 iis
4096 4581 4275 4642 quae
4346 4563 4673 4646 pertinent

2713 4784 2883 4839 1581.
2927 4785 2976 4850 l)
3013 4783 3169 4838 Haec
3199 4781 3489 4850 inscriptio
3521 4782 3674 4838 docet
3704 4782 3976 4849 exemplar
4008 4780 4154 4835 mad
4169 4766 4257 4837 ‘in
4291 4801 4459 4838 usum
4495 4785 4674 4838 ninis-

2713 4860 2924 4910 trorum
2956 4853 3285 4919 descriptum
3315 4851 3502 4915 fuisse.

2920 4921 2980 4988 2)
3025 4920 3241 4975 Ructat
3275 4920 3377 4974 IV.
3411 4919 3540 4974 490:
3587 4918 3804 4988 Iusqu’a
3839 4918 3939 4972 l’an
3980 4917 4115 4973 1552
4163 4920 4250 4974 les
4288 4923 4571 4976 ministres
4605 4920 4675 4972 du

2715 4989 3814 5128 fsssuzssgnflffidzeffsfsffisfflw‘00¹2
3833 4988 4151 5128 ”mss
4179 4991 4570 5114 aazias
4603 4989 4674 5109 Ἥ

2718 5131 2826 5183 LL.
2850 5129 2961 5181 13:132.
3000 5129 3068 5181 de
3171 5145 3266 5182 rne
3301 5130 3464 5181 firent
3497 5128 3779 5195 imprimar
3814 5125 3865 5177 la
3902 5126 4121 5207 liturgic
4159 5133 4220 5181 et
4258 5129 4312 5182 le
4351 5130 4673 5184 catechismo

2659 5235 2666 5270 ⁸
2716 5199 2784 5251 de
2821 5200 2939 5252 leur
2972 5197 3202 5266 capitale
3240 5204 3297 5251 et
3331 5195 3700 5266 l’envoyerent
3735 5193 3767 5246 a
3801 5210 3889 5247 ces
3925 5195 4205 5250 ministres
4231 5215 4373 5253 avec
4409 5199 4572 5253 ordre
4610 5196 4675 5249 de

2715 5269 2795 5321 les
2831 5266 3132 5321 introduire
3177 5268 3320 5319 aussi
3373 5267 3507 5320 dans
3555 5266 3698 5317 leurs
3746 5264 3939 5332 eglises
3974 5271 4070 5319 etc.
4150 5266 4448 5323 Caeterum
4495 5269 4564 5334 cf.
4605 5263 4672 5318 N.

2659 5303 2666 5400 ἔ
2719 5335 2869 5392 1475.
2905 5334 3043 5389 1572
3075 5344 3126 5391 et
3166 5335 3316 5390 1582.
