4900 6167
254 417 346 479 233
1917 416 2078 479 1552
2123 414 2494 481 IANUAR.
4069 423 4194 485 234

251 602 312 669 ad
346 601 771 665 ministrorum
812 621 1058 666 munus
1101 621 1452 685 eorumque
1495 600 1860 668 doctrinam
1903 611 1971 667 et
2014 601 2146 667 dis-

251 688 505 772 ciplinam
549 686 1070 764 ecclesiasticam,
1116 688 1501 769 praesertim
1545 689 1599 754 si
1644 709 1722 754 ea
1755 709 1862 754 res
1905 709 2147 754 novam

249 775 483 857 aliquam
524 772 842 838 rationem
902 773 1142 857 populo
1194 774 1506 839 invehere
1550 774 1879 854 videatur,
1935 774 2147 858 prius-

250 880 406 943 quam
448 857 785 938 definiatis,
831 857 1133 942 diligenti
1167 859 1587 943 inquisitione
1622 860 1792 926 facta
1836 881 1877 924 a
1920 860 2148 925 minis-

248 946 341 1010 tris
377 945 768 1028 cognoscatis
812 944 966 1028 quid
1011 966 1226 1011 mores
1270 945 1688 1011 ecclesiarum
1745 947 1963 1011 ferant
2006 945 2146 1029 qui-

245 1031 341 1096 bus
378 1037 696 1114 praesunt,
739 1038 805 1095 et
847 1030 1135 1097 maxime
1178 1032 1722 1098 conscientiarum
1769 1052 1990 1098 curam
2036 1052 2147 1116 ge-

246 1123 381 1181 runt.
458 1114 537 1180 Id
581 1125 801 1182 autem
845 1137 887 1180 a
932 1116 1117 1182 vobis
1161 1117 1385 1182 multis
1429 1115 1510 1182 de
1554 1116 1770 1182 causis
1813 1117 2148 1183 contendi-

244 1224 373 1268 mus.
452 1202 839 1285 Antiquitus
883 1202 1093 1281 enim,
1148 1211 1342 1287 atque
1386 1202 1547 1268 adeo
1592 1224 1796 1286 usque
1841 1225 1879 1268 a
1923 1204 2149 1287 primi-

244 1289 355 1352 tiva
398 1287 696 1367 ecclesia,
760 1309 929 1371 quae
982 1288 1209 1354 eadem
1254 1295 1356 1354 est
1398 1289 1769 1374 apostolica,
1827 1288 1935 1355 hic
1990 1288 2149 1354 ordo

244 1394 459 1457 semper
499 1383 603 1439 est
643 1375 1055 1452 observatus,
1103 1374 1414 1458 quamdiu
1457 1375 1717 1458 quidem
1764 1376 1890 1441 fuit
1934 1376 2152 1458 aliqua

244 1458 511 1525 ecclesiae
566 1458 841 1526 honesta
896 1468 962 1524 et
1014 1459 1362 1527 laudabilis
1420 1461 1686 1543 species.
1789 1461 1926 1527 Nec
1972 1460 2150 1526 vide-

242 1565 359 1610 mus
392 1566 528 1610 rem
556 1546 766 1611 -aliter
808 1546 950 1611 fieri
990 1566 1181 1629 posse
1225 1548 1367 1612 sine
1402 1547 1761 1612 multorum
1807 1547 2152 1632 perturba·

243 1631 386 1695 tione
456 1638 524 1696 et
602 1652 844 1717 magno
922 1633 1471 1697 conscientiarum
1548 1633 1869 1715 scrupulo.
1979 1632 2152 1698 Nam

241 1717 701 1783 constitutiones
758 1718 1227 1784 ecclesiasticae
1292 1718 1373 1784 ad
1421 1719 1764 1784 hominum
1816 1720 2153 1786 conscien-

239 1804 367 1867 tiam
426 1804 850 1887 attemperari
915 1803 1168 1870 debent.
1282 1802 1508 1885 Quum
1586 1804 1789 1888 igitur
1865 1805 2153 1871 ministri

240 1888 485 1954 maxime
531 1889 1083 1955 conscientiarum
1138 1911 1363 1956 curam
1422 1902 1656 1974 gerant
1698 1892 1765 1955 in
1810 1911 1930 1956 suo
1976 1890 2152 1973 quis-

239 1995 335 2056 que
372 1973 611 2053 ordine,
658 1975 968 2059 expedire
1011 1975 1274 2042 videtur
1314 1984 1392 2041 ut
1432 1978 1502 2040 in
1546 1977 1650 2042 his
1693 1974 1888 2043 rebus
1921 1977 2152 2041 minis-

240 2060 306 2123 tri
352 2062 412 2125 in
476 2061 826 2128 consilium
892 2060 1361 2141 adhibeantur,
1440 2063 1498 2128 si
1551 2062 1744 2128 modo
1813 2063 1958 2127 veri
2017 2064 2153 2127 sint

237 2146 483 2211 ministri
528 2156 595 2213 et
636 2146 720 2212 ad
764 2167 956 2212 suum
1013 2168 1254 2213 munus
1309 2147 1600 2232 legitime
1642 2148 1876 2213 vocati.
1965 2146 2152 2229 Quae

239 2250 397 2297 causa
435 2241 537 2298 est
578 2252 697 2297 cur
739 2232 974 2318 synodi
1018 2239 1085 2299 et
1137 2233 1411 2300 eoncilia
1453 2234 1589 2299 sint
1626 2255 1667 2299 a
1709 2234 1921 2317 primo
1963 2233 2153 2300 insti-

237 2325 374 2382 tuta:
415 2319 704 2401 alioquin
749 2318 1114 2403 periculum
1158 2329 1260 2385 est
1293 2341 1376 2384 ne
1418 2340 1538 2403 pro
1573 2339 1731 2402 pace
1776 2330 1844 2384 et
1887 2341 2151 2387 concor-

236 2402 320 2468 dia
355 2405 773 2471 eeclesiarum
828 2425 1072 2491 magna
1124 2405 1478 2471 earundem
1539 2413 1975 2491 consequatur
2019 2404 2152 2472 dis-

236 2492 442 2566 sensio,
512 2490 1104 2574 quamplurimique
1159 2492 1311 2557 boni
1379 2501 1448 2556 et
1514 2491 1739 2558 fideles
1797 2493 1923 2558 Dei
1978 2492 2151 2559 servi

234 2576 386 2642 vobis
416 2578 848 2643 inscientibus
892 2577 1187 2661 nihilque
1231 2577 1361 2642 tale
1397 2577 1836 2661 cogitantibus
1877 2579 1950 2643 in
1996 2599 2150 2644 con-

237 2661 621 2728 scientiarum
666 2662 931 2746 laqueos
974 2660 1385 2728 inducantur.
1477 2663 1665 2744 Quae
1709 2686 1749 2729 a
1792 2663 1978 2730 nobis
2018 2686 2151 2729 non

233 2745 434 2814 idcirco
476 2747 791 2816 dicuntur
834 2749 1023 2832 quasi
1066 2749 1349 2813 ministri
1393 2748 1674 2815 debeant
1716 2750 1822 2815 vel
1866 2751 2154 2834 cogitare

236 2831 296 2896 de
326 2834 699 2918 usurpando
744 2843 861 2900 aut
904 2834 1321 2918 magistratu,
1368 2845 1483 2900 aut
1522 2835 1858 2901 dominatu
1899 2836 1967 2901 in
2012 2857 2154 2901 ma-

236 2918 581 3001 gistratum,
650 2919 766 2986 sed
830 2921 1049 3004 potius
1117 2927 1190 2985 ut·
1253 2941 1483 2987 omnes
1548 2921 1756 2986 intelli
1848 2930 1926 2986 nt
1987 2942 2154 3005 quae

234 3008 626 3090 magistratus
695 3005 987 3072 decernit
1061 3014 1130 3072 et
1193 3009 1532 3073 constituit
1596 3006 1676 3072 ad
1743 2942 2153 3091 ‹fizeiplinam

235 3091 699 3158 ecclesiasticam
758 3093 1189 3176 pertinentia,
1249 3113 1326 3158 ea
1367 3094 1585 3158 omnia
1649 3093 1731 3158 ad
1776 3093 2070 3178 regulam
2116 3114 2155 3157 a

318 3179 486 3244 mino
534 3178 932 3262 propositam
978 3176 1224 3244 directa
1265 3200 1408 3245 esse
1426 3229 1442 3259 ‚
1493 3200 1614 3244 nec
1658 3200 1694 3243 e
1738 3178 1875 3244 sola
1917 3179 2152 3245 volun-

236 3270 342 3328 ate
380 3285 607 3330 eorum
668 3266 780 3347 qui
844 3264 1213 3347 imperandi
1271 3265 1517 3330 habent
1572 3273 1960 3349 potestatem
2004 3287 2151 3348 pro-

235 3347 389 3415 fecta.
473 3351 829 3417 Praeterea
885 3350 1048 3416 haee
1104 3371 1144 3415 a
1200 3352 1389 3416 nobis
1443 3350 1858 3436 postulantur
1916 3362 1989 3416 ut
2032 3372 2154 3417 sua

236 3436 434 3519 mique
490 3436 813 3502 autoritas
873 3457 1042 3520 quae
1106 3436 1176 3500 in
1239 3458 1356 3503 sua
1420 3438 1656 3520 cuique
1720 3437 2056 3503 functione
2112 3457 2154 3502 a

232 3518 349 3585 Deo
387 3542 696 3588 concessa
737 3531 866 3600 est,
911 3525 1286 3587 retineatur.
1375 3521 1608 3606 Itaque
1649 3524 1972 3590 vellemus
2013 3544 2151 3589 om·-

236 3606 378 3684 nino,
410 3607 843 3674 illustrissimi
866 3608 1209 3691 Principes
1247 3618 1315 3674 et
1336 3608 1606 3674 Domini
1643 3609 2151 3686 elementissimi,

235 3711 267 3753 a
298 3693 496 3774 primo
540 3693 727 3760 vobis
771 3694 984 3759 visum
1028 3694 1254 3760 fuisset
1298 3694 1379 3759 de
1421 3694 1658 3759 libellis
1691 3695 1823 3761 illis
1867 3705 2152 3760 vestram

236 3778 617 3846 voluntatem
658 3780 1060 3864 significare,
1121 3789 1194 3844 ut
1236 3801 1396 3863 quas
1438 3779 1562 3847 hoc
1622 3794 1912 3868 tempore
1971 3782 2154 3847 vobis

234 3865 487 3931 rationes
556 3885 888 3949 exponere
953 3868 1304 3931 statuimus
1372 3888 1482 3933 eas
1532 3866 1663 3931 iam
1734 3887 1774 3931 a
1835 3867 2155 3951 principio

236 3947 572 4036 intelligere
607 3953 1001 4036 potuissetis.
1071 3950 1259 4033 Quae
1303 3953 1565 4035 quidem
1603 3953 1920 4018 eiusmodi
1966 3964 2153 4017 sunt:

378 4035 775 4120 Quanquam
820 4039 1038 4103 unitas
1096 4046 1164 4103 et
1206 4040 1572 4105 coniunctio
1616 4039 2153 4105 caerimoniarum

236 4122 493 4187 maxime
546 4123 917 4207 expetenda
956 4135 1088 4203 est,
1145 4133 1365 4190 tamen
1420 4145 1614 4208 saepe
1680 4124 1820 4192 loca
1859 4131 2157 4208 tempora

236 4222 526 4285 personae
569 4208 867 4275 diversas
923 4210 1211 4275 rationes
1251 4231 1567 4293 quaerere
1609 4220 1677 4276 et
1719 4210 2007 4277 retinere
2051 4230 2155 4275 co·

239 4302 406 4371 gunt,
452 4295 747 4378 ritusque
790 4315 921 4360 non
967 4297 1162 4361 unius
1206 4298 1467 4381 generis
1511 4295 1875 4362 observare.
1967 4294 2156 4377 Quae

239 4395 405 4444 causa
446 4379 665 4446 effecit
708 4389 782 4445 ut
827 4393 961 4445 tam
1005 4380 1304 4447 diversae
1361 4393 1496 4448 toto
1539 4383 1696 4449 orbe
1738 4393 1804 4447 et
1848 4382 2024 4466 leges
2067 4382 2160 4447 la-

238 4477 321 4526 tae
370 4468 504 4530 sint
558 4479 627 4532 et
682 4464 1187 4533 eonsuetudines
1230 4467 1657 4535 introductae.
1746 4469 1940 4535 Nunc
1980 4488 2158 4547 vero,

239 4559 527 4628 quantum
579 4551 662 4617 ad
721 4574 1030 4635 personas
1094 4560 1161 4616 et
1202 4553 1345 4619 loca
1389 4557 1652 4632 attinet,
1710 4561 1959 4618 tantam
2015 4575 2159 4619 esse

237 4633 511 4701 videmus
585 4636 1028 4703 differentiam
1092 4639 1263 4702 inter
1341 4641 1653 4723 populum
1728 4639 1906 4706 hunc
1973 4640 2159 4706 vobis

240 4720 571 4788 subiectum
633 4736 701 4789 et
757 4724 945 4789 illum
992 4725 1230 4791 veteris
1273 4735 1532 4791 vestrae
1573 4725 1870 4799 ditionis.
1928 4736 2003 4791 ut
2044 4726 2157 4792 iis-

240 4802 365 4902 dem
407 4811 766 4876 rationibus
811 4823 1158 4892 utrumque
1204 4811 1270 4875 in
1327 4813 1538 4877 officio
1583 4827 1649 4879 et
1693 4816 1760 4878 in
1803 4811 2159 4877 observan-

239 4901 314 4985 5¹²²
349 4896 641 4963 coelestis
695 4898 1027 4963 doctrinae
1083 4898 1418 4962 continere
1470 4897 1737 4964 difficile
1794 4898 1899 4963 vel
1943 4900 2159 4980 potius

240 4982 613 5060 lmpossibile
664 4983 1044 5048 iudicemus.
1149 4983 1373 5047 Vestri
1443 4985 1620 5048 enim
1694 4985 1787 5049 illi
1862 4984 2160 5049 homines

243 5067 461 5131 veteris
505 5068 771 5135 ditionis
816 5071 946 5133 iam
1008 5071 1256 5151 pridem
1313 5069 1537 5135 divino
1594 5071 1902 5137 beneficio
1961 5091 2159 5135 evan-

244 5148 464 5228 gelium
518 5167 936 5239 receperunt,
1001 5155 1194 5238 idque
1250 5176 1385 5220 non
1440 5165 1657 5221 coacte
1714 5156 1829 5222 sed
1902 5177 2162 5222 summa

243 5235 559 5306 voluntate
584 5324 591 5332 ·
616 5263 997 5325 summaque
1053 5243 1402 5309 alacritate.
1491 5243 1582 5306 Hi
1643 5262 1832 5320 vero,
1895 5252 1969 5308 ut
2013 5241 2159 5306 ‹lili-

244 5325 600 5400 gentissime
642 5328 924 5394 officium
970 5338 1269 5395 nostrum
1315 5329 1645 5409 faciamus,
1690 5337 1913 5393 tamen
1957 5330 2160 5411 perti-

2249 604 2502 669 naciter
2564 598 2778 667 adhuc
2833 601 3405 685 superstitionibus
3463 602 3706 670 addicti
3746 612 3931 686 sunt,
3987 608 4082 674 sic
4124 614 4202 673 ut

2251 688 2429 754 nullo
2473 686 2667 753 modo
2724 708 2807 752 ex
2848 688 2994 753 istis
3045 689 3376 755 erroribus
3430 690 3593 773 eripi
3636 692 3906 775 possint.
3995 693 4077 759 In
4123 715 4201 760 eo

2251 782 2474 840 autem
2539 772 2758 838 libello
2813 783 2882 838 et
2952 774 3234 839 formula
3295 776 3529 841 insunt
3583 777 3848 861 quidam
3905 779 4071 844 ritus
4132 787 4202 845 et

2250 861 2683 927 caerimoniae
2727 860 3140 943 rationesque
3180 860 3513 942 loquendi,
3582 882 3750 946 quae
3813 885 3897 928 ex
3932 885 4001 930 se
4058 865 4201 948 qui·

2251 946 2402 1012 dem
2446 947 2654 1012 bonae
2697 954 2763 1009 et
2797 965 2931 1009 non
2975 945 3440 1030 improbandae
3483 955 3552 1012 et
3592 948 3688 1012 illi
3734 950 3940 1014 veteri
3980 961 4201 1016 vestro

2250 1030 2493 1116 populo
2550 1039 2705 1097 sunt
2764 1031 2959 1097 utiles
2977 1084 2991 1109 ,
3056 1032 3171 1097 sed
3214 1052 3380 1115 quae
3436 1033 3609 1116 apud
3654 1034 3829 1099 hunc
3886 1036 4201 1119 populum

2253 1117 2414 1183 dure
2459 1118 2906 1201 acciperentur
2949 1128 3015 1181 et
3056 1118 3128 1182 in
3169 1117 3407 1182 malam
3450 1127 3704 1202 partem
3749 1129 4157 1202 raperentur.

2424 1202 2764 1285 Quantum
2819 1202 2903 1266 ad
2967 1211 3262 1287 tempora
3328 1204 3591 1284 attinet,
3652 1226 3787 1270 non
3844 1227 3963 1272 vos
4018 1206 4199 1286 latet,

2251 1288 2680 1355 illustrissimi
2735 1288 3105 1371 Principes,
3174 1289 3721 1372 quemadmodum
3776 1314 3814 1354 a
3877 1292 4199 1375 principio

2253 1396 2446 1459 saepe
2490 1374 3058 1459 postulaverimus,
3103 1385 3178 1440 ut
3231 1375 3419 1441 nobis
3469 1377 3833 1441 communis
3877 1377 4092 1460 aliqua
4136 1384 4202 1442 et

2254 1460 2581 1546 generalis
2616 1459 2900 1525 formula
2934 1468 3431 1544 componeretur
3474 1482 3671 1545 quam
3712 1483 3939 1528 omnes
3973 1483 4201 1547 seque·

2256 1557 2504 1612 rentur.
2591 1544 2811 1627 Quam
2872 1567 3012 1611 rem
3063 1567 3262 1629 quum
3320 1547 3614 1613 obtinere
3671 1569 3803 1613 non
3846 1569 4203 1631 possemus,

2254 1633 2691 1699 conscientiae
2747 1641 3011 1697 nostrae
3066 1631 3380 1698 iudicium
3422 1633 3493 1698 in
3547 1654 3625 1698 ea
3666 1654 3739 1698 re
3797 1634 4204 1717 sequendum

2253 1719 2651 1803 putavimus.
2741 1717 2966 1801 Itaque
3018 1718 3226 1783 maior
3281 1738 3437 1801 pars
3476 1718 3929 1799 ecelesiarum,
3995 1720 4064 1785 in
4108 1721 4205 1786 eis

2253 1805 2642 1888 praesertim
2693 1804 2851 1870 locis
2895 1801 3006 1868 ubi
3072 1803 3331 1869 scholae
3386 1803 3741 1885 habentur,
3799 1826 3950 1871 eum
4006 1804 4205 1871 Oete-

2254 1890 2578 1957 chismum
2624 1889 2841 1973 pueris
2884 1889 3222 1972 proposuit
3264 1910 3454 1972 quem
3499 1890 3632 1955 iam
3667 1891 4094 1974 compositum
4135 1900 4205 1956 et

2254 1976 2546 2043 ecclesiis
2609 1974 3031 2041 instituendis
3086 1976 3373 2040 maxime
3431 1976 3984 2042 accommodatum
4039 1998 4205 2042 nan-

2254 2063 2407 2128 cisci
2453 2062 2680 2145 potuit.
2769 2062 2851 2125 In
2909 2069 3466 2126 sacramentorum
3522 2060 4084 2127 administratione
4139 2069 4205 2129 et

2254 2148 2387 2213 ritu
2430 2146 2852 2214 consecrandi
2908 2147 3326 2212 matrimonia
3388 2168 3583 2230 quam
3642 2156 3994 2230 potuerunt
4035 2149 4206 2230 opti--⁴

2253 2253 2432 2298 mam
2478 2234 2739 2317 sequuti
2784 2240 2943 2298 sunt
2983 2232 3364 2298 formulam:
3411 2252 3578 2316 quae
3621 2232 3882 2316 quidem
3926 2254 3999 2298 re
4042 2234 4202 2316 ipsa,

2252 2320 2511 2386 etiamsi
2598 2340 2732 2385 non
2797 2318 3047 2396 verbis,
3114 2327 3373 2384 vestrae
3434 2319 3698 2384 omnino
3773 2318 4008 2385 similis
4086 2326 4203 2384 est.

2253 2405 2449 2471 Nunc
2484 2426 2688 2488 quum
2724 2402 3079 2488 aequaliter
3113 2424 3358 2484 omnes,
3397 2412 3537 2469 tum
3571 2405 3798 2554 maffini
3832 2411 3971 2469 tum
3994 2405 4203 2488 parvi,

2255 2492 2393 2557 sint
2450 2490 2601 2557 huic
2659 2489 3032 2566 assuefacti,
3099 2491 3169 2556 in
3236 2509 3368 2573 qua
3408 2491 3560 2557 licet
3622 2492 3690 2555 ni
3740 2489 3818 2569 il,
3886 2498 4207 2574 quantum

2256 2574 2521 2659 quidem
2565 2575 2646 2641 ad
2692 2577 3090 2641 sententiam
3135 2576 3400 2655 attinet,
3459 2576 3545 2643 sit
3587 2576 4036 2654 immutatum,
4104 2582 4205 2641 ta-

2257 2683 2446 2740 men,
2506 2670 2826 2745 quantum
2885 2662 2967 2726 de
3009 2663 3341 2745 imperitia
3394 2669 3462 2729 et
3503 2661 3946 2728 imbecillitate
4009 2662 4206 2727 huius

2254 2747 2480 2833 populi
2523 2768 2734 2813 novae
2775 2757 3033 2814 vestrae
3088 2747 3464 2831 provinciae
3508 2745 3795 2814 iudicare
3838 2767 4206 2832 possumus,

2257 2855 2340 2899 ne
2383 2833 2666 2900 formula
2710 2833 2968 2916 quidem
3004 2834 3353 2900 verborum
3388 2835 3723 2899 immutari
3766 2833 4007 2917 poterit
4047 2835 4208 2918 quin

2256 2919 2528 3004 plurimi
2582 2919 3000 2985 offendantur
3072 2927 3140 2984 et
3193 2940 3311 3002 pro
3378 2940 3498 2985 sua
3550 2919 4025 2985 consuetudine
4092 2918 4207 2985 illa

2256 3005 2588 3085 dictitent,
2643 3004 2856 3092 legem
2898 3005 3093 3072 istam
3150 3015 3465 3089 perpetuo
3514 3005 3817 3070 resarciri
3874 3004 4083 3070 solere
4141 3013 4208 3071 et

2254 3091 2614 3158 identidem
2668 3092 2853 3175 quasi
2921 3100 3147 3157 vetera
3204 3091 3644 3156 calceamenta
3701 3092 3945 3156 consui.
4036 3090 4206 3155 Fere

2254 3180 2427 3243 enim
2466 3179 2626 3244 istos
2663 3187 2989 3262 usurpant
3021 3198 3373 3256 sermones,
3418 3197 3582 3260 quae
3617 3176 3687 3240 in
3723 3196 3978 3259 quaque
4012 3196 4208 3241 causa

2254 3263 2441 3329 reddi
2499 3272 2772 3347 possunt
2840 3264 3126 3329 rationes
3195 3260 3423 3327 audire
3494 3261 3807 3328 nolentes.
3897 3261 3977 3326 Id
4035 3259 4208 3344 quod

2253 3351 2507 3433 experti
2550 3371 2777 3416 sumus
2820 3371 2947 3433 quo
2991 3357 3282 3431 tempore
3322 3349 3474 3414 festi
3518 3348 3658 3413 dies
3701 3347 3989 3413 restituti
4033 3357 4206 3426 sunt,

2253 3443 2323 3501 et
2364 3434 2748 3520 baptisteria
2790 3443 3034 3513 erecta,
3095 3442 3161 3499 et
3219 3436 3406 3517 panis
3460 3455 3700 3501 coenae
3753 3441 4046 3498 mutatus
4088 3441 4205 3511 est,

2253 3542 2455 3606 quum
2479 3529 2700 3587 tamen
2741 3522 2812 3586 in
2835 3522 2980 3605 ipsa
3008 3518 3261 3604 synodo
3282 3520 3398 3585 illa
3439 3521 3661 3586 omnia
3682 3527 3899 3586 essent
3932 3517 4206 3584 decreta.

2423 3607 2702 3673 Praeter
2757 3606 2977 3672 omnia
3042 3607 3405 3690 superiora,
3470 3626 3670 3689 quum
3729 3602 4207 3670 animadverta-

2254 3716 2401 3760 mus
2447 3693 2623 3759 hunc
2667 3692 2979 3777 populum
3037 3701 3169 3756 tam
3228 3713 3370 3757 esse
3427 3691 3805 3773 imperitum
3861 3697 3927 3754 et
3969 3687 4209 3755 doctri-

2256 3801 2379 3846 nae
2424 3778 2719 3846 coelestis
2762 3778 2994 3844 rudem
3039 3787 3106 3841 et
3163 3777 3244 3842 ab
3295 3778 3474 3841 omni
3530 3774 3827 3841 doctrina
3881 3795 4207 3854 aversum,

2256 3878 2837 3949 quantumcunque
2880 3863 3174 3929 studium
3232 3864 3301 3926 in
3357 3860 3628 3927 docendi
3686 3881 3962 3925 munere
4022 3860 4210 3925 exhi-

2257 3951 2552 4030 beamus,
2608 3951 2890 4017 maxime
2934 3949 3295 4016 verendum
3350 3959 3452 4013 est
3494 3968 3606 4025 ne,
3661 3946 3720 4012 si
3777 3946 4212 4012 caerimoniae

2257 4046 2323 4103 et
2388 4035 2711 4102 formulae
2775 4038 3243 4113 immutentur,
3312 4032 3581 4116 plurimi
3640 4031 3959 4116 incipiant
4023 4030 4210 4096 dubi-

2257 4133 2400 4189 tare
2469 4122 2549 4187 de
2626 4143 2742 4187 suo
2808 4121 3127 4205 baptismo
3197 4129 3264 4186 et
3329 4119 3748 4184 matrimonio
3766 4171 3782 4197 ,
3863 4137 4211 4201 argumen-

2257 4218 2605 4291 tenturque
2659 4216 2778 4273 aut
2829 4219 3025 4272 antea
3080 4205 3443 4290 baptizatos
3497 4227 3628 4270 non
3686 4225 3827 4270 esse
3884 4205 4010 4268 rite
4054 4205 4212 4286 bap-

2257 4296 2524 4375 tizatos,
2598 4304 2713 4361 aut
2777 4314 2888 4359 eos
2967 4290 3079 4374 qui
3143 4313 3317 4357 novo
3394 4296 3528 4356 ritu
3596 4290 3678 4354 ba
3726 4292 4036 4368 tizantur,
4100 4297 4213 4353 aut

2258 4382 2455 4446 etiam
2526 4388 2868 4462 utrosque,
2946 4376 3466 4460 concludantque
3547 4375 3691 4441 nihi
3783 4385 4086 4442 constans
4148 4384 4214 4439 et

2258 4465 2490 4532 stabile
2549 4467 2618 4530 in
2676 4485 2846 4531 nova
2897 4464 3022 4532 hac
3077 4462 3373 4529 doctrina
3429 4483 3603 4540 esse,
3671 4472 3737 4526 et
3776 4461 4039 4526 infinita
4084 4460 4214 4525 alia

2256 4554 2507 4619 iactent
2559 4572 2723 4635 quae
2776 4570 2907 4615 non
2952 4557 3053 4615 est
3092 4568 3357 4614 necesse
3412 4548 3621 4612 literis
3661 4546 3964 4612 mandari
4006 4566 4212 4629 quum

2260 4638 2454 4704 facile
2515 4639 2698 4703 nobis
2764 4635 3129 4703 tacentibus
3187 4633 3663 4717 intelligantur.
3755 4631 3943 4713 Quae
4007 4633 4210 4706 vobis,

2261 4717 2683 4790 illustrissimi
2753 4722 3118 4804 Principes,
3187 4719 3594 4785 incredibilia
3658 4721 3934 4783 fortasse
3999 4716 4210 4784 videri

2263 4819 2601 4894 poterunt,
2670 4808 2783 4874 sed
2851 4808 3256 4889 experientia
3316 4827 3446 4888 qua
3503 4806 3670 4870 docti
3735 4826 3961 4870 sumus
4026 4811 4212 4884 tanta

2262 4907 2530 4979 tamque
2576 4903 2751 4962 certa
2794 4902 2928 4974 cst,
2988 4902 3066 4957 ut
3108 4914 3242 4956 non
3288 4892 3431 4957 sine
3477 4912 3672 4958 causa
3714 4899 4031 4956 eventura
4073 4907 4210 4949 me-

2262 4993 2528 5049 tuamus
2570 5001 2733 5064 quae
2777 4981 2919 5046 sine
2976 4979 3262 5044 nominis
3318 4978 3525 5044 divini
3581 4986 3648 5043 et
3689 4976 4021 5041 doctrinae
4065 4992 4209 5036 coe-

2264 5070 2444 5135 lestis
2488 5077 2892 5150 contemptu,
2942 5088 3091 5132 cum
3136 5065 3339 5130 vestri
3382 5064 3668 5130 nominis
3711 5058 4028 5158 nonnulla
4069 5079 4209 5122 ma-

2264 5155 2430 5232 cula,
2476 5155 2742 5219 evenire
2786 5174 2916 5216 non
2961 5161 3267 5235 possunt:
3313 5172 3481 5235 quae
3524 5148 3651 5213 duo
3693 5148 3994 5228 inprnms
4029 5166 4211 5227 prae-

2264 5239 2559 5307 cavenda
2605 5239 2987 5303 iudicamus.

2435 5326 2577 5389 Iam
2635 5344 2765 5408 quo
2831 5324 3093 5409 singula
3149 5321 3518 5389 distinctius
3580 5324 3995 5400 exponantur
4046 5337 4213 5401 quae
