4900 6167
284 381 354 443 ⁹⁷

274 575 433 652 posse
480 571 710 650 sperat.
798 565 1100 635 Mulieris
1155 566 1285 634 sibi
1332 588 1375 633 a
1436 565 1698 634 calvam
1748 566 2206 635 mandatae

280 653 1947 738 mamquopaetoetsumsuwoeporitooeponit.

524 822 637 889 (Ex
672 825 1011 895 autographo
1046 823 1179 879 Ood.
1214 822 1453 879 Gothani
1488 821 1608 890 405,
1645 823 1737 880 fol.
1773 822 1926 889 638.)

427 993 864 1063 ornatissimo
921 996 1162 1079 pietate
1217 1003 1285 1060 et
1358 995 1728 1062 eruditione
1793 996 2205 1063 Genevensis

280 1081 563 1150 ecelesias
607 1081 854 1164 pastori
896 1081 1133 1147 Ioanni
1177 1079 1445 1147 Calvino
1489 1081 1750 1148 domino
1793 1091 1862 1148 et
1902 1083 2089 1148 fratri
2136 1084 2203 1147 in

281 1166 520 1234 Christo
562 1168 718 1235 Iesu
762 1166 972 1232 modis
1014 1165 1321 1233 omnibus
1362 1166 1633 1233 colendo
1676 1187 1810 1234 suo.

648 1305 710 1368 A
753 1304 1098 1369 Monsieur
1139 1303 1382 1370 Oalvin
1424 1324 1465 1370 a
1507 1303 1797 1370 Geneve.

429 1422 805 1488 Gratularis
859 1421 1024 1486 mihi
1094 1420 1175 1487 de
1232 1443 1298 1486 m
1431 1441 1472 1487 a
1528 1420 1827 1486 molestia
1878 1421 1947 1486 in
2007 1443 2203 1505 quam

280 1529 368 1574 me
420 1515 686 1573 senatus
743 1507 1050 1573 voluntas
1122 1507 1395 1574 coniecit
1452 1507 1593 1572 sine
1646 1527 1792 1572 meo
1857 1507 2125 1573 ambitu.
2152 1511 2204 1591 ¹)

280 1593 451 1676 Quod
530 1608 752 1659 autem
842 1593 1028 1675 parui
1043 1643 1057 1668 ,
1142 1614 1349 1658 unum
1426 1591 1552 1657 hoc
1629 1593 1697 1656 in
1787 1612 1986 1658 eausa
2066 1603 2207 1658 erat

278 1679 413 1764 quia
475 1677 934 1762 praevidebam
1006 1676 1353 1743 Samuelem
1423 1677 1631 1742 filium
1646 1727 1662 1757 ‚
1686 1681 1741 1755 ²)
1807 1698 2015 1745 annos
2070 1679 2203 1744 iam

278 1777 484 1831 natum
538 1769 647 1842 18,
707 1764 946 1829 inertia
1003 1761 1379 1846 propediem
1436 1761 1611 1846 apud
1664 1783 1772 1827 me
1818 1763 2204 1847 periturum,

278 1852 327 1917 si
362 1851 528 1916 hane
570 1851 958 1916 laboriosam
1002 1849 1407 1932 provinciam
1442 1847 1927 1927 detrectassem,
1972 1850 2041 1914 in
2076 1870 2207 1933 qua

276 1936 440 2001 illum
483 1955 789 2001 exercere
831 1934 1116 2017 alioquin
1161 1955 1427 2017 possum
1463 1942 1531 1999 et
1563 1934 1958 2017 reipublicae
1992 1935 2203 2001 civem

276 2021 481 2088 utilem
540 2022 854 2098 formare,
918 2020 1059 2104 qui,
1127 2021 1185 2085 si
1227 2020 1392 2086 mihi
1435 2018 1692 2095 eredat.
1758 2019 2081 2086 industria
2138 2029 2207 2085 et

275 2108 497 2191 pietate
541 2106 766 2173 multis
808 2104 1156 2189 aliquando
1199 2107 1287 2171 sit
1326 2105 1726 2190 profuturus.
1797 2105 1936 2190 Ego
1980 2105 2037 2171 si
2081 2105 2204 2172 hoo

275 2200 1273 2344 332¹..P'fi‘32‘05033300333ffi
1288 2190 1481 2343 {ibi}
1498 2210 2031 2359 ἶῖοἶῖῖῗέῗὲ
2066 2190 2205 2342 ¹⁸⁰3

272 2362 647 2430 confidentia
700 2383 927 2448 pergo:
992 2363 1096 2430 sin
1151 2364 1371 2428 minus
1386 2413 1403 2441 ‚
1461 2361 1813 2512 diffi'lioeb‘)
1868 2361 2033 2428 mihi
2075 2363 2203 2444 ipsi

274 2451 712 2528 vehementer,
756 2457 826 2514 et
866 2459 984 2515 tan
1029 2468 1183 2514 uam
1227 2447 1309 2513 de
1349 2469 1421 2513 re
1459 2468 1526 2511 m
1596 2448 1651 2512 is
1694 2447 1930 2513 avibus
1973 2456 2204 2531 coepta

272 2535 606 2618 desperabo
681 2534 892 2619 plane.
1076 2535 1230 2600 abes
1293 2553 1513 2599 meum
1578 2532 1956 2599 eonsilium:
2032 2532 2202 2616 quod

270 2623 473 2722 cupio,
521 2621 579 2688 si
624 2622 766 2687 viro
814 2621 980 2687 bono
1021 2619 1295 2705 dignum
1339 2628 1468 2698 est,
1515 2627 1630 2684 tuo
1674 2618 1920 2685 calculo
1964 2620 2202 2685 eonfit-

275 2728 438 2773 mari.

418 2793 721 2859 Berthini
779 2811 1053 2859 uxorem
1106 2790 1332 2855 literas
1394 2799 1541 2856 tuas
1607 2788 2010 2855 adferentem
2070 2809 2202 2873 qua

337 2881 429 2944 tui
489 2878 909 2945 humanitate
973 2877 1230 2960 excepi,
1296 2885 1361 2940 et
1415 2875 1569 2962 quia
1616 2895 1693 2940 eo
1738 2885 2030 2958 tempore
2070 2895 2199 2959 quo

269 2985 392 3047 ipsa
446 2972 723 3031 venerat
786 2972 1056 3046 totoque
1114 2967 1340 3044 postea
1405 2959 1663 3027 octiduo
1728 2969 1998 3027 senatus
2065 2981 2199 3026 non

267 3052 625 3135 cogebatur,
662 3070 744 3115 ne
778 3049 1021 3114 frustra
1052 3046 1159 3112 hio
1195 3054 1455 3129 tempus
1497 3053 1565 3112 et
1597 3066 1902 3113 nummos
1939 3053 2198 3127 tereret,

266 3134 500 3202 interea
543 3136 625 3200 ad
674 3155 787 3199 vos
824 3134 1063 3199 remisi.
1156 3130 1467 3198 Absentis
1520 3133 1855 3216 negotium
1898 3151 2025 3215 qua
2085 3153 2197 3216 po·

266 3223 349 3286 tui
390 3221 786 3287 dexteritate
841 3227 910 3284 et
951 3216 1408 3285 commoditate
1447 3239 1566 3302 per
1608 3217 1969 3301 supplicem
2014 3216 2199 3284 libel-

266 3305 386 3372 lum
419 3315 652 3374 nostra
694 3304 924 3390 lingua
966 3305 1283 3388 scriptum
1319 3303 1493 3386 apud
1530 3314 1829 3369 senatum
1867 3304 1991 3389 egi.
2059 3303 2197 3370 Ob-

266 3393 417 3459 tinui
472 3402 695 3457 autem
759 3390 988 3457 literas
1044 3409 1206 3473 quas
1272 3389 1355 3455 ad
1410 3399 1474 3454 te
1532 3389 1750 3454 mitto:
1811 3410 1978 3472 quae
2040 3388 2194 3472 quid

265 3479 630 3546 contineant
693 3488 868 3542 corte
938 3477 1185 3550 nescio,
1250 3473 1366 3540 sed
1423 3476 1585 3540 sciet
1648 3475 1792 3557 ipsa
1850 3481 2194 3557 postquam

261 3564 572 3646 praefecto
636 3562 913 3629 Gaiensi
983 3560 1310 3627 obtulerit.
1424 3558 1697 3628 Utinam
1764 3559 1899 3625 sint
1971 3558 2196 3643 quales

260 3652 399 3734 petii
440 3659 510 3717 et
550 3652 697 3732 ipsa
738 3655 937 3731 optat.
985 3733 999 3748 ⁸
1025 3646 1221 3713 Oerte
1259 3666 1520 3731 operam
1566 3644 1714 3746 dedi
1757 3655 1837 3747 ‚¹¹¹²
1871 3645 2196 3730 intellige·

260 3730 1978 3905 ἷιῗὲἓ“ἒέἑὲ“ωὲ“ἷίιῖὲξῗ.ἓῖἕ’ἒ3ῗῖῗᾷἰέῗῖιέ
2009 3752 2195 3883 „¹:231

261 3905 412 3973 datis
450 3907 663 3973 habeo
708 3927 747 3972 a
787 3914 1020 3972 senatu
1062 3913 1138 3970 ut
1171 3902 1621 3989 apographum
1656 3902 2194 3970 documentorum

262 4001 319 4055 et
355 3992 732 4072 literarum,
799 3992 856 4057 si
920 4011 1083 4075 quae
1148 3992 1216 4055 in
1272 3989 1543 4055 archivo
1600 3989 1708 4054 hic
1762 3989 2191 4071 reperiantur,

260 4099 409 4162 quae
441 4078 651 4163 ipsius
685 4076 946 4143 intersit
977 4076 1236 4154 habere,
1282 4095 1477 4159 quam
1558 4076 1800 4140 rimum
1836 4094 1951 4158 per
1985 4073 2192 4139 otium

260 4163 466 4231 licebit
506 4164 981 4232 communicem
1024 4159 1386 4228 Bor-thim.
1473 4096 1556 4225 lg
1597 4157 1770 4243 quod
1811 4159 2045 4225 faciam
2080 4159 2192 4224 ubi

261 4248 635 4318 intellexero
677 4248 917 4332 quibus
958 4245 1073 4312 illa
1116 4245 1429 4330 privatim
1485 4244 1776 4330 indigeat
1819 4242 1901 4309 ad
1949 4242 2193 4311 tuenda

262 4357 371 4404 sna
408 4333 695 4422 praedia.
761 4331 899 4400 Sed
938 4340 1038 4399 est
1079 4351 1300 4398 morae
1340 4339 1409 4397 et
1443 4332 1720 4416 tempori
1755 4328 2002 4415 aliquid
2037 4350 2191 4398 oon-

306 4513 481 4521 ——--..—

258 4611 421 4666 14⁷7.
454 4613 506 4663 1·
546 4607 765 4664 Fuerat
797 4610 961 4659 antea
988 4603 1305 4672 praetem
1328 4604 1593 4659 Necdum·
1626 4620 1799 4672 usque
1833 4603 1911 4660 ad
1945 4621 1996 4660 a.
2042 4602 2189 4669 1547,

256 4679 589 4748 posteafuit
641 4672 1530 4742 arwam-mamam.
1611 4672 1903 4729 Hocloco
1957 4673 2025 4728 de
2078 4672 2189 4728 alio

260 4765 466 4804 msere
533 4747 741 4815 aym.
835 4740 2190 4813 QumenimGomesMichadder-eyen

259 4819 571 4890 (omrem)
619 4811 986 4937 mediclinio
1029 4823 1256 4878 prem
1301 4815 1663 4934 ἚωΖὲινιαρ
1707 4809 2189 4949 szesyoef

258 4962 385 5010 aa..
823 4948 1100 5018 delegatus
1130 4945 1261 5028 tuit,
1298 4962 1419 5028 ⁶⁸⁶.ss
1452 4947 1643 5003 titulo.-
1689 4947 1995 5005 Secraairo
2028 4947 2187 5004 dela

261 4950 2186 5099 fflmdmeyfflrqldesflendam

2026 384 2184 446 1551
2233 379 2536 450 APRIL.

506 5088 776 5148 Romami.
828 5085 2241 5166 HacoceasionepavjasupenorvallisSm-inaei
2913 5152 2923 5164 ,

2234 5175 2239 5184 ·
2288 5154 2470 5210 1478.
2501 5157 2553 5214 1)
2590 5167 2770 5209 menn
2803 5152 2955 5209 Indue
2995 5151 3144 5206 1550.
3218 5153 3466 5225 (δίυγρα,
3505 5153 3668 5206 Mem.
3705 5151 3772 5217 of
3798 5152 4065 5208 Croenmor
4097 5152 4150 5209 I.
4167 5173 4231 5229 p.

2234 5223 2404 5278 ³305.

255 5095 489 5228 ιίιθξὲἔοε)
526 5158 731 5216 amoni
762 5154 1039 5212 Rev-nonni
1071 5154 1293 5210 adnm
1440 5197 1448 5206 .

448 5232 506 5294 2)
544 5231 730 5285 Ama
777 5223 1039 5280 Curionis
1083 5222 1172 5278 dit
1216 5224 1228 5237 ‘
1475 5228 1526 5278 et
1572 5223 1979 5279 commensalem
2025 5224 2181 5279 Lam

259 5315 473 5356 mae.
542 5300 787 5363 (Bonna
818 5294 882 5349 in
914 5291 1164 5348 Eunaia
1240 5307 1317 5347 oc.
1351 5291 1478 5348 hiet.
1512 5295 1661 5361 prot.
1700 5291 1849 5347 1874.
1870 5293 1998 5348 Ian.
2016 5309 2081 5362 p.
2101 5292 2180 5356 5.)
2231 5281 2238 5352 Ι

464 5386 679 5442 Calvino
708 5394 891 5451 opera.
972 5377 1083 5435 Vol.
1129 5379 1214 5433 xl
1237 5379 1288 5432 V.

4189 396 4271 460 98

2312 566 2707 649 donandum,
2752 571 2810 635 si
2852 569 3061 637 multa
3100 570 3218 636 illa
3258 572 3507 673 fuerint
3537 594 3704 675 quae
3742 577 4068 728 flaffiabit
4099 547 4264 665 ipsa.

2311 653 2498 720 Vale.
2585 653 2904 722 Oondona
2943 667 3317 740 properanti
3362 667 3431 723 et
3463 681 3509 724 n
3633 671 3741 727 tus
3783 682 3828 746 p
3941 683 3979 730 e
4012 662 4260 734 obruto.

2312 737 2546 891 ῗὲὲιῖω
2621 741 2944 808 Tortorem
3015 743 3423 809 nominatim.
3604 766 3803 814 ernae
3876 748 3933 815 3.
4006 751 4263 838 Aprilis

3364 915 3444 980 N.
3491 916 3876 985 Zerchintes
3919 926 4089 987 tuus.

3085 1208 3296 1216 ...m—-
3327 1210 3410 1216 ,ἶ

3199 1424 3386 1496 1478.

2641 1576 3240 1647 UTENHOVIUS
3285 1580 3909 1651 BULLINGERO.

2487 1748 2736 1815 Narrat
2778 1747 3022 1832 Hoperi
3061 1753 3543 1819 controversiam
3584 1759 3642 1820 et
3681 1757 3868 1821 varia
3905 1756 4063 1838 fata.

2310 1919 2664 1988 (Emer-ptum
2699 1935 2768 1972 ex
2803 1919 3140 1990 autographo
3178 1920 3402 1977 Archiv.
3435 1921 3617 1977 Turio.
3664 1925 3808 1978 Plut.
3847 1925 3947 1982 vl.
3972 1926 4100 1983 vol.
4137 1928 4252 1996 164,

2308 1988 2439 2043 olim
2473 1987 2645 2044 Serin.
2667 1987 2728 2042 B.
2768 1986 2851 2045 19.
2869 1988 3011 2058 Epp.
3031 1988 3243 2059 Anglie.
3278 1989 3370 2043 fol.
3411 1989 3527 2045 los.
3567 2019 3630 2030 —
3655 1992 3866 2049 Simler.
3904 1994 4030 2050 Vol.
4066 1994 4150 2050 ⁷4.
4189 2028 4254 2039 -—

2307 2057 2526 2127 Integra
2559 2056 2710 2111 edita
2743 2064 2829 2110 est
2879 2058 2936 2111 in
2972 2058 3113 2128 Epp.
3148 2058 3475 2194 ΤίΞιΒιό.)οοο.
3510 2061 3878 2117 Parkerianae
3925 2064 3994 2118 N.
4043 2064 4163 2133 2⁷0,
4203 2084 4255 2136 p.

2480 2293 2861 2362 Clarissimo
2904 2296 3044 2362 viro
3088 2294 3172 2361 D.
3220 2297 3605 2383 Heynrioho
3648 2300 4009 2387 Bulingero
4052 2304 4256 2373 eecle-

2307 2382 2442 2447 siae
2484 2381 2839 2466 Tigurinae
2881 2383 3125 2465 pastori
3172 2383 3689 2469 vigilantissimo.
3895 2473 3908 2486 ο
4048 2471 4060 2486 .

2479 2601 2549 2669 S.
2595 2603 2671 2669 P.
2739 2605 2801 2668 A
2845 2605 3190 2687 postremis
3226 2606 3388 2671 meis
3433 2605 3518 2671 ad
3561 2615 3624 2671 te
3665 2606 3876 2676 literis
3910 2630 3996 2674 ne
4031 2631 4258 2678 musca

2307 2688 2567 2772 quidem
2610 2688 2954 2755 literarum
2999 2691 3115 2756 abs
3158 2698 3226 2755 te
3268 2691 3455 2757 nobis
3514 2701 3616 2758 est
3659 2691 3930 2760 reddita.
4019 2696 4122 2762 Eo
4157 2705 4258 2762 ta-

2305 2795 2456 2841 men
2527 2773 2694 2840 nihil
2756 2773 3058 2841 obstante
3123 2776 3254 2841 iam
3311 2776 3564 2860 pridem
3620 2777 3702 2844 ad
3773 2787 3836 2845 te
3893 2782 4258 2864 scripturus

2304 2881 2505 2939 eram,
2547 2861 2603 2925 si
2648 2858 2837 2926 modo
2874 2859 3032 2943 quid
3074 2869 3250 2928 certo
3294 2862 3376 2928 de
3434 2862 3627 2929 rebus
3670 2862 3756 2928 D.
3794 2864 4039 2949 Hoperi
4074 2866 4260 2952 (qua-

2304 2967 2455 3011 rum
2499 2944 2819 3012 desiderio
2882 2947 3181 3029 inprimis
3237 2949 3444 3014 teneri
3489 2957 3554 3013 te
3610 2948 3776 3014 nihil
3818 2950 4258 3037 ambigebam)

2304 3032 2673 3116 significare
2716 3031 3095 3115 potuissem.
3182 3031 3258 3098 Id
3309 3054 3461 3098 vero
3505 3054 3705 3117 quum
3750 3055 3883 3100 non
3929 3039 4131 3119 potui,
4179 3059 4255 3104 eo

2305 3137 2514 3200 usque
2558 3117 2679 3182 hoe
2723 3117 3156 3182 differendum
3201 3137 3346 3184 esso
3389 3120 3631 3198 censui,
3676 3118 3879 3186 donec
3923 3122 4064 3188 eius
4106 3143 4257 3192 cum

2303 3203 2625 3287 episcopis
2683 3204 2881 3268 nimis
2925 3202 3332 3285 inauspicata
3374 3206 3822 3271 controversia
3876 3217 4047 3273 esset
4102 3227 4255 3274 oon-

2302 3290 2531 3372 sopita.
2599 3287 2792 3370 Quod
2838 3309 3037 3371 quum
3083 3310 3260 3355 nuno
3295 3289 3537 3354 factum
3573 3299 3674 3356 est
3707 3311 3835 3355 non
3871 3293 4054 3375 potui
4090 3294 4258 3361 mihi

2301 3383 2672 3459 temperare
2726 3376 2884 3458 quin
2949 3375 3078 3439 iam
3135 3376 3360 3458 paucis
3430 3374 3548 3441 tibi
3616 3397 3756 3441 rom
3814 3378 4023 3459 ipsam
4081 3377 4255 3444 indi-

2301 3479 2538 3527 oarem.

2475 3544 2651 3624 Scis,
2697 3545 2769 3609 ni
2813 3544 3031 3625 fallor,
3075 3545 3160 3611 D.
3207 3545 3527 3628 Hoperum
3570 3567 3610 3611 a
3651 3564 3888 3613 novem
3929 3548 4061 3612 iam
4105 3548 4256 3633 plus

2302 3632 2523 3697 minus
2581 3629 2916 3697 mensibus
2947 3633 2995 3710 ¹)
3040 3630 3485 3714 episcopatum
3532 3631 4078 3699 Gloeestriensem
4133 3655 4256 3719 per

2302 3716 2584 3801 Regiam
2628 3716 3042 3783 Maiestatem
3088 3715 3264 3782 ultro
3299 3715 3586 3781 oblatum
3622 3738 3700 3782 ea
3743 3718 4065 3800 accepisse
4101 3740 4253 3787 con-

2301 3801 2554 3868 ditione
2618 3815 2692 3868 ut
2756 3802 3056 3885 nuspiam
3114 3799 3196 3867 ad
3264 3801 3466 3867 ullam
3540 3802 4108 3885 superstitionem,
4177 3826 4253 3873 ao

2300 3888 2686 3971 praesertim
2725 3886 2795 3954 in
2839 3888 2982 3972 ipsa
3045 3887 3574 3973 inauguratione,
3641 3908 3838 3970 quam
3881 3888 3976 3953 illi
4023 3910 4252 3958 eonse-

2298 3976 2657 4040 crationem
2703 3981 2959 4053 vocant,
3005 3971 3393 4058 adigeretur.
3463 3970 3657 4053 Quod
3691 3973 3952 4056 quidem
3990 3997 4029 4042 a
4065 3976 4251 4064 Rege

2298 4061 2603 4144 regioque
2646 4068 2878 4126 senatu
2921 4059 3049 4144 ipsi
3081 4058 3269 4125 facile
3311 4059 3735 4140 impetratum
3780 4059 3917 4126 fuit.
4010 4062 4110 4129 Eo
4150 4070 4250 4128 ta-

2299 4166 2451 4211 men
2486 4145 2656 4212 hanc
2700 4165 2842 4210 rem
2900 4142 3317 4210 deduxerunt
3370 4144 3685 4228 episcopi,
3748 4146 3966 4213 neseio
4008 4145 4248 4231 quibus

2295 4230 2620 4297 coloribus
2678 4231 2855 4314 apud
2910 4229 2992 4295 R.
3052 4227 3122 4295 S.
3144 4230 3200 4304 2)
3256 4228 3444 4314 (suae
3502 4228 3680 4295 haud
3742 4229 3933 4296 dubie
4044 4233 4248 4302 loriae

2294 4315 3067 4468 ffbagirgtgtudiosieffugm
3081 4312 3357 4464 l§igit-isti
3390 4314 3698 4465 b13)ot‹>1z›ini)
3762 4323 3842 4380 ut
3893 4317 4246 4472 ἰρεὶτξιιιέῗ

2387 4424 2423 4467 e
2596 4423 2666 4468 m
2707 4422 2845 4468 sem
2989 4423 3038 4465 1
3188 4421 3212 4463 1
3271 4421 3388 4466 ver
3590 4421 3882 4468 ncessam
3926 4422 3999 4468 re

2297 4488 2535 4566 verint,
2580 4487 2742 4553 adeo
2784 4495 2863 4553 ut
2904 4485 2988 4552 ad
3030 4486 3603 4571 inaugurationem
3648 4485 3977 4569 quandam
4020 4490 4242 4573 papis-

2295 4573 2491 4640 tioam
2507 4624 2524 4652 ,
2589 4572 2761 4657 quod
2824 4571 2908 4638 ad
2967 4580 3186 4639 vestes
3243 4570 3476 4639 saltem
3533 4592 3609 4638 ao
3682 4570 3832 4655 pedi
3936 4574 4241 4642 astoralis

2376 4659 2722 4726 stationem
2777 4657 3017 4724 attinet
3034 4708 3050 4734 ,
3114 4665 3460 4744 urgeretur
3502 4656 3811 4741 Hoperus.
3961 4658 4024 4725 le
4079 4680 4240 4727 vero

2362 4766 2406 4810 u
2448 4743 2857 4828 multumque
2900 4764 2977 4810 ae
3019 4742 3303 4812 viriliter
3345 4743 3588 4810 restitit
3631 4742 3974 4827 episcopis,
4041 4765 4238 4831 argu-

2292 4830 2536 4896 mentis
2598 4849 2757 4897 sane
2811 4828 3019 4895 multo
3057 4828 3481 4896 ‘firmissimis
3548 4848 3849 4896 asserens
3902 4828 4238 4897 hominem

2293 4915 2742 4994 christianum,
2799 4912 2879 4982 de
2923 4915 3255 4998 impietate
3310 4935 3472 4982 usus
3512 4916 3795 4982 vestium
3839 4913 3906 4980 in
3942 4913 4238 4983 ministe-

2484 5222 2566 5289 ΘΤ.
2603 5222 2682 5279 Ν.
2722 5221 2900 5288 1440.)

2493 5290 2553 5357 2)
2591 5293 2796 5363 regium
2832 5301 3094 5347 senatum.
3789 5354 3820 5407 7
