4900 6167
713 413 845 481 48⁴2

709 617 1132 694 pennatorum
1188 606 1443 673 meritis
1500 610 1568 671 et
1608 605 1993 672 remissione
2036 605 2077 669 l.
2126 608 2185 670 2.
2231 626 2286 672 o.
2339 607 2435 669 18.
2525 602 2666 671 Nec

715 697 815 762 sic
855 694 1277 761 defendamus
1300 692 1600 778 gratiam,
1634 691 1869 777 inquit,
1908 700 1982 757 ut
2012 690 2297 758 liberum
2319 689 2665 756 arbitrium

713 782 974 847 auferre
1017 778 1379 857 videamur,
1424 797 1543 843 nec
1585 797 1816 843 rursus
1853 777 2131 843 liberum
2169 776 2514 843 arbitrium
2559 797 2664 843 as-

711 886 1014 933 seramus
1055 873 1136 931 ut
1156 863 1436 948 superba
1455 864 1790 948 impietate
1830 863 2074 948 ingrati
2096 861 2224 929 Dei
2269 862 2519 947 gratiae
2559 863 2663 927 iu-

712 951 1022 1019 dicemur.
1128 952 1345 1035 Atque
1399 949 1654 1016 utinam
1724 947 1878 1015 huic
1941 948 2207 1034 regulae
2260 946 2662 1014 orthodoxae

713 1036 908 1103 hodie
944 1037 1116 1103 docti
1151 1056 1377 1102 omnes
1413 1034 1824 1101 accederent:
1869 1033 2021 1119 plus
2054 1041 2230 1102 certe
2272 1033 2455 1117 pacis
2490 1043 2662 1100 esset

709 1130 782 1189 et
824 1125 1041 1189 minus
1084 1122 1297 1187 litium
1345 1131 1541 1205 atque
1585 1121 1974 1186 iniuriarum
2039 1130 2105 1186 et
2148 1120 2660 1203 disputationum

711 1230 790 1275 su
836 1228 1365 1275 ervacanearum.
1435 1207 1761 1285 Breviter,
1806 1226 1944 1272 non
1978 1206 2170 1272 aliter
2213 1226 2501 1289 unquam
2547 1203 2658 1269 do-

705 1306 851 1361 cuit
892 1294 1165 1361 ecclesia
1207 1293 1288 1359 ab
1331 1292 1516 1359 initio
1561 1293 1641 1359 de
1684 1293 1806 1358 hoc
1851 1293 2132 1377 negotio.
2221 1290 2542 1367 Consule,
2600 1291 2659 1358 si

707 1377 904 1458 libet,
962 1380 1314 1445 Irenaeum
1370 1378 1412 1443 l.
1459 1385 1498 1442 4
1543 1385 1774 1445 eontra
1814 1375 2118 1444 haereses
2160 1400 2212 1445 c.
2262 1382 2373 1456 76,
2417 1376 2658 1442 Hiero-

703 1486 985 1551 nymum
1024 1466 1097 1530 in
1143 1465 1376 1530 Ierem.
1417 1484 1469 1530 c.
1518 1467 1617 1530 26.
1653 1484 1706 1529 c.
1756 1468 1851 1530 10.
1898 1475 1966 1528 et
2007 1468 2103 1544 18,
2149 1463 2232 1529 ad
2267 1461 2660 1547 Ctesiphon-

712 1561 850 1617 tem
908 1559 1134 1618 contra
1178 1549 1338 1616 Pela
1388 1551 1568 1616 ‘anos
1625 1551 1798 1634 ipsos
1853 1549 1960 1616 lib.
2022 1554 2078 1615 3.
2137 1548 2240 1616 fol.
2308 1554 2425 1614 137
2439 1572 2457 1629 ;
2514 1550 2656 1614 Au-

709 1638 954 1723 gustin.
1001 1636 1083 1702 ad
1124 1572 1484 1703 Marcellin.
1542 1634 1623 1701 de
1678 1636 1911 1720 spiritu
1955 1644 2023 1702 et
2063 1637 2257 1702 litera
2298 1657 2350 1702 c.
2400 1637 2515 1715 30,
2576 1634 2656 1701 de

706 1729 1124 1808 peccatorum
1158 1722 1408 1789 meritis
1444 1729 1511 1788 et
1545 1722 1926 1788 remissione
1968 1720 2011 1788 l.
2060 1725 2098 1786 2
2144 1744 2196 1790 c.
2251 1727 2346 1802 18,
2391 1733 2459 1787 et
2501 1741 2656 1787 con·

708 1819 816 1875 tra
858 1808 1020 1875 duas
1062 1808 1574 1909 Pelagianorum
1632 1807 1943 1892 epistolas
1998 1808 2107 1874 lib.
2153 1813 2213 1872 4.
2269 1830 2322 1875 c.
2386 1814 2423 1871 2
2471 1816 2537 1873 et
2582 1813 2619 1869 6
2637 1830 2655 1887 ;

710 1895 794 1962 de
839 1896 1057 1981 gratia
1100 1903 1167 1959 et
1215 1894 1413 1960 hbero
1456 1893 1724 1960 arbitrio
1768 1895 1849 1960 ad
1894 1895 2158 1961 Valent.
2206 1916 2259 1962 c.
2313 1898 2388 1959 13
2439 1901 2507 1958 et
2560 1898 2654 1958 15.

711 1979 904 2062 Quod
949 1982 1005 2046 si
1047 1980 1207 2047 libet
1246 1979 1391 2066 lege
1435 1979 1810 2046 Ecclesiast.
1859 1980 2073 2067 dogm.
2120 2002 2173 2048 c.
2222 1984 2298 2044 32
2346 1987 2415 2046 et
2450 1986 2553 2044 49.

861 2066 1068 2132 Porro
1135 2065 1616 2145 raedestinatio‚
1638 2067 2127 2151 praeordinatio
2150 2077 2266 2133 aut
2287 2065 2656 2150 praefinitio

696 2152 816 2218 illa
837 2151 966 2218 Dei
1001 2086 1326 2217 ordinatio
1362 2160 1462 2218 est
1496 2173 1627 2236 qua
1668 2151 1750 2217 ab
1773 2160 2038 2218 aeterno
2057 2151 2128 2217 in
2163 2161 2416 2218 certum
2451 2152 2654 2218 finem

699 2239 940 2317 omnia,
983 2239 1285 2321 inprimis
1329 2248 1548 2303 autem
1593 2236 1928 2303 hominem
1972 2239 2266 2304 omnium
2313 2236 2655 2303 dominum

697 2324 1071 2400 destinavit,
1114 2322 1309 2408 idque
1351 2333 1581 2389 sancto
1615 2331 1683 2389 et
1717 2325 1891 2389 iusto
1927 2345 2043 2390 suo
2079 2323 2370 2404 consilio,
2412 2322 2653 2391 iudicio

694 2410 1056 2477 decretove.
1158 2409 1302 2475 Iam
1358 2419 1424 2474 et
1468 2408 1696 2476 electio
1746 2410 1876 2476 Dei
1928 2409 2010 2476 ab
2055 2418 2319 2476 aeterno
2377 2417 2482 2476 est
2523 2430 2654 2495 qua

693 2494 957 2580 quidem
1006 2496 1168 2561 alios
1229 2494 1313 2561 ad
1366 2496 1577 2560 vitam
1635 2494 1866 2579 elegit,
1923 2496 2085 2561 alios
2143 2495 2226 2561 ad
2286 2496 2647 2563 interitum.

695 2582 1059 2649 Electionis
1117 2588 1183 2645 et
1237 2579 1853 2665 praedestinationis
1922 2601 2130 2649 causa.
2175 2603 2306 2647 non
2362 2589 2465 2648 est
2520 2582 2650 2647 alia

696 2686 890 2752 quam
934 2667 1105 2733 bona
1148 2674 1216 2731 et
1258 2666 1433 2732 iusta
1467 2664 1594 2731 Dei
1639 2666 1943 2734 voluntas
1986 2665 2274 2733 indebite
2329 2668 2648 2735 salvantis

697 2753 955 2830 electos,
1003 2751 1220 2818 debite
1262 2763 1478 2817 autem
1519 2751 1891 2819 damnantis
1926 2763 1988 2819 et
2025 2754 2383 2820 reiicientis
2418 2774 2647 2837 repro-

691 2838 827 2905 bos.
914 2837 1088 2904 Nam
1133 2838 1493 2922 apostolus:
1550 2836 1756 2919 Deus,
1793 2840 2022 2923 inquit,
2068 2839 2284 2906 salvos
2325 2859 2449 2906 nos
2491 2839 2648 2907 feeit

692 2935 760 2990 et
815 2925 1081 2992 vocavit
1134 2926 1471 2991 vocatione
1526 2934 1781 3002 sancta,
1848 2946 1981 2990 non
2033 2925 2393 2992 secundum
2448 2946 2646 3008 opera

690 3017 916 3077 nostra
973 3009 1087 3077 sed
1132 3008 1491 3077 secundum
1546 3030 1667 3094 pro
1714 3012 1952 3077 ositum
1996 3032 2186 3077 suum
2233 3021 2298 3076 et
2340 3014 2642 3095 gratiam,

690 3116 860 3180 quae
914 3095 1067 3162 data
1122 3104 1222 3163 est
1279 3096 1465 3162 nobis
1523 3097 1638 3180 qui
1684 3117 1787 3161 em
1847 3118 1965 3181 per
2018 3097 2361 3163 Christum
2418 3096 2642 3163 Iesum

691 3192 843 3248 ante
883 3188 1178 3266 tempora
1213 3188 1498 3257 aeterna,
1541 3180 1655 3249 sed
1702 3182 1920 3267 palam
1954 3182 2126 3249 facta
2161 3193 2262 3247 est
2306 3203 2482 3248 nune
2524 3203 2645 3267 per

689 3268 1171 3353 apparitionem
1207 3266 1554 3335 salvatoris
1592 3275 1711 3335 etc.
1773 3269 1866 3334 Et
1901 3270 2174 3334 iterum:
2220 3267 2406 3335 Deus
2439 3267 2644 3355 elegit

690 3374 810 3420 nos
879 3352 950 3418 in
1006 3352 1276 3419 Christo
1345 3363 1698 3438 antequam
1772 3354 2142 3421 iacerentur
2213 3353 2642 3422 fundamenta

684 3436 922 3506 mundi
964 3447 1038 3504 ut
1078 3459 1369 3505 essemus
1415 3440 1624 3507 sancti
1670 3447 1738 3504 et
1771 3438 2374 3523 irreprehensibiles
2419 3460 2640 3508 coram

683 3524 800 3592 illo
841 3546 958 3609 per
1000 3524 1370 3604 caritatem,
1429 3526 1539 3609 qui
1593 3524 2114 3610 praedestinavit
2157 3547 2275 3593 nos
2320 3538 2394 3592 ut
2438 3526 2638 3611 adop-

685 3619 859 3678 taret
909 3612 981 3675 in
1039 3609 1208 3676 filios
1265 3632 1383 3694 per
1423 3610 1650 3677 Iesum
1691 3609 2038 3678 Christum
2094 3612 2167 3677 in
2213 3633 2387 3693 sese,
2447 3614 2638 3680 iuxta

684 3694 1170 3781 beneplacitum
1241 3695 1601 3764 voluntatis
1670 3718 1827 3764 suae
1842 3748 1856 3775 ,
1928 3706 2004 3763 ut
2065 3696 2374 3766 laudetur
2426 3697 2638 3784 gloria

683 3781 938 3867 gratiae
980 3802 1141 3847 suae
1183 3790 1305 3849 etc.
1393 3783 1485 3849 Et
1527 3804 1710 3850 mox:
1755 3784 1890 3850 Per
1930 3805 2126 3869 quem
2171 3794 2236 3851 et
2278 3786 2348 3852 in
2391 3793 2636 3852 sortem

684 3867 917 3933 adsciti
962 3888 1192 3934 sumus
1236 3868 1593 3935 secundum
1634 3870 2046 3955 propositum
2090 3871 2295 3955 ipsius
2338 3874 2523 3938 cuius
2568 3873 2635 3937 vi

683 3954 855 4017 fiunt
924 3954 1238 4020 universa
1305 3954 1495 4022 iuxta
1563 3957 1899 4024 decretum
1976 3957 2339 4024 voluntatis
2407 3959 2429 4022 i
2511 3960 2632 4024 ius.

683 4037 910 4125 Elegit
964 4060 1122 4125 ergo
1175 4040 1362 4107 Deus
1417 4040 1500 4107 ab
1552 4052 1816 4109 aeterno
1873 4064 2035 4127 quos
2092 4043 2318 4110 voluit.
2473 4043 2638 4110 oluit

684 4134 907 4191 autem
961 4126 1320 4192 secundum
1367 4126 1702 4195 decretum
1760 4140 1827 4196 et
1870 4129 2277 4214 propositum
2321 4129 2449 4196 Dei
2493 4149 2633 4196 cre-

686 4209 935 4277 dentes.
1033 4211 1128 4277 Et
1187 4212 1259 4278 hi
1313 4214 1577 4298 quidem
1650 4214 1738 4281 ad
1791 4223 2070 4282 mortem
2142 4222 2211 4281 et
2267 4216 2632 4294 interitum,

681 4291 784 4358 illi
826 4296 910 4362 ad
953 4297 1156 4363 vitam
1203 4305 1272 4364 et
1313 4298 1596 4366 salutem
1640 4299 2109 4385 praedestinati
2152 4311 2327 4368 sunt.
2412 4301 2633 4367 Inter-

682 4380 780 4444 im
835 4380 1032 4448 fidem
1087 4403 1205 4451 ceu
1257 4404 1424 4469 opus
1465 4393 1765 4453 nostrum
1808 4408 1940 4453 non
1977 4387 2436 4454 constituimus
2480 4406 2633 4454 cau-

688 4485 830 4532 sam
875 4466 1209 4537 electionis
1267 4477 1384 4537 aut
1426 4471 2043 4555 praedestinationis
2057 4525 2073 4553 ,
2134 4473 2323 4558 quasi
2409 4484 2634 4558 ropter

685 4548 888 4616 fidem
946 4571 1141 4634 quam
1198 4555 1271 4621 in
1331 4556 1516 4623 nobis
1559 4559 1888 4643 praevidit
1931 4560 2115 4626 Deus
2159 4580 2282 4626 nos
2325 4580 2362 4624 e
2388 4559 2628 4644 egerit:

687 4634 804 4701 sed
863 4637 1111 4721 gratiae
1164 4638 1291 4707 Dei
1353 4644 1704 4710 tribuimus
1762 4645 2144 4712 electionem
2205 4656 2274 4712 et
2327 4646 2630 4722 salutem,

678 4722 876 4788 cuius
933 4720 1192 4807 quidem
1252 4729 1500 4811 gratiae
1553 4727 1683 4796 Dei
1748 4728 1999 4796 donum
2056 4739 2159 4797 est
2217 4741 2281 4797 et
2339 4729 2505 4795 fides
2563 4731 2630 4794 in

675 4806 1048 4875 Christum.
1137 4808 1402 4908 lsstenim
1447 4814 1699 4881 Paulus
1735 4836 1866 4881 non
1904 4816 2064 4884 dicit
2098 4817 2314 4882 Deum
2359 4815 2458 4882 ele
2509 4817 2523 4831 '
2596 4836 2633 4882 e

675 4915 807 4961 nos
827 4893 999 4979 quod
1018 4893 1332 4962 credituri
1351 4919 1626 4976 eramus,
1653 4900 1767 4967 sed
1790 4909 1866 4967 ut
1886 4901 2317 4970 crederemus.
2352 4900 2461 4968 Un
2508 4922 2545 4967 e
2568 4909 2635 4966 et

677 4980 1102 5131 Affitinus
1142 4981 1498 5065 sumpsisse
1530 4985 1796 5052 videtur
1835 4987 2007 5071 quod
2051 4987 2249 5053 dixit:
2294 4987 2446 5053 Non
2481 4987 2635 5072 quia

677 5086 721 5131 c
842 5068 856 5081 '
931 5087 1011 5133 us
1045 5066 1185 5151 ipse
1218 5086 1338 5132 nos
1372 5066 1584 5152 elegit¹
1628 5072 1739 5137 sed
1774 5080 1853 5138 ut
1885 5071 2247 5150 credamus,
2279 5095 2361 5140 ne
2383 5074 2634 5157 priores

677 5149 1031 5218 ‘videamur
1051 5152 1268 5235 ipsum
1303 5151 1597 5237 elegisse.
1653 5157 1823 5222 Vide
1844 5158 1969 5242 Ep.
1993 5160 2352 5245 Augustini
2381 5159 2465 5226 ad
2500 5160 2633 5225 Bo-

675 5233 997 5302 nifacium
1043 5241 1179 5313 106,
1209 5238 1315 5303 fol.
1342 5242 1467 5305 310
1495 5239 1578 5305 D.
1667 5241 1925 5309 Rursus
1968 5257 2187 5312 tamen
2232 5245 2394 5313 fides
2436 5244 2635 5312 simul

683 5320 950 5387 inclusa
1000 5334 1101 5388 est
1156 5322 1286 5389 Dei
1355 5324 1630 5392 decreto.
1732 5326 1951 5409 Quum
2010 5332 2185 5397 enim
2242 5342 2492 5400 certum
2548 5333 2636 5398 sit

2379 412 2846 483 EPIS'POLA
2896 419 3059 482 1707

4574 418 4687 480 488

2767 605 2986 671 Deum
3066 605 3149 671 ab
3227 613 3493 672 aeterno
3561 624 3681 670 nos
3743 601 4156 687 adoptavisse
4212 603 4285 668 in
4351 600 4515 668 filios
4585 622 4691 686 per

2767 689 3111 758 Christum
3128 741 3143 770 ,
3203 711 3407 775 saque
3460 689 3722 775 adoptio
3781 689 3863 757 ab
3907 688 4132 755 electis
4174 686 4304 754 fide
4340 688 4692 771 recipiatur,

2767 777 2937 842 sicut
2980 776 3265 842 Ioannes
3309 776 3640 861 apostolus
3682 785 3752 841 et
3785 774 4195 860 evangelista
4227 785 4503 840 testatur
4542 796 4593 840 c.
4642 782 4689 852 1,

2766 862 3210 929 indubitatum
3234 872 3336 929 est
3357 861 3594 930 electos
3616 882 3758 928 esse
3778 860 4146 929 credentes:
4185 860 4424 926 electos
4446 860 4690 944 quidem

2765 969 2898 1015 non
2924 962 3190 1034 propter
3213 949 3521 1015 meritum
3550 949 3736 1031 quasi
3757 949 4097 1032 proprium
4121 945 4289 1025 fidei,
4314 945 4428 1011 sed
4448 959 4693 1029 propter

2762 1033 3052 1102 divinam
3076 1035 3628 1120 dispensationem
3652 1043 3720 1100 et
3752 1033 3984 1100 salutis
4003 1051 4200 1098 verae
4222 1030 4533 1109 ordinem,
4575 1053 4692 1115 quo

2764 1122 2948 1187 Deus
2971 1120 3111 1205 ipse
3137 1142 3269 1188 non
3298 1120 3460 1186 alios
3484 1141 3679 1204 quam
3719 1120 4058 1187 credentes
4090 1140 4206 1202 pro
4232 1118 4386 1185 filiis
4414 1120 4692 1203 agnoscit

2764 1208 3304 1293 adoptionemque
3349 1227 3466 1290 per
3517 1206 3717 1272 fidem
3759 1204 3946 1271 nobis
3989 1206 4452 1283 communicat,
4509 1226 4690 1288 quam

2761 1301 2831 1358 et
2871 1291 2999 1359 fide
3042 1292 3181 1359 sola
3223 1293 3590 1377 recipimus.
3679 1291 3823 1358 Nisi
3871 1293 4046 1358 enim
4108 1291 4227 1356 hoc
4282 1290 4692 1356 concedamus

2763 1379 3125 1445 doctrinam
3167 1378 3319 1444 fidei
3365 1379 3437 1443 in
3477 1380 3866 1444 universum
3909 1399 3945 1444 e
3988 1376 4205 1443 medio
4249 1376 4639 1443 sustulimus.

2932 1466 3342 1530 Damnamus
3379 1465 3489 1530 hic
3521 1463 3764 1529 Vitalis
3808 1484 4112 1542 errorem,
4159 1463 4435 1529 dicentis
4470 1484 4691 1529 unum·

2759 1571 3082 1635 quemque
3124 1570 3314 1634 posse
3369 1549 3712 1635 evangelio
3764 1550 3888 1616 sibi
3947 1547 4318 1633 praedicato
4373 1569 4491 1633 per
4542 1549 4689 1614 libe-

2760 1658 2909 1702 rum
2951 1637 3294 1702 arbitrium
3337 1634 3604 1703 credere
3648 1636 3756 1701 vel
3801 1655 3936 1701 non
3981 1633 4263 1701 credere.
4352 1635 4524 1700 Nam
4567 1636 4690 1700 Do-

2757 1724 2979 1788 minus
3024 1722 3223 1787 dixit:
3292 1722 3504 1787 Nemo
3550 1722 3733 1787 venit
3788 1721 3871 1787 ad
3921 1743 4027 1786 me
4084 1722 4214 1787 nisi
4273 1731 4462 1804 pator
4519 1741 4688 1786 meus

2759 1809 3039 1874 traxerit
3092 1829 3261 1874 eum.
3351 1807 3489 1874 Sed
3532 1817 3602 1873 et
3644 1809 3974 1892 apostolus
4030 1807 4225 1872 dixit:
4297 1807 4532 1873 Gratia
4573 1807 4688 1871 sal-

2760 1897 2897 1960 vati
2954 1896 3111 1960 estis
3166 1915 3281 1978 per
3324 1893 3551 1972 fidem,
3612 1893 3811 1978 idque
3868 1916 3995 1959 non
4056 1915 4140 1960 ex
4184 1894 4399 1959 vobis:
4459 1890 4686 1957 donum

2760 1981 2887 2046 Dei
2929 1993 3045 2046 est.
3134 1981 3434 2047 Dicimus
3477 2001 3633 2064 ergo
3676 2001 3904 2046 omnes
3958 1978 4297 2047 credentes
4353 1999 4495 2045 esse
4537 1979 4689 2043 elec-

2759 2076 2859 2133 tos
2912 2073 2980 2133 et
3034 2086 3261 2133 omnes
3317 2065 3657 2134 credentes
3712 2064 3842 2132 fide
3910 2086 4054 2133 esse
4111 2063 4388 2130 donatos
4444 2087 4483 2130 a
4540 2065 4685 2130 Deo.

2759 2153 3058 2219 Dicimus
3102 2174 3234 2220 non
3279 2151 3618 2219 credentes
3675 2173 3817 2218 esse
3871 2152 4211 2236 reprobos,
4271 2160 4340 2216 et
4395 2152 4688 2234 quoniam

2759 2259 2892 2304 non
2949 2259 3176 2305 omnes
3236 2236 3534 2304 homines
3587 2235 3864 2303 credunt
3918 2259 4049 2303 non
4119 2259 4345 2303 omnes
4403 2237 4688 2302 homines

2755 2345 2898 2391 esse
2939 2324 3195 2391 electos.
3285 2323 3481 2406 Quod
3516 2336 3737 2389 autem
3782 2345 3917 2389 non
3947 2323 4224 2389 credunt
4251 2333 4316 2388 et
4366 2323 4689 2387 intereunt

2755 2410 3041 2495 quidam,
3064 2411 3287 2476 nonin
3321 2411 3522 2477 Deum
3555 2421 3673 2475 aut
3695 2409 4355 2494 praedestinationem
4391 2409 4531 2474 eius
4564 2408 4687 2473 cul-

2753 2517 2907 2580 pam
2952 2497 3300 2576 reiicimus,
3348 2496 3461 2561 sed
3505 2497 3577 2561 in
3621 2499 3837 2581 ipsum
3885 2496 4217 2561 hominem
4253 2496 4534 2580 gratiam
4572 2495 4686 2559 Dei

2753 2581 3177 2665 repellentem
3246 2604 3366 2648 nec
3440 2580 3744 2648 coelestia
3811 2582 3981 2647 dona
4054 2582 4496 2665 recipientem.
4588 2579 4685 2644 Ita

2753 2688 2911 2734 vero
2957 2688 3077 2733 nos
3112 2668 3290 2751 loqui
3327 2667 3545 2735 docuit
3580 2688 3653 2733 os
3675 2669 3960 2734 Domini.
4032 2668 4209 2733 Dicit
4246 2668 4455 2733 enim:
4500 2665 4685 2748 Quis-

2750 2754 2896 2837 quis
2963 2753 3163 2820 habet
3235 2753 3498 2820 dabitur
3563 2753 3664 2819 illi
3719 2765 3788 2818 et
3858 2753 4168 2819 reddetur
4234 2752 4680 2830 abundantior,

2749 2839 3043 2923 quisquis
3087 2850 3303 2905 autem
3350 2861 3484 2905 non
3530 2838 3755 2916 habet,
3816 2841 4012 2905 etiam
4072 2839 4237 2905 illud
4280 2838 4457 2923 quod
4504 2838 4684 2904 habet

2749 2924 3016 2991 tolletur
3058 2924 3139 2990 ab
3197 2946 3289 2991 eo.
3378 2925 3532 2991 Huc
3586 2927 3873 3007 pertinet
3926 2924 4237 3011 parabola
4292 2925 4682 2991 talentorum

2749 3021 2814 3077 et
2871 3031 3207 3077 servorum
3269 3011 3504 3095 quibus
3571 3031 3647 3076 ea
3698 3011 4055 3078 creduntur
4114 3011 4386 3093 (Matth.
4448 3034 4499 3078 c.
4561 3009 4676 3092 25).

2746 3096 2830 3163 In
2898 3097 3147 3163 Ioanne
3221 3098 3316 3162 ait
3382 3096 3741 3163 Dominus:
3824 3098 4006 3163 Haec
4069 3110 4168 3163 est
4233 3097 4678 3164 condemnatio

2747 3182 2918 3266 quod
2961 3184 3079 3248 lux
3140 3183 3322 3248 venit
3374 3185 3445 3249 in
3503 3182 3861 3260 mundum,
3921 3191 3989 3248 et
4044 3183 4330 3250 mundus
4390 3183 4678 3250 tenebras

2746 3270 2957 3354 magis
3014 3290 3212 3355 quam
3264 3269 3472 3335 lucem
3533 3269 3782 3335 dilexit.
3886 3270 4269 3335 Illustratur
4327 3269 4490 3336 haec
4544 3289 4676 3333 sen·

2745 3356 2952 3421 tentia
3009 3356 3328 3439 copiosius
3385 3355 3696 3438 parabola
3765 3357 4189 3422 invitatorum
4269 3354 4355 3420 ad
4425 3374 4678 3421 coenam

2743 3441 2918 3525 apud
2961 3441 3121 3508 Luc.
3191 3447 3287 3508 14.
3376 3441 3469 3507 Et
3512 3440 3668 3507 alibi
3724 3442 3797 3506 in
3841 3441 4217 3524 evangelio:
4275 3441 4488 3508 Satan
4531 3441 4677 3506 serit

2740 3525 3011 3593 lollium.
3112 3525 3299 3593 Idem
3362 3529 3605 3593 bonum
3677 3549 3901 3594 semen
3954 3530 4127 3613 rapit
4196 3548 4281 3593 ex
4338 3526 4533 3594 corde
4599 3544 4674 3589 ne

2739 3614 3103 3680 fructificet.
3193 3613 3389 3681 Unde
3433 3624 3500 3680 et
3537 3612 3788 3680 Paulus
3833 3615 4099 3679 Domini
4147 3614 4367 3680 verbis
4411 3615 4674 3678 instruc·

2735 3708 2846 3766 tus
2890 3701 3124 3765 asserit
3165 3698 3359 3765 deum
3407 3700 3604 3765 huius
3646 3699 3886 3766 saeculi
3930 3719 4276 3767 excaecare
4318 3720 4550 3767 sensus
4582 3697 4672 3764 iu·

2739 3785 3169 3852 credulorum.
3258 3785 3491 3851 Voluit
3547 3786 3871 3852 Dominus
3928 3786 4480 3871 Hierosolymitas
4532 3805 4673 3851 con-

2738 3893 3016 4023 gregare
3073 3871 3240 3938 sicut
3297 3871 3544 3957 gallina
3596 3872 3813 3956 pullos
3829 3923 3846 3951 ,
3906 3873 4028 3956 ipsi
4084 3894 4241 3939 vero
4296 3881 4667 3938 renuerunt.

2799 3958 2955 4042 ulpa
3013 3978 3170 4043 ergo
3225 3978 3360 4023 non
3431 3958 3784 4025 reiicienda
3839 3969 3941 4024 est
4003 3960 4072 4023 in
4130 3957 4353 4024 Deum
4420 3961 4672 4042 eiusque

2738 4043 3403 4127 praedestinationem
3458 4043 3567 4111 vel
3624 4043 4073 4128 impellentem
4130 4043 4241 4110 vel
4293 4046 4674 4111 retinentem

2738 4129 2811 4194 in
2855 4129 3148 4214 perfidia,
3194 4128 3307 4195 sed
3350 4132 3420 4195 in
3465 4150 3742 4214 pravam
3785 4129 4199 4197 voluntatem
4245 4130 4622 4197 nolentium.

2908 4215 3176 4300 Ergone
3220 4217 3287 4282 in
3334 4216 3619 4290 homine,
3660 4216 3899 4300 inquis,
3946 4216 4226 4283 facultas
4270 4229 4375 4283 est
4418 4238 4541 4301 qua
4584 4235 4672 4280 re-

2737 4301 2940 4384 cipiat
2983 4301 3087 4367 vel
3132 4302 3405 4386 repellat
3444 4302 3720 4367 verbum
3769 4301 3942 4368 Dei?
4029 4303 4272 4386 Utique
4315 4317 4419 4370 est
4460 4305 4530 4368 in
4570 4302 4672 4366 ho·

2737 4388 2915 4451 mine
2979 4388 3204 4452 nativa
3267 4409 3457 4453 eorru
3504 4387 3596 4453 tio
3662 4409 3831 4473 quae
3899 4388 4154 4472 repellit
4210 4389 4484 4456 verbum
4538 4388 4669 4454 Dei.

2738 4469 2816 4538 Si
2860 4481 3079 4539 autem
3121 4474 3398 4540 verbum
3442 4409 3571 4540 ssei
3628 4475 3859 4559 recipit
3917 4475 4131 4548 homo.
4188 4474 4257 4540 id
4301 4487 4405 4542 est
4446 4475 4672 4541 illumi-

2738 4559 2959 4624 nantis
3002 4561 3268 4644 gratiae.
3357 4559 3426 4627 S.
3475 4560 3893 4645 Augustinus
3950 4561 4177 4628 multis
4233 4561 4542 4646 disputat.
4596 4581 4670 4625 an

2736 4643 2900 4710 fides
2943 4646 3012 4710 in
3057 4656 3278 4712 nostra
3322 4648 3407 4712 sit
3449 4646 3808 4713 constituta
3851 4659 4188 4731 potestate,
4233 4661 4303 4713 et
4344 4670 4428 4715 an
4464 4645 4671 4714 infide-

2734 4728 2908 4797 libus
2950 4731 3146 4797 fidem
3191 4742 3389 4816 neget
3434 4731 3540 4797 vel
3594 4753 3725 4797 non
3769 4733 4082 4800 concedat
4122 4733 4356 4801 Deus?
4446 4736 4669 4815 Dispu-

2736 4816 2899 4882 tatio
2962 4820 3104 4883 eius
3169 4827 3388 4884 exstat
3450 4820 3519 4883 in
3576 4816 3742 4884 libro
3801 4818 3881 4886 de
3932 4842 3966 4887 s
4010 4819 4166 4885 iritu
4232 4829 4299 4884 et
4352 4821 4541 4886 litera
4595 4814 4669 4882 ad

2734 4901 3197 4969 Marcellinum
3241 4925 3292 4970 c.
3342 4908 3441 4971 31.
3487 4903 3587 4969 32.
3635 4908 3735 4969 33.
3785 4908 3884 4971 34.
4030 4927 4143 4973 aec
4230 4928 4389 4972 uum
4434 4909 4523 4972 ita
4564 4905 4666 4969 ha-

2734 4985 2937 5053 beant
2979 5010 3106 5054 non
3153 4990 3328 5055 soleo
3516 4990 3923 5074 quorundam
3960 5011 4141 5058 more
4219 5013 4422 5069 ocere,
4472 4992 4666 5057 Deum

2737 5074 3049 5156 quosdam
3093 5075 3187 5140 ita
3230 5096 3346 5160 rep
3419 5078 3550 5142 isse
3594 5087 3671 5140 ut
3714 5077 3909 5141 etiam
3947 5098 4125 5146 nunc
4158 5098 4268 5144 eos
4305 5078 4561 5144 induret
4594 5095 4665 5138 ne

2737 5161 3001 5227 veritati
3047 5160 3318 5228 credant
3335 5214 3350 5239 ,
3407 5162 3701 5246 pauculis
3742 5160 3930 5227 illum
3975 5160 4128 5229 fidei
4171 5163 4413 5230 donum
4457 5181 4665 5231 conce·

2736 5244 2909 5313 dere.
2999 5245 3181 5328 Quin
3226 5248 3440 5332 potius
3495 5267 3807 5333 urgemus
3862 5249 4270 5317 universales
4327 5251 4475 5317 illas
4526 5267 4661 5331 pro-

2736 5333 3080 5399 missiones
3136 5345 3204 5399 et
3258 5354 3485 5400 omnes
3537 5333 3836 5408 iubemus
3894 5335 4061 5403 bene
4115 5357 4394 5420 sperare.
4482 5335 4661 5401 Prae-
