4900 6167
704 451 833 516 407

698 637 997 721 ¹dignum
1043 654 1187 700 esse
1228 654 1364 699 non
1407 630 1743 709 iudicabis,
1792 630 2178 714 praesertim
2224 629 2336 695 ubi
2382 626 2673 693 deserto-

1923 718 2141 798 Atque
2185 724 2260 779 ut
2303 714 2518 798 legem
2571 732 2673 777 ro-

714 827 1005 886 manam,
1050 826 1216 888 quae
1260 803 1733 870 abdicationem
1777 801 2061 878 sustulit,
2106 802 2374 866 missam
2417 798 2673 876 faciam,

713 900 900 961 certe
943 912 1076 955 non
1119 891 1341 955 minus
1382 897 1575 955 vetus
1629 895 1729 953 est
1781 907 1979 970 quam
2035 886 2333 951 hnmana
2372 885 2481 951 lex
2524 883 2672 947 illa:

703 976 1080 1044 Sanatibus
1138 974 1314 1041 idem
1368 975 1475 1040 ius
1533 985 1675 1041 esto
1728 972 1900 1056 quod
1951 972 2243 1037 fortibus.
2264 974 2320 1041 ²)
2419 969 2675 1035 Verum

721 1064 846 1130 etsi
890 1070 1072 1128 tuam
1118 1061 1513 1144 aequitatem
1570 1060 1885 1125 maiorem
1930 1059 2127 1126 etiam
2184 1078 2327 1124 esse
2370 1078 2508 1122 non
2552 1054 2673 1119 du-

711 1150 928 1215 bitem
949 1200 966 1226 ,
1052 1156 1314 1213 tantum
1381 1158 1602 1212 tamen
1669 1145 1832 1210 mihi
1898 1142 2227 1227 indulgeri
2289 1164 2424 1208 non
2502 1147 2671 1223 peto.

716 1234 901 1316 Quid
961 1232 1212 1319 igitur?
1305 1230 1546 1297 Narrat
1586 1230 1883 1297 Velleius
1939 1228 2326 1296 Paterculus
2344 1233 2402 1305 ⁸)
2448 1225 2675 1293 Domi-

714 1322 887 1386 tium
948 1319 1303 1386 Calvinum
1324 1368 1339 1396 ,
1408 1316 1833 1382 fortissimum
1903 1315 2136 1382 ducem
2200 1315 2672 1389 Romanorum,

716 1405 1047 1489 quendam
1089 1405 1536 1470 centurionem
1580 1403 1846 1468 nomine
1888 1401 2240 1467 Vibillium
2284 1401 2364 1466 ob
2411 1409 2672 1482 turpem

717 1514 803 1557 ex
851 1491 990 1557 acie
1047 1491 1270 1574 fugam
1331 1509 1465 1553 non
1519 1488 1781 1572 quidem
1845 1495 2266 1553 exautorasse
2323 1486 2437 1552 sed
2500 1486 2674 1550 fuste

718 1576 1156 1661 percussisse:
1219 1581 1284 1639 et
1340 1596 1415 1640 eo
1474 1584 1696 1639 tamen
1756 1575 1928 1639 facto
1982 1574 2076 1638 ait
2132 1581 2426 1638 autorem
2470 1570 2674 1636 fuisse

720 1662 1098 1747 gravissimi
1143 1671 1338 1744 atque
1381 1659 1777 1726 severissimi
1822 1658 2125 1742 exempli.
2192 1656 2269 1723 Si
2300 1656 2369 1721 id
2412 1676 2672 1740 prome-

718 1749 923 1815 ritum
983 1768 1128 1813 esse
1181 1767 1287 1811 me
1345 1767 1541 1812 causa
1597 1747 1855 1830 cognita
1914 1743 2476 1828 pronunciaveris,
2540 1762 2675 1806 non

720 1855 882 1918 repu
932 1854 1034 1899 no.
1125 1831 1259 1899 Sed
1305 1853 1422 1915 pro
1466 1853 1705 1915 magno
1763 1832 1960 1897 etiam
2023 1829 2269 1914 flagitio
2327 1827 2671 1911 paululum

719 1940 892 2002 supp
926 1920 1030 1984 'cii
1074 1918 1236 1983 satis
1281 1938 1424 1983 esse
1467 1918 1639 2000 patri
1681 1915 2058 1982 meministi.
2149 1913 2228 1981 Si
2283 1917 2501 1981 virum
2555 1934 2673 1996 pa-

720 2026 873 2070 rum
916 2004 1152 2070 fortem
1197 2004 1396 2068 fuisse
1451 2003 1630 2069 dicas
1668 2003 1945 2068 Petrum
1992 1999 2326 2080 Rochium,
2387 2020 2523 2067 non
2568 2020 2672 2065 re-

723 2090 993 2158 clamat:
1040 2088 1241 2155 habes
1284 2089 1704 2154 confitentem
1739 2110 1947 2154 reum.
2037 2086 2115 2153 Si
2150 2087 2415 2152 mollem
2448 2084 2671 2164 fuisse,

722 2196 799 2242 ac
842 2197 1060 2242 ceram
1089 2176 1310 2259 potius
1345 2196 1541 2257 quam
1577 2183 1851 2258 petram,
1898 2175 2210 2257 agnoscit,
2257 2172 2450 2238 modo
2487 2172 2673 2236 nulla

720 2282 795 2327 re
851 2262 1064 2345 magis
1120 2281 1314 2343 quam
1374 2261 1607 2325 matris
1669 2260 1977 2346 lacrymis
2047 2258 2410 2325 emollitum
2472 2258 2671 2325 fuisse

718 2348 904 2426 scias,
951 2358 1145 2430 atque
1187 2344 1607 2412 indurescere
1645 2347 1841 2411 etiam
1886 2355 1952 2412 et
1984 2366 2216 2411 rursus
2257 2344 2463 2411 veluti
2503 2344 2671 2427 lapi-

720 2433 984 2499 descere
1027 2433 1098 2496 in
1135 2431 1257 2499 hoc
1316 2453 1556 2517 genere
1599 2433 1969 2515 cupientem
2014 2430 2263 2496 audias.
2350 2429 2502 2496 Non
2557 2430 2670 2496 ob-

718 2516 950 2584 tendet
991 2518 1103 2584 ille
1147 2517 1361 2583 multa
1404 2517 1486 2583 ad
1531 2518 1935 2584 infirmitatis
1990 2536 2146 2582 suae
2189 2517 2425 2599 prioris
2471 2537 2669 2582 excu-

720 2605 1079 2672 sationem:
1125 2626 1257 2669 non
1293 2613 1593 2682 aetatem,
1639 2625 1775 2669 non
1809 2612 2140 2688 parenteS,
2184 2623 2314 2667 non
2356 2611 2667 2684 tempora,

719 2711 855 2756 non
897 2690 1120 2755 fratris
1163 2690 1508 2769 iniuriam,
1569 2712 1701 2755 non
1745 2689 2019 2755 tutelam
2063 2689 2351 2771 nepotis,
2397 2708 2532 2753 non
2575 2687 2673 2751 rei

718 2775 1063 2841 familiaris
1105 2774 1593 2858 impedimenta.
1681 2775 1983 2858 Denique
2018 2795 2088 2839 se
2131 2773 2409 2840 aliorum
2446 2793 2669 2838 exem-

716 2862 828 2946 plo
871 2882 1002 2927 non
1049 2862 1362 2941 tuebitur,
1408 2881 1778 2944 quanquam
1822 2863 1879 2926 si
1923 2882 2062 2925 rem
2109 2858 2227 2925 tibi
2273 2867 2477 2924 totam
2514 2878 2669 2922 nar-

717 2968 866 3013 rare
909 2968 1088 3013 nunc
1132 2956 1383 3031 posset,
1442 2948 1585 3013 eius
1644 2948 1935 3031 profecto
1996 2945 2295 3010 miseriae
2352 2942 2545 3009 valde
2604 2955 2670 3008 te

714 3043 1220 3113 commoverent,
1268 3041 1337 3099 et
1380 3034 1634 3099 interea
1677 3042 1898 3097 tamen
1942 3049 2327 3116 agnosceres
2370 3050 2584 3112 neque
2630 3050 2670 3094 a

709 3120 922 3186 literis
963 3119 1161 3185 etiam
1206 3119 1471 3201 optimis
1513 3118 1819 3197 alienum,
1865 3138 2077 3200 neque
2112 3116 2410 3195 otiosum,
2457 3135 2670 3198 neque

710 3214 851 3271 tam
895 3206 1019 3271 sibi
1075 3205 1385 3287 privatim
1440 3226 1633 3288 quam
1691 3203 1837 3270 aliis
1893 3202 2151 3286 publice
2209 3200 2670 3267 honestissimo

713 744 861 789 rem
915 721 1188 785 minime
1243 718 1442 783 fuisse
1499 736 1834 801 agnosces.

709 3293 780 3355 in
826 3310 1070 3375 genere
1113 3290 1524 3374 negotiosum
1568 3290 1786 3356 fuisse.

885 3373 1023 3440 Sed
1066 3374 1227 3440 haec
1272 3394 1451 3440 nunc
1494 3375 1756 3454 omittit,
1802 3382 1872 3439 et
1912 3396 1958 3438 n
2043 3392 2123 3436 ue
2165 3369 2236 3434 in
2279 3372 2667 3455 conquiren-

711 3461 811 3528 dis
880 3459 1415 3527 excusationibus
1472 3460 1851 3544 ingeniosus
1920 3457 1990 3522 vi
2035 3458 2129 3522 eri
2204 3456 2379 3536 vult,
2454 3479 2665 3542 neque

711 3548 971 3632 culpam
1017 3547 1275 3613 elevare
1294 3597 1310 3625 ,
1365 3546 1495 3611 nisi
1538 3546 1597 3611 si
1638 3566 1756 3628 per
1807 3565 1878 3610 se
1922 3544 2009 3609 sit
2065 3542 2210 3626 ipsa
2251 3543 2436 3609 levis.
2527 3543 2663 3612 Sed

709 3635 975 3700 veniam
1019 3633 1238 3716 potius
1284 3630 1673 3714 deprecatus
1717 3628 2116 3713 melioraque
2151 3628 2477 3713 pollicitus
2521 3650 2664 3697 sese

709 3731 923 3784 totum
967 3720 1039 3784 in
1084 3721 1270 3784 sinus
1315 3727 1463 3783 tuos
1508 3713 1829 3795 effundet,
1890 3735 2189 3799 novaque
2244 3716 2377 3781 iam
2421 3715 2663 3782 fiducia

711 3814 1041 3870 recreatus
1097 3817 1163 3869 et
1219 3813 1286 3869 te
1348 3812 1604 3886 patrem
1665 3801 2085 3885 compellare,
2152 3809 2219 3866 et
2275 3801 2429 3885 quid
2483 3823 2662 3869 nunc

708 3898 894 3974 petat
935 3890 1350 3955 familiariter
1393 3887 1607 3954 dicere
1656 3886 1940 3953 audebit.
2026 3886 2371 3953 Eluctatus
2428 3897 2660 3956 uteun-

709 3996 837 4058 que
855 3978 912 4054 ⁴)
954 3995 1038 4039 ex
1083 3974 1562 4041 molestissimis
1607 3972 2119 4050 difficultatibus,
2162 3993 2329 4056 quae
2371 3974 2504 4039 iam
2541 3996 2660 4041 an-

710 4062 816 4127 nis
872 4061 1008 4126 fere
1067 4072 1315 4143 septem
1342 4059 1393 4145 ⁶)
1451 4059 1764 4124 miserum
1809 4059 2044 4124 misere
2098 4059 2451 4138 iactarunt,
2512 4082 2658 4146 ges-

711 4148 795 4212 tit
851 4164 1224 4228 erumpere,
1295 4165 1657 4228 omnesque
1730 4145 1927 4210 etiam
1998 4153 2263 4209 auratas
2317 4147 2658 4229 compedes

708 4230 1119 4316 abrumpere,
1165 4252 1443 4314 suosque
1486 4250 1761 4296 arcanos
1804 4250 2060 4295 amores
2104 4230 2368 4312 penitus
2411 4233 2658 4313 patefa-

1448 4318 1657 4402 maqis
1696 4317 1799 4383 hic
1830 4316 2054 4400 ἱερέων
2093 4319 2261 4380 tanto
2302 4317 2512 4399 ’καρίς
2553 4338 2658 4382 ae-

705 4408 879 4469 stuat
921 4404 1107 4486 iyniS.
1125 4405 1182 4486 ο)
1257 4401 1478 4468 Vellet
1517 4403 1665 4468 istic
1699 4425 1740 4468 a
1787 4401 1874 4467 ud
1916 4411 2015 4466 te:
2062 4421 2218 4465 nam
2253 4401 2429 4483 apud
2467 4424 2656 4486 quem

704 4487 976 4554 tandem
1035 4488 1139 4554 vel
1185 4488 1421 4554 melius
1485 4488 1587 4553 vel
1649 4510 1722 4553 ar
1769 4489 1988 4553 entius
2043 4485 2111 4550 id
2169 4486 2432 4569 posset?
2523 4488 2659 4555 Sed

704 4596 909 4657 quum
931 4573 1288 4640 Britannia
1310 4595 1457 4639 eum
1504 4574 1757 4652 invitet,
1803 4583 1871 4639 et
1912 4569 2047 4635 illic
2082 4571 2364 4654 aliquem
2409 4573 2493 4658 (si
2515 4575 2661 4657 quis

701 4659 898 4726 modo
944 4667 1046 4725 est
1090 4668 1399 4743 usquam)
1442 4659 1583 4726 eius
1626 4679 1824 4726 usum
1867 4677 2009 4723 esse
2044 4677 2233 4739 posse
2277 4656 2517 4736 audiat,
2560 4660 2658 4726 illi

700 4756 779 4812 ut
822 4768 893 4812 se
937 4745 1138 4812 dedat
1180 4754 1249 4811 et
1289 4755 1637 4813 vocantem
1680 4751 2020 4828 sequatur,
2079 4741 2137 4808 si
2179 4740 2351 4807 idem
2396 4744 2514 4811 tibi
2560 4747 2658 4812 vi-

707 4339 873 4385 cere.
964 4317 1135 4382 Nam
1180 4329 1248 4383 et
1287 4337 1407 4398 quo

909 5020 968 5087 2)
1010 5019 1094 5085 Os.
1129 5019 1281 5073 viros
1312 5017 1500 5073 doctos
1532 5018 1609 5073 ad
1649 5016 1818 5073 Genii
1847 5016 1923 5073 N.
1959 5013 2031 5072 A.
2065 5016 2209 5072 XVI.
2245 5014 2328 5071 10.

905 5088 969 5221 ἓξ
1004 5089 1121 5212 ἐξα
1132 5087 1302 5219 ΙῆῙῑωξι
1337 5085 1606 5210 Ξεὸιῖηιοηᾰε
1639 5171 1813 5224 supra
1849 5156 2139 5224 abruptum
2173 5171 2322 5210 nunc
2355 5158 2599 5213 assumit.

799 5265 804 5270 .
906 5224 968 5290 5)
1013 5222 1250 5293 Quando
1280 5227 1519 5293 primum
1563 5225 1720 5279 exsul
1760 5225 2000 5293 patriam
2044 5226 2325 5296 reliquerit
2367 5241 2481 5281 non
2523 5227 2653 5283 bene

695 5295 928 5350 constat
1002 5293 1144 5348 Sunt
1174 5295 1273 5362 qui
1302 5292 1364 5346 id
1397 5297 1510 5347 iau·
1540 5309 1595 5348 a.
1632 5292 1771 5348 1543
1802 5295 2039 5349 evenisse
2070 5293 2275 5351 dicam.

907 5359 967 5428 6)
1010 5361 1169 5417 Ovid.
1208 5361 1342 5417 Met.
1375 5360 1468 5419 IV.
1503 5359 1586 5431 64,
1619 5365 1788 5434 paulo
1820 5365 2043 5421 amatio
2076 5365 2273 5420 verbim

2216 437 2746 508 EPISTOLAE
2798 440 3217 503 1672—1673
4567 448 4673 511 408

2778 624 3028 704 deatur,
3075 626 3321 693 multae
3356 648 3507 693 eum
3551 649 3918 712 gravesque
3960 649 4191 694 causae
4234 637 4500 695 movent.
4564 629 4678 699 Sed

2778 720 3038 778 tantum
3082 712 3184 777 illi
3225 713 3430 779 animi
3483 735 3619 780 non
3662 723 3765 779 est
3806 720 3883 778 ut
3924 722 4180 779 tantum
4239 713 4431 792 ausit,
4481 717 4595 782 nisi
4629 719 4677 784 si

2779 807 2846 865 et
2902 798 3171 865 consilio
3225 811 3339 865 tuo
3391 808 3457 864 et
3515 801 3862 865 autoritate
3920 799 4255 877 fulciatur,
4314 809 4494 884 atque
4542 802 4676 867 adeo

2779 883 3001 967 aliqua
3059 883 3624 951 commendatione
3681 888 4122 951 confirmetur.
4212 884 4287 951 Si
4344 885 4422 949 ad
4473 885 4548 952 D.
4589 888 4677 953 Io-

2780 991 3019 1034 annem
3063 991 3106 1035 a
3151 970 3374 1050 LascO,
3422 968 3596 1054 quod
3639 970 3831 1036 valde
3873 970 4085 1048 vellet,
4130 975 4234 1037 vel
4280 969 4471 1035 alium
4510 993 4677 1055 quem

2777 1053 2960 1121 voles
3025 1058 3376 1122 autoritate
3448 1057 3664 1139 aliqua
3719 1065 4161 1139 praestantem
4230 1057 4441 1122 virum
4502 1058 4679 1124 literis

2778 1141 2911 1206 tuis
2955 1139 3208 1206 aditum
3252 1141 3354 1206 ini
3409 1142 3691 1225 aliquem
3743 1142 4115 1227 patefacere
4172 1142 4451 1208 volueris
4505 1144 4680 1227 (quod

2779 1225 3081 1309 equidem
3126 1236 3194 1293 et
3235 1227 3603 1295 verecunde
3661 1240 3727 1294 et
3782 1229 4202 1294 vehementer
4253 1229 4446 1311 petit,
4500 1251 4679 1312 neque

2778 1321 2879 1377 est
2920 1311 3269 1395 quidquam
3315 1315 3528 1398 magis
3572 1313 3743 1398 quod
3786 1324 4013 1397 optare
4066 1336 4243 1379 nunc
4339 1315 4515 1390 ossit)
4555 1335 4682 1379 sen-

2778 1400 2903 1463 ties
2947 1397 3047 1463 illi
3090 1398 3326 1464 saltem
3370 1421 3566 1466 curae
3608 1401 3810 1466 fuisse
3854 1420 3939 1464 ne
3984 1420 4281 1466 commen
4330 1401 4487 1465 atori
4527 1402 4682 1467 ineu-

2774 1484 2947 1548 tiant
2987 1494 3248 1567 peccata
3289 1485 3501 1551 aliena
3543 1486 3878 1569 pudorem.
3954 1487 4053 1551 Ac
4097 1486 4152 1551 si
4196 1483 4347 1568 quid
4384 1495 4682 1568 praeterea

2777 1570 3050 1653 patiaris
3108 1569 3294 1635 illum
3340 1571 3420 1636 de
3478 1593 3549 1638 se
3605 1571 3925 1655 polliceri,
3984 1592 4116 1635 non
4170 1570 4498 1637 erubescet
4544 1572 4681 1637 illud

2776 1655 3009 1721 saltem
3067 1676 3104 1720 e
3162 1665 3355 1739 poeta
3398 1666 3722 1740 repetere:
3785 1657 3929 1723 Non
3972 1658 4209 1723 armus
4252 1678 4430 1741 reyno
4470 1658 4681 1724 indeco-

2775 1762 2878 1807 res
2919 1751 3038 1807 etc.
3054 1744 3116 1825 ⁷)
3203 1743 3469 1809 Amicos
3510 1743 3659 1809 istic
3702 1742 4069 1826 complures
4114 1743 4354 1809 habere
4388 1764 4455 1808 se
4487 1744 4682 1809 existi-

2776 1835 2950 1906 mat,
3010 1847 3170 1911 quos
3227 1849 3358 1893 non
3417 1851 3572 1894 suae
3629 1827 3819 1895 modo
3876 1826 4025 1893 fidei
4086 1837 4282 1912 atque
4340 1829 4581 1912 pietatis
4629 1839 4682 1894 et

2778 1934 2939 2062 erga
2984 1921 3049 1978 te
3094 1913 3552 1979 observantiae
3597 1935 3894 1979 summae
3941 1925 4142 1979 testes
4188 1914 4357 1992 fore,
4414 1915 4471 1979 si
4505 1929 4678 2000 roget,

2778 2019 2847 2063 se
2938 2011 3033 2079 et,
3079 2001 3137 2065 si
3181 2020 3347 2082 opus
3389 2002 3492 2079 sit,
3551 2012 3618 2066 et
3658 2010 4028 2083 precatores
4071 2010 4140 2065 et
4183 2011 4525 2082 sponsores·
4553 2021 4682 2065 oon-

2774 2083 2934 2150 fidit.
3024 2084 3273 2150 Verum
3321 2094 3392 2150 tu
3436 2086 3622 2151 illum
3663 2086 3843 2151 intus
3888 2098 3954 2151 et
4010 2089 4079 2150 in
4135 2096 4286 2151 cute
4330 2088 4480 2151 satis
4517 2087 4679 2164 nosti,

2778 2180 2846 2235 et
2897 2170 2958 2236 ei
3012 2180 3131 2236 tua
3198 2179 3474 2255 paterna
3534 2173 3740 2256 pietas
3810 2181 3946 2237 tam
4008 2182 4111 2236 est
4166 2179 4351 2250 nota,
4425 2173 4680 2255 tantique

2775 2257 2973 2321 etiam
3020 2266 3150 2335 est,
3195 2264 3300 2336 ut,
3344 2257 3516 2341 quod
3561 2256 3643 2322 ad
3687 2258 3985 2323 homines
4040 2259 4311 2335 attinet,
4368 2270 4473 2322 tuo
4515 2260 4682 2322 unius

2772 2341 3010 2409 iudicio
3056 2344 3164 2409 vel
3207 2352 3382 2410 stare
3429 2343 3534 2410 vel
3576 2345 3805 2410 cadere
3850 2343 4091 2426 cupiat,
4138 2354 4210 2409 et
4251 2342 4489 2409 nullius
4523 2365 4682 2426 prae-
4721 2383 4727 2394 ·

2774 2436 2956 2494 terea
3000 2430 3285 2494 hominis
3342 2430 3446 2495 vel
3502 2429 4021 2496 benevolentiam
4066 2429 4279 2513 magis
4319 2429 4589 2513 experiri
4624 2429 4683 2491 in

2773 2514 2896 2580 hoc
2941 2536 3183 2599 genere
3231 2515 3390 2582 velit
3406 2567 3422 2593 ,
3483 2516 3586 2580 vel
3632 2515 3924 2581 favorem
3969 2514 4233 2580 ambiat.
4323 2516 4512 2599 Legit
4551 2513 4683 2598 quid
4802 2533 4803 2536 ’

2776 2610 2848 2664 tu
2893 2621 3105 2684 nuper
3147 2601 3221 2666 in
3280 2622 3476 2667 causa
3528 2622 3662 2666 non
3717 2601 3983 2667 omnino
4036 2599 4340 2666 dissimili
4382 2601 4682 2666 humanis-

2774 2686 2938 2750 sime
2982 2687 3317 2770 scripseris
3367 2687 3708 2752 Gaucherii
3731 2687 3782 2772 ⁸)
3826 2688 4034 2752 nostri
4078 2687 4376 2763 nomine,
4432 2688 4538 2771 qui
4577 2686 4682 2750 hue

2773 2769 2857 2835 ad
2900 2793 3017 2836 nos
3062 2783 3213 2836 ante
3258 2772 3510 2855 aliquot
3568 2792 3825 2838 menses
3879 2776 4081 2838 venit.
4172 2775 4285 2838 An
4331 2773 4552 2838 Rochio
4589 2772 4683 2837 de·

2821 2858 3067 2922 recanti
3125 2859 3343 2922 minus
3402 2856 3771 2923 tribueres?
3876 2858 4006 2925 Hic
4074 2859 4240 2924 mihi
4301 2858 4549 2924 difficile
4598 2868 4681 2922 est

2798 2943 2949 3026 oqui
3006 2951 3073 3008 et
3140 2963 3276 3007 non
3339 2941 3552 3008 nescis
3609 2942 3764 3025 quid
3830 2945 4046 3011 velim.
4143 2945 4420 3012 Utinam
4474 2955 4678 3018 tamen,

2770 3029 3023 3093 utinam
3069 3050 3246 3095 nunc
3288 3037 3352 3093 te
3397 3029 3505 3093 vel
3548 3029 3758 3095 tribus
3791 3032 4013 3097 verbis
4051 3030 4327 3098 Roolzius
4370 3031 4681 3096 convenire

2771 3121 2839 3180 et
2882 3114 3122 3199 alloqui
3225 3123 3430 3190 osset:
3490 3114 3744 3179 utinam
3802 3136 4071 3181 manum
4118 3139 4298 3183 nune
4342 3129 4517 3182 tuam
4555 3135 4679 3200 pre-

2770 3199 3077 3267 hendere.
3169 3137 3389 3282 guam
3432 3201 3646 3266 multa
3699 3202 3769 3267 in
3828 3202 4046 3269 sinum
4105 3213 4297 3269 tuum
4354 3201 4679 3268 effunderet

2769 3308 3099 3369 praesens,
3143 3308 3309 3370 quae
3345 3308 3461 3371 per
3500 3286 3724 3353 literas
3767 3309 3899 3354 non
3944 3296 4170 3373 potest.
4245 3288 4490 3354 Saltem
4524 3306 4679 3370 mag·

2772 3393 2931 3437 num
2973 3373 3310 3457 quidpiam
3355 3382 3422 3439 et
3466 3381 3581 3439 tuo
3624 3374 3926 3456 inprimis
3969 3376 4192 3441 favore
4230 3374 4678 3459 patrocinioque

2770 3457 3048 3543 dignum
3103 3480 3245 3525 esse
3310 3459 3714 3544 intelligeres
3770 3460 3942 3544 quod
3999 3459 4289 3527 molitur.
4390 3461 4478 3525 Et
4528 3456 4676 3543 quid.

2768 3546 2824 3610 si
2880 3546 3309 3612 cessationem
3366 3545 3684 3613 hactenus
3742 3567 3928 3612 suam
3971 3547 4066 3611 ita
4122 3549 4392 3625 sarciat,
4449 3555 4520 3611 ut
4566 3563 4679 3608 non

2766 3630 2957 3697 modo
2998 3652 3255 3697 moram
3300 3641 3554 3717 purget,
3600 3630 3715 3697 sed
3758 3630 3955 3697 etiam
4000 3652 4150 3698 cum
4197 3633 4409 3716 aliquo
4449 3632 4677 3696 foenore

2765 3716 3095 3799 persolvat
3139 3738 3261 3783 sua
3301 3717 3597 3800 reliqua?
3674 3715 3924 3782 Saltem
3969 3739 4146 3784 nunc
4184 3719 4311 3783 erit
4344 3718 4479 3783 eius
4518 3716 4677 3780 illus-

2762 3802 2943 3877 trior,
2996 3813 3064 3867 et
3105 3805 3337 3869 maiori
3382 3822 3531 3868 cum
3576 3804 3791 3868 fructu
3836 3803 4066 3868 edetur
4115 3804 4459 3881 confessi0,
4502 3821 4677 3886 quum

2764 3888 3025 3972 quidem
3071 3910 3148 3955 eo
3204 3890 3469 3954 nomine
3528 3888 3700 3953 ultro
3758 3889 4069 3954 abiecerit
4122 3910 4537 3973 quaeeunque
4590 3887 4675 3951 1116

2758 3975 2858 4039 1111
2901 3973 3232 4041 cumulate
3273 3996 3449 4041 nunc
3485 3975 3867 4053 offeruntur,
3914 3987 3981 4040 et
4015 3975 4250 4059 quibus
4286 3976 4515 4059 alioqui
4551 3991 4677 4057 pos-

2763 4072 2864 4125 set
2919 4060 3246 4143 quispiam
3309 4060 3568 4126 irretiri.
3670 4059 3764 4124 Et
3830 4061 4103 4128 fortasse
4174 4061 4512 4129 nonnullos
4571 4058 4673 4123 hoe

2763 4145 2905 4212 eius
2951 4145 3327 4229 exemplum
3364 4144 3814 4211 commovebit.

2935 4230 3113 4314 Quid
3158 4231 3427 4298 multis?
3515 4231 3648 4296 Per
3690 4231 3915 4296 omnia
3958 4252 4078 4316 ego
4123 4243 4190 4298 te
4234 4254 4418 4300 sacra
4458 4249 4672 4315 precor,

2762 4338 2881 4400 per
2925 4324 3411 4384 sacrosanctum
3456 4316 3595 4382 eius
3634 4336 3878 4381 nomen
3923 4318 4105 4383 cuius
4159 4339 4282 4401 pro
4329 4317 4553 4404 agandi
4592 4325 4674 4379 at·

2764 4423 2890 4486 que
2928 4403 3299 4469 illustrandi
3344 4413 3541 4469 causa
3581 4401 3750 4467 nihil
3806 4424 3939 4469 non
3994 4404 4188 4483 facis,
4304 4406 4528 4487 enique
4574 4418 4674 4484 per

2760 4489 2947 4555 illam
3002 4491 3215 4572 ipsam
3266 4497 3641 4554 nascentem
3694 4488 4111 4556 Albionicam
4165 4491 4527 4565 ecclesiam,
4586 4483 4673 4551 cui

2761 4584 2836 4640 tu
2881 4585 3013 4640 tam
3056 4577 3349 4658 impense
3392 4574 3603 4652 faves,
3663 4583 3731 4640 et
3786 4596 3951 4658 quae
4008 4586 4073 4640 te
4116 4581 4252 4641 tam
4296 4575 4486 4644 valde
4524 4571 4671 4644 colit,

2762 4680 2848 4726 ne
2892 4661 3225 4727 hominem
3270 4659 3367 4723 illi
3412 4660 3693 4725 amicum
3741 4661 3985 4745 tibique
4018 4660 4371 4742 addictum,
4417 4681 4530 4726 nec
4562 4677 4670 4723 non

2764 4746 3039 4814 alicuius
3082 4745 3360 4811 fortasse
3403 4747 3925 4830 exspectationis,
3972 4759 4038 4813 et
4078 4748 4135 4813 si
4171 4748 4393 4813 minus
4434 4746 4525 4812 rei
4564 4740 4673 4809 sal-

2762 4842 2894 4898 tem
2939 4835 3079 4917 spei
3125 4831 3414 4912 alicuius,
3459 4831 3530 4897 in
3574 4832 3697 4899 hoc
3742 4833 3989 4899 diutius
4030 4832 4170 4899 luto
4207 4835 4541 4900 inhaerere
4573 4847 4669 4912 pa·

2759 4919 2979 4986 tiaris:
3037 4930 3112 4984 ut
3153 4917 3293 4983 eius
3336 4919 3606 4984 minime
3650 4917 3892 4984 malam
3938 4918 4348 4986 voluntatem
4405 4917 4666 4986 adiuves.

2960 5157 3022 5294 ἐξ
3060 5158 3562 5283 13:362aess
3588 5157 3776 5292 {gila
3811 5226 4133 5292 Gauchen‘e)
4167 5229 4518 5291 concionator,
4540 5223 4665 5302 liqu-

2752 5299 2863 5352 νέα·
2895 5296 3002 5352 17.
3035 5298 3161 5351 olim
3193 5297 3559 5365 paedayoym,
3593 5313 3646 5351 a.
3681 5294 3817 5350 1566
3861 5297 4164 5367 defundunt.
4248 5299 4328 5352 De
4371 5297 4466 5352 hoc
4502 5297 4666 5362 pom!

2754 5367 2958 5436 aliquis
2990 5367 3246 5436 conitar-it
3276 5380 3441 5436 quam
3477 5364 3543 5418 de
3582 5364 3797 5420 Fan-elli
3823 5367 4015 5434 fratre.
