4900 6167
280 431 378 493 249

278 634 481 683 nomen
545 613 1111 682 Hambarbachias.
1141 616 1226 699 ¹¹)
1334 614 1625 683 Bucam
1687 614 1801 683 1116
1865 636 2190 701 nusquam

274 712 368 769 est.
447 701 818 786 Argentina
858 701 1111 767 dimisit
1150 701 1324 785 quod
1366 703 1497 767 iam
1539 702 1723 786 cupit
1763 712 1833 770 et
1871 711 2071 788 optat.

1176 856 1360 923 'l'uus
1404 859 1502 923 tui
1543 858 1991 925 deditissimus

1331 958 1424 1025 Io.
1465 959 1855 1028 Gai-uerius.

1094 1522 1293 1596 1588.

686 1675 1237 1747 SOHOTERUS
1281 1676 1717 1747 OALVINO.

405 1847 878 1916 Gravissimiaem
932 1849 1233 1917 sibiesse
1288 1850 2178 1932 dicitquodmnasacal-

257 1933 374 2001 vino
424 1934 644 2003 literas
712 1936 952 2001 dudum
1024 1935 1352 2018 acceperit,
1442 1955 1637 2018 quum
1711 1938 1850 2022 ipse
1918 1942 2178 2025 saepius

255 2022 577 2103 oeripserit:
632 2026 689 2087 et
741 2026 928 2087 totum
979 2021 1215 2088 studiis
1266 2021 1669 2090 orientalibus
1718 2026 1996 2093 deditum
2038 2032 2177 2095 ante

256 2105 544 2173 Maium
594 2107 910 2175 Genevam
950 2127 1075 2174 non
1114 2107 1466 2174 redituram
1506 2128 1574 2175 se
1602 2114 1806 2193 putat.

535 2278 650 2344 (Ex
686 2278 1023 2351 autographo
1058 2278 1189 2334 eod.
1227 2279 1430 2335 Gener.
1476 2279 1589 2350 109,
1621 2281 1713 2337 fol.
1747 2280 1861 2349 36.)
1909 2355 1915 2360 ἡ

533 2469 598 2534 Δ
639 2467 986 2534 Μσῑι61661·
1028 2465 1265 2535 Calvin

1079 2593 1120 2637 a
1161 2572 1452 2639 Geneve.

320 2725 431 2791 Pio
467 2724 644 2810 patri
685 2724 923 2791 Ioanni
966 2724 1249 2793 Calvino
1291 2726 1580 2795 Michael
1623 2728 1896 2799 Schoter
1924 2736 1972 2812 ¹)
2014 2730 2086 2800 S.

395 2862 884 2930 Gravissimum
928 2870 1048 2942 est,
1092 2863 1429 2931 carissime
1470 2875 1658 2951 pater
1671 2920 1686 2946 ‚
1734 2868 1908 2953 quod
1952 2870 2174 2938 hacte-

254 2968 354 3014 nus
400 2948 619 3014 nullas
674 2968 713 3013 a
771 2956 835 3014 te
909 2947 1251 3015 habuerim
1306 2949 1561 3033 literas,
1632 2956 1917 3021 maxime
1973 2977 2175 3040 quum

252 3034 419 3102 toties
479 3033 565 3101 ad
628 3042 696 3100 te
761 3035 1150 3119 scripserim.
1250 3036 1449 3102 Dolet
1503 3039 1821 3124 siquidem
1891 3042 2174 3109 multum

252 3119 396 3202 quod
437 3121 777 3188 absentem
829 3141 965 3187 non
1024 3127 1091 3188 te
1146 3127 1283 3186 tam
1335 3132 1748 3206 praesentem
1791 3127 2176 3213 facilemque

252 3207 505 3273 amicum
552 3208 852 3285 sentiam,
899 3228 1096 3291 quam
1133 3215 1330 3274 antea
1364 3230 1570 3293 quum
1613 3233 1921 3296 praesens
1965 3235 2176 3281 essem

250 3294 703 3376 perspexerim,
759 3291 1279 3378 quandoquidem
1342 3296 1511 3361 nihil
1548 3297 1885 3366 lubentius
1926 3308 2042 3366 aut
2084 3301 2175 3366 le-

252 3397 445 3528 w
489 3386 607 3443 aut
644 3377 938 3445 audirem
996 3401 1190 3463 quam
1235 3387 1389 3447 tuas
1430 3382 1685 3463 literas,
1746 3405 1912 3469 quae
1955 3408 2176 3453 conso·

328 3463 342 3476 '
380 3464 483 3529 nis
518 3472 590 3529 et
623 3464 1094 3531 adhortationis
1127 3466 1527 3535 christianae
1561 3470 1791 3554 plenas
1825 3471 1963 3538 fore
1996 3481 2172 3557 puto.

252 3545 467 3614 Statim
525 3571 730 3633 quum
788 3548 1104 3617 Venetiae
1156 3554 1311 3617 veni
1378 3555 1682 3622 omnibus
1744 3556 1971 3623 literas
2027 3558 2175 3624 dedi

254 3635 342 3715 qui
380 3656 449 3701 se
492 3634 794 3702 dicebant
846 3637 931 3703 ad
984 3643 1050 3702 te
1105 3637 1536 3722 profecturos:
1637 3662 1720 3707 uo
1772 3645 2093 3712 maturius
2137 3667 2178 3710 a

254 3727 306 3783 te
342 3719 583 3805 aliquid
626 3722 973 3788 literarum
1017 3725 1394 3808 acciperem.
1484 3725 1536 3792 S
1664 3749 1862 3812 quum
1901 3731 2179 3798 occasio·

255 3824 382 3870 nem
423 3807 751 3873 scribendi
795 3830 914 3893 per
967 3829 1080 3877 eos
1132 3811 1246 3893 qui
1300 3811 1675 3895 frequentes
1730 3836 1770 3880 a
1832 3823 1900 3881 te
1943 3815 2026 3882 ad
2069 3837 2178 3882 me

254 3891 501 3958 veniunt
535 3895 1039 3977 praetermittas,
1076 3902 1236 3980 puto
1257 3905 1323 3961 te
1357 3898 1485 3963 mei
1522 3898 1814 3980 oblitum,
1850 3902 1978 3967 nisi
2009 3902 2178 3968 mihi

255 3985 370 4042 tam
400 3979 517 4045 vili
541 3978 826 4046 scribere
863 3979 1257 4067 dedignaris.
1332 3981 1587 4050 Verum
1610 3985 1665 4051 si
1711 3987 1972 4069 quando
2014 3987 2179 4054 mihi

256 4062 598 4147 scripseris,
658 4067 753 4131 sic
807 4066 1042 4134 habeto
1099 4089 1205 4133 me
1260 4076 1409 4135 tuas
1468 4071 1691 4138 literas
1746 4073 1840 4138 ita
1899 4073 2180 4140 iucunde

255 4159 665 4233 accepturum,
713 4173 789 4220 ac
832 4153 890 4219 si
931 4155 1070 4238 ipse
1110 4155 1327 4234 Deus,
1370 4158 1482 4239 qui
1524 4158 1826 4224 omnibus
1868 4159 2017 4224 vult
2057 4179 2179 4225 nos

258 4236 603 4315 gratificari,
649 4237 799 4303 illas
843 4239 1020 4322 ipsas
1063 4241 1345 4307 offerret.
1433 4244 1615 4308 Ante
1658 4244 1999 4310 biennium
2041 4265 2176 4310 non

256 4330 393 4399 puto
434 4343 538 4387 me
580 4323 879 4390 visurum
920 4334 1020 4404 te,
1075 4328 1381 4409 quoniam
1438 4348 1546 4392 me
1609 4331 1789 4394 omni
1845 4329 2176 4397 hebraica·

260 4422 386 4470 rum
424 4417 492 4473 61
529 4408 1015 4476 chaldaicarum
1064 4410 1404 4479 literarum
1438 4435 1678 4499 genere
1728 4415 2071 4503 imbutum!
2112 4425 2178 4482 et

260 4492 448 4589 petius
502 4495 954 4579 plenissimum
1013 4496 1097 4562 ad
1154 4508 1222 4564 te
1287 4507 1638 4566 venturum
1701 4509 1882 4587 puto.
1983 4501 2176 4584 Quod

261 4596 305 4640 si
340 4587 470 4645 toto
511 4588 799 4665 tempore
842 4583 910 4647 in
955 4582 1082 4649 isto
1118 4584 1335 4651 studio
1377 4605 1509 4651 non
1543 4607 1865 4667 versarer,
1908 4588 2174 4653 iamiam

260 4659 413 4730 hunc
453 4686 671 4732 meum
714 4668 1118 4752 singularem
1161 4671 1444 4736 amicum
1489 4673 1853 4753 comitarer,
1897 4673 2011 4757 qui
2055 4674 2178 4738 tibi

260 4744 358 4813 has
411 4750 636 4818 literas
697 4752 879 4819 dabit
895 4806 911 4833 ,
978 4754 1246 4838 quique,
1318 4756 1376 4822 si
1430 4757 1941 4845 interrogaveris
1988 4759 2179 4843 plura

260 4829 324 4897 de
361 4856 463 4902 me
506 4839 622 4904 tibi
666 4837 854 4905 dicet.
943 4840 1173 4907 Nescis
1215 4849 1458 4925 quanta
1498 4863 1649 4910 cum
1693 4846 2179 4930 exspectatione

264 4987 637 5004 Rq..-

409 5076 500 5144 11)
518 5078 910 5167 ,Maroni-suo.
992 5081 1163 5163 σκεᾳο
1195 5081 1333 5137 socii
1356 5080 1585 5148 fumat
1621 5081 1849 5141 Sonam
1880 5092 1929 5140 et
1967 5084 2178 5141 seniaa-

265 5143 1106 5300 ffiffiniyiinffiffim,
1128 5147 1556 5290 sormmwss'zsn
1590 5219 1868 5302 maiam
1907 5223 2177 5278 ameven-

265 5289 389 5412 323‘
408 5280 695 5408 ffssssssuff‘
727 5289 885 5354 infra
918 5287 1146 5344 laudato
1165 5288 1241 5342 D.
1279 5289 1347 5344 de
1383 5287 1436 5342 S.
1478 5287 1743 5344 German·
1775 5307 1888 5347 non
1920 5294 2178 5350 habemus

1979 433 2141 495 1552
2185 429 2566 497 IANUAB.

2218 5313 2224 5402 1

4115 448 4246 511 250

2294 616 2525 685 literas
2581 640 2622 685 a
2673 625 2740 686 te
2803 626 3190 704 exspectem.
3282 622 3840 693 Christianissime
3896 629 4126 698 feceris
4183 635 4242 700 si

2295 705 2651 787 scripseris.
2740 704 3205 774 Valetudinem
3257 716 3443 776 tuam
3495 720 3564 777 et
3605 715 4008 797 provinciam
4049 718 4238 785 Deus

2292 810 2553 872 semper
2593 792 2900 857 fortunet.
2995 797 3092 858 17.
3131 791 3430 860 Ianuarii
3480 802 3664 864 1552.
3754 798 4074 869 Venetiis.

2463 874 2543 943 Si
2583 875 2832 944 scriboe
2883 876 3113 945 literas
3169 878 3355 946 dabis
3395 883 3481 949 D.
3539 882 3622 950 de
3668 884 3886 953 Saind
3930 887 4239 957 Germain

2290 962 2403 1044 qui
2441 962 2684 1046 poterit
2722 962 2872 1030 illas
2913 962 3101 1031 facile
3142 985 3393 1033 curare.

3047 1259 3455 1271 ———-——.

3170 1479 3364 1549 158⁹.

2674 1629 3162 1700 MYOOMUS
3206 1632 3840 1704 BULLINGERO.

2457 1799 2719 1869 Bolseco
2759 1801 3225 1869 Basiliensimn
3276 1806 3654 1890 saffrayium
3697 1810 4007 1876 invocanti
4047 1814 4236 1893 quasi

2279 1905 2421 1951 cum
2461 1888 2603 1969 ipso
2636 1888 3138 1954 mentientium
3170 1910 3294 1955 non
3326 1891 3786 1959 rescribendum
3822 1895 4233 1965 decreverunt.

2285 1971 2571 2038 Gravius
2610 1975 2800 2039 etiam
2827 1975 3186 2057 periculum
3239 1977 3436 2042 instat
3473 1979 3760 2045 ecclesiae
3800 2001 3880 2046 ex
3929 1981 4234 2051 Osiandri

2279 2058 2562 2124 doctrina
2576 2109 2593 2139 ,
2648 2080 2841 2142 quam
2894 2063 3146 2127 omnino
3200 2064 3552 2144 scripturae
3611 2083 3831 2132 sacrae
3881 2088 3918 2131 r
4200 2091 4234 2137 e

2280 2143 2581 2312 affitrmat,
2622 2165 2839 2211 veram
2881 2151 3090 2212 autem
3142 2148 3280 2230 ipse
3330 2149 3604 2215 nondum
3647 2151 3840 2232 probe
3881 2090 4230 2239 inteliiyere

2279 2250 2347 2295 se
2416 2235 2635 2296 ateium

2280 2399 2393 2467 (Ex
2676 2416 2746 2457 ex
2782 2402 2933 2457 Tem.
2979 2403 3225 2458 mm
3345 2405 3627 2459 istolarum
3660 2407 3720 2460 in
3764 2407 4016 2463 Archivis
4051 2409 4229 2465 Turio.

2282 2469 2430 2526 olim.
2549 2471 2652 2525 rin.
2692 2472 2759 2527 B.
2804 2488 2947 2526 nunc
2980 2472 3251 2596 Plntvst
3284 2474 3416 2610 wo}
3453 2473 3570 2543 155,
3617 2474 3710 2530 fol.
3753 2474 3872 2531 333.
3908 2506 3971 2518 ——
4009 2477 4226 2536 Simler.

2450 2779 2559 2845 De
2592 2779 2849 2846 Bolseno
2890 2783 3123 2867 scripsi
3165 2782 3271 2848 his
3315 2782 3542 2848 diebus
3564 2781 3945 2852 Bibliandro
3986 2798 4232 2855 certam
4249 2823 4264 2846 ·

2278 2863 2362 2931 ob
2403 2886 2676 2932 causam
2718 2865 2889 2950 quod
2924 2887 3002 2932 ea
3036 2867 3118 2932 de
3160 2888 3256 2946 re,
3300 2867 3424 2935 hoc
3466 2877 3569 2934 est
3607 2868 3689 2934 de
3732 2870 4047 2939 electione
4081 2875 4231 2955 Dei,

2280 2959 2431 3018 ante
2476 2950 2720 3035 aliquot
2764 2971 2972 3018 annos
3016 2961 3548 3039 transegeramus
3603 2954 3779 3019 inter
3820 2977 3956 3024 nos.
3991 2961 4040 3043 ¹)
4126 2959 4230 3028 Ibi

2279 3045 2438 3103 1666
2481 3057 2910 3121 exposueram
2956 3039 3249 3105 animum
3266 3091 3283 3120 ,
3328 3049 3408 3104 ut
3449 3047 3644 3105 autea
3683 3062 4052 3126 nunquam,
4096 3066 4230 3112 non

2276 3122 2543 3206 quidem
2586 3123 3026 3207 pertinaciter,
3068 3124 3183 3192 sed
3228 3135 3302 3191 ut
3344 3125 3656 3192 discerem
3681 3128 3737 3191 si
3779 3148 3910 3211 qua
3950 3130 4228 3197 fallerer.

2278 3209 2738 3293 Rescripserat
2790 3209 2903 3274 1116
2957 3219 3098 3276 tum
3114 3262 3131 3288 ,
3186 3219 3265 3275 ut
3319 3211 3459 3278 6166
3516 3211 3794 3278 66116616
3846 3234 3981 3280 666
4033 3226 4231 3299 queat

2280 3296 2618 3380 poenitere
2661 3314 2969 3380 unquam.
3040 3297 3133 3362 Et
3174 3296 3393 3363 adhuc
3432 3316 3627 3364 nosse
3672 3299 3865 3382 cupio
3909 3302 4231 3385 quomodo

2279 3401 2358 3446 ea
2413 3384 2860 3448 controversia
2923 3383 3175 3466 placeat
3245 3382 3449 3451 vobis.
3549 3384 3722 3449 Mihi
3779 3384 4041 3452 videtur
4101 3389 4233 3454 odii

2278 3466 2587 3532 nonnihil
2631 3488 2773 3533 esse
2813 3470 2988 3533 inter
3031 3478 3270 3553 partes.
3342 3470 3577 3535 Nescio
3622 3491 3705 3536 an
3755 3491 3983 3538 errem.
4056 3473 4231 3557 Gap-

2281 3555 2460 3620 tivus
2503 3574 2540 3617 e
2584 3553 2865 3620 vinculis
2907 3554 2992 3619 ad
3036 3575 3155 3622 nos
3198 3556 3484 3640 scripsit:
3555 3556 3786 3621 mirari
3844 3578 3913 3624 66
3952 3577 4068 3623 cur
4109 3580 4231 3624 nos

2281 3659 2552 3724 agamus
2597 3646 2828 3705 contra
2869 3640 3120 3725 ipsum,
3179 3662 3384 3725 quum
3440 3643 3511 3705 in
3565 3640 3689 3707 hoc
3733 3642 3994 3725 negotio
4038 3644 4232 3728 plane

2281 3727 2526 3792 sentiat
2567 3726 2902 3792 nobiscum
2947 3737 3174 3793 contra
3216 3729 3453 3793 fratres
3497 3726 3938 3794 Geuevenses.
3959 3730 4017 3807 ο)
4103 3730 4233 3796 Ρ6-

2280 3812 2391 3876 1111
2430 3812 2637 3895 igitur
2679 3820 2752 3877 ut
2794 3812 3250 3879 rescribamus.
3336 3812 3416 3877 Id
3451 3811 3624 3895 quod
3667 3812 4025 3892 noluimus,
4080 3816 4235 3900 quia

2282 3899 2613 3963 nescimus
2655 3917 2740 3962 an
2795 3918 2945 3963 cum
2989 3900 3270 3983 captivis
3327 3899 3420 3965 sic
3474 3898 3559 3962 sit
3617 3898 3945 3983 agendum
3990 3901 4232 3986 absque

2282 4003 2610 4052 consensu
2650 3984 3098 4068 magistratus.
3182 3985 3273 4050 Et
3328 3981 3620 4048 nondum
3677 3995 3778 4049 est
3830 3984 4234 4053 declaratum

2284 4090 2324 4135 a
2366 4068 2679 4135 fratribus
2724 4089 2812 4135 an
2865 4079 2935 4136 et
2974 4071 2997 4136 i
3046 4072 3100 4137 si
3145 4069 3365 4136 dicant
3381 4120 3396 4148 ‚
3455 4089 3575 4135 nos
3617 4071 3863 4135 sentire
3906 4092 4055 4137 cum
4097 4072 4230 4139 illo.

2282 4155 2465 4221 Dum
2499 4154 2675 4220 enim
2710 4155 2956 4222 adserit
3035 4155 3182 4221 dem
3218 4154 3607 4239 praecedere
3626 4154 4028 4236 electionem,
4065 4157 4233 4224 falso

2294 4249 2470 4307 certe
2511 4242 2715 4307 iactat
2756 4262 2826 4307 66
2870 4243 3114 4307 sentire
3156 4239 3513 4308 nobiscum.
3601 4239 3951 4306 Caeterum
3994 4253 4231 4309 utcun-

2326 4347 2410 4391 ue
2455 4348 2561 4392 res
2616 4325 2734 4391 illa
2789 4348 2859 4393 se
2916 4325 3156 4392 habeat
3208 4326 3418 4411 magis
3471 4347 3738 4392 moveor
3793 4326 3872 4391 de
3922 4327 4230 4396 Osiandri

2282 4347 2756 4494 disputatione:
2813 4432 3097 4495 namque
3183 4432 3563 4496 uaecunque
3608 4411 3925 4478 hactenus
3969 4412 4050 4479 de
4095 4416 4231 4481 ius-

2282 4497 2639 4562 tificatione
2704 4508 2864 4563 sunt
2927 4496 3101 4564 dicta
3160 4499 3174 4513 ⁰
3229 4520 3265 4564 e
3322 4509 3595 4565 conatur
3652 4497 4050 4565 subvertere.
4151 4499 4228 4566 Si

2283 4583 2682 4659 erravimus,
2750 4590 2910 4667 quot
2951 4584 3232 4662 animas,
3299 4604 3565 4668 quaese,
3611 4582 4026 4664 seduximus,
4071 4595 4230 4669 quot

2282 4689 2435 4735 orco
2480 4667 2912 4734 tradidimus?
2990 4667 3069 4736 Si
3110 4668 3420 4736 Christus
3464 4689 3598 4734 non
3641 4679 3743 4735 est
3786 4671 4032 4736 iustitia
4075 4693 4225 4736 nos·

2281 4877 2462 4932 1589.
2500 4875 2559 4942 1)
2595 4874 2922 4929 Βῶέίαπάον
2978 4874 3107 4929 oum
3156 4874 3412 4947 Myconii
3465 4874 3667 4944 calleyo
3708 4876 3897 4955 fuerat
3938 4875 3998 4927 in
4045 4872 4226 4952 schola

2294 4945 2583 5000 stricemi
2592 4981 2607 5006 ,
2646 4949 2838 5012 pom
2870 4941 3129 5013 Ζωᾱκᾳῑιῖ
3158 4959 3433 5000 successor
3479 4944 3542 4998 in
3584 4945 3924 5013 professione
3953 4942 4224 5022 beor-anea.

2287 5014 2409 5069 Sem
2556 5013 3133 5067 stamineo-tentiae
3182 5012 3458 5068 delibem
3504 5012 3738 5067 arbitrio
3776 5012 4223 5090 faufortama.

2284 5083 2312 5135 1
2455 5098 2577 5137 em·
2615 5081 2878 5202 Myconi?
2914 5096 3048 5204 {5⁶39
3063 5081 3512 5206 lmwsssiffi
3557 5085 3837 5203 renovztgit
3880 5146 3908 5213 (
3954 5147 4211 5203 616661661-

2281 5159 2563 5276 ῗωιρῦῗᾶῗ
2594 5156 2959 5273 ῗἚ2.“276.
3031 5219 3328 5289 Ηοεεεηρη
3362 5220 3484 5275 hist.
3523 5217 3643 5272 ωσι.
3681 5215 3825 5268 vm.
3864 5214 3984 5271 633.
4016 5215 4120 5270 694
4143 5190 4228 5288 ‚qt

2280 5287 2655 5424 Kerehh‘ffgf
2671 5286 2951 5414 Δῖἕο-Ιξξὲ
2992 5290 3122 5358 wa)

4055 5086 4225 5148 verat,
