4900 6167
696 400 824 461 515

1590 580 1782 652 1725.

747 733 1294 804 GARNERIUS
1340 731 1823 801 MINISTRIS
1868 731 2601 800 GENEVENSIBUS.

877 906 1080 992 Royat
1119 913 1189 973 ut
1229 907 1443 988 ipsum
1483 911 1539 972 et
1579 926 1729 972 suos
1786 904 2044 989 collegas
2086 905 2367 971 certiores
2404 902 2651 986 faciant

701 994 779 1060 de
823 993 954 1059 vita
997 997 1276 1060 anteacta
1319 992 1588 1059 duorum
1635 990 1927 1068 Satanae,
1971 996 2042 1056 ut
2083 990 2350 1069 videtur,
2395 991 2651 1056 emissa-

703 1080 951 1146 riorum
990 1080 1102 1162 qui
1122 1078 1439 1145 ecclesiam
1457 1076 1756 1162 qallicam
1780 1078 2361 1161 Arqentoratensm
2382 1075 2648 1142 turbant.

699 1249 1122 1319 (Antographon
1158 1253 1339 1303 exstat
1373 1248 1432 1302 in
1460 1247 1871 1302 Commentariis
1907 1247 2110 1301 Vener.
2149 1246 2439 1301 Ministerii
2475 1246 2650 1301 Gene-

1324 1317 1504 1370 vensis
1539 1316 1665 1371 Vol.
1704 1318 1767 1370 A.
1804 1334 1855 1386 p.
1892 1314 2039 1383 223.)

870 1503 1312 1572 ornatissimo
1366 1505 1512 1572 viro
1567 1503 1740 1576 Dno.
1799 1504 1886 1570 D.
1950 1504 2182 1571 Ioanni
2244 1502 2520 1570 Calvino
2579 1510 2647 1570 et

697 1593 971 1660 caeteris
1013 1590 1397 1675 symmystis
1441 1592 1510 1655 in
1553 1590 1826 1658 ecclesia
1867 1590 2266 1657 Genevensi.

2140 1693 2470 1759 Genevae.

870 1829 1105 1897 Gratia
1149 1829 1331 1896 vobis
1375 1839 1442 1896 et
1485 1851 1613 1914 pax
1657 1852 1696 1897 a
1719 1830 1862 1897 Deo
1908 1837 2091 1914 patre
2133 1838 2356 1896 nostro
2399 1839 2467 1896 et
2487 1828 2643 1895 Iesu

694 1915 964 1983 Christo
1008 1913 1293 1980 Domino
1333 1923 1401 1982 et
1443 1929 1776 1983 servatore
1819 1926 2136 1982 nostrum.

866 2020 1044 2085 Ante
1081 2039 1339 2085 menses
1373 2018 1619 2103 aliquot
1661 2019 1844 2086 venit
1879 2019 2006 2086 huc
2042 2018 2318 2086 Geneva
2362 2018 2464 2083 vir
2505 2018 2639 2102 qui·

691 2102 844 2170 dam
888 2106 1071 2171 cuius
1114 2124 1356 2170 nomen
1392 2119 1491 2172 est
1528 2104 1838 2171 Nicolaus
1877 2104 2274 2186 Tapetarius,
2303 2105 2355 2186 ¹)
2399 2104 2642 2172 missus

693 2197 870 2266 (meo
928 2188 1195 2268 iudicio)
1251 2212 1386 2256 non
1429 2211 1468 2255 a
1511 2189 1657 2256 Deo
1715 2211 1836 2257 nec
1896 2211 1936 2256 a
1991 2190 2179 2257 vobis
2224 2190 2350 2256 Dei
2409 2190 2639 2269 servis,

692 2274 807 2342 sed
864 2296 905 2341 a
959 2285 1145 2360 patre
1198 2278 1492 2342 omnium
1535 2286 1864 2342 sectarum
1907 2283 2102 2360 atque
2147 2274 2637 2355 discordiarum,

690 2359 944 2427 Satana
987 2382 1240 2446 nempe,
1285 2383 1415 2446 quo
1460 2383 1580 2429 nos
1624 2368 1819 2445 atque
1861 2362 2055 2427 istam
2103 2371 2398 2428 nostram
2433 2360 2639 2428 eccle·

688 2446 921 2514 siclam
965 2456 1236 2513 vexaret
1289 2454 1484 2532 atque
1543 2446 1987 2531 perturbaret,
2042 2468 2314 2531 eamque
2358 2467 2481 2513 suo
2525 2468 2637 2512 ve-

692 2553 864 2598 neno
930 2534 1240 2599 inficeret.
1344 2533 1785 2616 Exspectatur
1835 2534 2033 2600 etiam
2103 2533 2172 2598 in
2232 2532 2370 2598 dies
2430 2530 2635 2616 (quod

691 2619 878 2702 peius
935 2626 1057 2698 est)
1119 2618 1285 2685 alius
1339 2616 1604 2703 quidam
1661 2618 1860 2686 huius
1915 2620 2126 2687 socius
2181 2617 2395 2686 dictus
2443 2619 2636 2686 Nica-

689 2704 829 2770 sius
845 2707 902 2789 ²)
971 2706 1160 2770 66166
1218 2702 1542 2771 adventus
1611 2705 1881 2772 fortasse
1948 2706 2075 2771 erit
2131 2705 2317 2770 iuxta
2368 2725 2636 2787 operam

686 2810 823 2856 non
868 2790 995 2856 Dei
1052 2789 1167 2855 sed
1223 2788 1527 2857 Satanae.
1617 2791 1817 2856 Faxit
1868 2790 2055 2857 Deus
2113 2800 2189 2857 ut
2247 2790 2375 2855 sim
2429 2789 2636 2855 falsus

684 2884 910 2942 vates:
969 2876 1220 2943 interea
1274 2898 1476 2978 quum
1534 2877 1747 2962 cogito
1806 2886 1998 2961 atque
2051 2875 2432 2960 introspicio
2476 2875 2634 2959 quid

687 2961 813 3029 hoc
864 2982 1076 3047 genus
1133 2963 1472 3030 hominum
1534 2972 1651 3029 aut
1707 2963 1926 3046 potius
1972 2960 2255 3029 Satanas
2310 2982 2428 3046 per
2488 2960 2635 3028 illos

686 3047 1031 3126 moliatur,
1100 3055 1313 3115 tacere
1380 3069 1644 3131 nequeo.
1751 3047 1892 3115 Vos
1967 3047 2205 3113 melius
2264 3067 2369 3112 mo
2426 3047 2636 3113 nostis

685 3148 1068 3218 utrumque:
1116 3136 1435 3201 vixerunt
1477 3134 1653 3199 enim
1677 3133 2080 3217 aliquamdiu
2123 3133 2293 3217 apud
2341 3153 2462 3198 vos
2498 3132 2632 3198 Ge-

684 3241 915 3287 nevae.

859 3303 1081 3387 Quare
1123 3325 1328 3388 quum
1372 3312 1667 3371 vestrum
1703 3305 1998 3370 omnium
2036 3305 2165 3379 (uti
2203 3313 2271 3369 et
2303 3304 2633 3385 nostrum)

685 3392 949 3457 intersit
1002 3392 1169 3456 beno
1226 3390 1626 3475 prospicere,
1688 3390 1933 3457 nedum
1988 3389 2299 3457 ecclesiae
2359 3399 2633 3467 vestrae,

684 3497 921 3544 verum
989 3478 1185 3541 etiam
1259 3489 1519 3542 nostrae
1590 3476 1878 3558 adeoque
1937 3476 2059 3540 toti
2117 3474 2428 3543 ecclesiae
2487 3475 2633 3552 Dei,

683 3583 807 3630 vos
850 3583 1076 3629 omnes
1119 3582 1428 3647 rogamus
1472 3569 1664 3645 atque
1700 3581 1818 3644 per
1851 3561 2070 3626 Iesum
2117 3559 2454 3627 Christum
2499 3583 2635 3627 ser-

684 3657 981 3717 vatorem
1042 3655 1344 3714 nostrum
1400 3647 1817 3713 obsecramus
1873 3656 1948 3711 ut
1992 3647 2205 3713 velitis
2251 3668 2365 3731 per
2408 3647 2635 3713 literas

686 3735 928 3802 vestris
1001 3734 1305 3800 manibus
1377 3732 1671 3818 signatas
1737 3732 1819 3811 (si
1881 3740 2099 3799 tamen
2153 3741 2453 3799 nostrum
2511 3733 2635 3799 hoc

687 3820 1030 3887 consilium
1077 3819 1260 3885 vobis
1298 3819 1635 3902 probetur)
1680 3818 1865 3884 nobis
1900 3819 2271 3902 significare
2307 3817 2633 3902 quomodo

687 3906 981 3972 vixerint
1049 3904 1223 3988 apud
1279 3924 1398 3970 vos
1456 3904 1566 3971 isti
1637 3904 1764 3969 duo
1832 3905 2340 3988 praenominati,
2411 3904 2634 3987 quales

687 3992 970 4068 fuerint,
1029 3990 1286 4073 qualem
1345 3990 1630 4056 fructum
1698 3989 2112 4074 evangelium
2169 3989 2323 4057 Iesu
2381 3988 2634 4057 Christi

689 4076 761 4141 in
816 4075 946 4142 illis
979 4076 1333 4159 protulerit
1391 4085 1545 4142 etc.:
1606 4097 1735 4159 quo
1789 4075 1919 4141 illis
1979 4077 2049 4140 in
2108 4076 2269 4142 facie
2329 4077 2634 4142 resistere

689 4162 1024 4228 valeamus
1071 4181 1289 4226 coram
1333 4170 1471 4227 tota
1513 4162 1815 4239 ecelesia,
1875 4161 1933 4228 si
1976 4182 2139 4246 opus
2182 4162 2396 4228 fuerit.
2488 4161 2634 4228 Hac

689 4249 942 4313 ratione
1002 4248 1459 4332 repurgabitur
1508 4268 1665 4333 ager
1719 4248 1845 4314 iste
1904 4247 2174 4314 Domini
2245 4247 2514 4313 zizaniis
2569 4257 2635 4313 et

690 4332 882 4398 malis
950 4332 1171 4400 herbis
1243 4346 1309 4399 et
1365 4334 1607 4400 bonum
1675 4355 1900 4401 semen
1956 4333 2083 4400 Dei
2137 4345 2388 4400 crescet
2443 4343 2637 4417 atque

685 4420 975 4485 fructum
1018 4418 1200 4485 feret.

862 4503 1008 4571 Hoc
1051 4502 1328 4589 denique
1375 4506 1617 4573 bonum
1663 4507 1798 4571 foro
1843 4504 2227 4585 iudicamus,
2272 4505 2330 4572 si
2373 4503 2634 4588 quando

690 4590 969 4656 Geneva
1013 4588 1140 4655 huc
1187 4592 1456 4657 veniant
1498 4591 1763 4675 quidam
1820 4590 2216 4670 habitatum,
2277 4601 2353 4658 ut
2394 4611 2512 4675 per
2554 4591 2632 4656 li-

690 4684 862 4741 teras
907 4676 1095 4742 nobis
1138 4679 1543 4762 significetur
1584 4677 1810 4762 quales
1854 4677 2107 4744 fuerint
2161 4676 2339 4762 apud
2388 4697 2521 4755 vos,
2567 4685 2635 4743 et

687 4965 863 5021 1⁷26.
888 4965 944 5032 1)
999 4968 1129 5022 Vide
1162 4969 1321 5034 infra
1359 4969 1430 5023 N.
1462 4967 1593 5023 1729
1626 4983 1945 5038 responsum
1967 4967 2373 5022 Gemvensium.
2438 4966 2632 5023 Uerum

685 5050 812 5091 vero
859 5033 1182 5105 Topetarius
1215 5039 1326 5092 riri
1357 5054 1549 5093 nomen
1582 5054 1659 5092 cm
1695 5038 1835 5092 artis
1866 5036 2039 5103 fuerit
2069 5037 2354 5094 nescimus.

888 5102 921 5157 2
985 5105 1212 5162 Nimiae
1246 5107 1311 5159 de
1347 5106 1750 5161 Boumoneille.
1831 5105 1998 5174 Quem
2037 5104 2299 5160 Calvinus
2332 5120 2518 5161 coram
2553 5121 2632 5160 se·

685 5176 1267 5300 wewam&
1291 5182 1498 5300 ⁶⁰th
1530 5190 1695 5298 3103
1699 5189 1958 5299 mm
1982 5180 2373 5300 3503‘4‘¹'1‘>'22‘’
2407 5179 2632 5298 3323*ss

683 5307 737 5362 4.
776 5308 901 5363 Ian.
942 5310 1092 5366 1553.

2206 388 2733 458 EPISTOLAE
2782 392 3198 455 1725—1727

4558 392 4663 457 516

2752 598 2872 643 nos
2916 576 3206 645 vicissim
3247 575 3431 644 vobis
3471 576 3702 643 itidem
3745 597 3975 644 sumus
4016 575 4271 644 facturi.
4361 571 4472 640 Sic
4510 579 4666 643 enim

2751 664 2867 729 fiet
2918 670 2995 727 ut
3049 662 3236 747 impii
3290 673 3766 749 cognoscantur
3807 663 3973 729 hirci
4031 670 4098 728 et
4140 661 4229 745 pii
4250 666 4286 700 '⁵
4340 681 4493 727 oves
4530 684 4668 745 quo-

2752 768 3011 832 cunque
3069 759 3224 815 eant
3290 759 3356 815 et
3427 749 3798 833 ubicunque
3857 751 3991 815 sint
4007 798 4023 827 ,
4099 755 4291 831 atque
4363 747 4669 831 pellentur

2753 834 2920 901 hirci
2955 843 3022 900 et
3057 836 3620 902 conservabuntur
3653 855 3825 902 oves.
3888 833 4060 900 Boni
4094 832 4427 912 consulite,
4462 836 4671 918 optimi

2749 928 2999 1003 patres:
3046 941 3199 986 nam
3242 922 3480 988 caritas
3513 919 3645 985 Dei
3683 928 3876 1006 urget
3916 941 4037 987 nos
4079 928 4145 985 et
4189 916 4475 985 officium
4515 922 4674 1004 cogit

2752 1015 2826 1070 ut
2890 1007 3079 1072 vobis
3154 1007 3363 1074 simus
3434 1007 3810 1090 importuni.
3943 1004 4297 1073 Caeterum
4370 1004 4448 1069 de
4512 1017 4673 1071 statu

2751 1093 2946 1158 huius
2989 1093 3300 1159 ecclesiae
3343 1092 3622 1159 audietis
3665 1113 3749 1159 ex
3784 1092 4023 1157 harum
4064 1091 4272 1157 latore
4306 1089 4508 1156 fratre
4538 1112 4673 1156 nos-

2748 1186 2852 1243 tro
2886 1187 2955 1242 et
2991 1189 3208 1244 vestro
3241 1178 3326 1245 D.
3366 1178 3706 1244 Anthonio
3749 1178 3827 1244 de
3864 1176 4063 1262 olm-y
4104 1178 4209 1244 cui
4248 1177 4445 1241 etiam
4481 1185 4674 1243 totum

2750 1261 2927 1328 istud
2994 1272 3292 1331 nostrum
3375 1287 3418 1330 n
3545 1265 3712 1329 tium
3782 1262 3956 1330 bona
4035 1263 4164 1330 fide
4232 1264 4673 1329 commisimus.

2751 1347 2955 1416 Orate
3000 1370 3120 1433 pro
3164 1350 3367 1418 nohis.
3527 1350 3787 1417 ominus
3828 1349 4011 1416 Deus
4071 1371 4187 1417 vos
4229 1369 4458 1414 omnes
4499 1368 4675 1415 sanos

2748 1445 2816 1501 et
2856 1435 3213 1503 incolumes
3271 1457 3428 1504 suae
3486 1448 3753 1514 sanctae
3808 1436 4113 1504 eeclesiae
4168 1435 4280 1500 diu
4339 1443 4554 1501 servet
4602 1434 4675 1500 ad

2748 1520 2851 1587 sui
2894 1523 3179 1587 nominis
3222 1522 3500 1607 gloriam
3545 1531 3741 1605 atque
3785 1524 4081 1588 omnium
4124 1530 4427 1588 nostrum
4471 1519 4675 1586 aedifi·

2748 1606 3086 1674 sationem.
3179 1609 3412 1674 Amen.

2918 1746 3327 1831 Argentinae
3375 1751 3466 1812 10.
3515 1746 3764 1831 Aprilis
3820 1745 4073 1817 1553.⁸)

3489 1882 3730 1949 Vester
3784 1883 3987 1948 frater
4039 1890 4106 1947 et
4173 1901 4530 1948 conservus
4582 1880 4679 1946 Io-

3364 1990 3568 2036 annes
3626 1967 3984 2035 Garnerius
4038 1987 4156 2033 suo
4225 1977 4294 2035 et
4360 1970 4679 2034 seniorum

3361 2055 3667 2122 ecclesiae
3710 2055 3991 2119 nomine.

3617 2581 3803 2651 1726.

2990 2735 3344 2803 CALVIN
3389 2739 3452 2803 A
3496 2737 3589 2802 M.
3637 2738 3762 2803 DE
3807 2735 4343 2804 MAROLLES.
4377 2741 4426 2814 ¹)

2910 2907 3327 2974 Exhortatimz
3386 2908 3429 2972 ὰ
3483 2908 3550 2974 za
3588 2913 3905 2976 constance
3946 2908 4111 2974 dans
4168 2909 4255 2975 les
4312 2868 4678 2976 confictione

2737 2994 3110 3081 reliyieuses.

2738 3165 2842 3234 (Co
2886 3167 2962 3219 ies
2984 3164 3215 3218 Bibl.de
3235 3162 3471 3219 Geneve.
3509 3165 3627 3219 Vol.
3650 3162 3767 3235 107,
3803 3163 3893 3219 fol.
3929 3163 4000 3219 40
4035 3173 4091 3220 ct
4127 3166 4243 3221 Vol.
4284 3165 4402 3231 111,
4441 3167 4531 3220 fol.
4565 3164 4675 3219 270.

2750 3263 2805 3273 -
2894 3235 3054 3288 uehat
3091 3233 3158 3288 V.
3205 3231 3323 3287 541.
3398 3233 3892 3356 Bonnefff·Lett1-ea
3940 3236 4004 3288 fr.
4056 3235 4093 3290 1.
4140 3233 4257 3289 378.
4330 3235 4499 3289 Trad.
4544 3234 4675 3304 angl.

3683 3300 3831 3369 381.)

2909 3475 3270 3552 Monsieur,
3315 3474 3375 3539 ie
3420 3495 3504 3539 ne
3549 3473 3788 3540 doubte
3834 3495 3951 3558 pas
4007 3496 4132 3560 que
4178 3498 4337 3542 vous
4382 3499 4472 3541 66
4511 3476 4671 3542 66166

2737 3580 2775 3624 a
2819 3571 3083 3644 present
3125 3581 3209 3624 66
3251 3559 3533 3645 grandes
3577 3560 4007 3644 perplexitez,
4053 3582 4180 3626 veu
4223 3581 4350 3645 que
4398 3562 4464 3626 la
4510 3562 4676 3647 raige

2738 3645 2851 3712 des
2896 3646 3188 3712 ennemis
3252 3645 3606 3711 senflambc
3665 3645 4197 3723 iournellement,
4255 3655 4323 3711 et
4378 3647 4480 3712 les
4527 3647 4674 3713 dan-

2738 3753 2888 3884 {ers
2948 3732 3266 3798 croissent
3324 3729 3403 3797 do
3458 3730 3605 3817 plus
3659 3753 3744 3798 en
3799 3733 3962 3816 plus.
4052 3733 4242 3799 Ainsi
4302 3753 4467 3800 vous
4527 3755 4674 3798 avez

2783 3817 2890 3884 ion
2931 3815 3203 3903 besoing
3249 3817 3328 3882 de
3385 3818 3671 3885 recourir
3724 3840 3764 3883 a
3820 3818 4010 3902 celuy
4069 3819 4180 3903 qui
4237 3839 4321 3883 ne
4365 3820 4676 3885 sattribue

2736 3925 2855 3988 pas
2899 3923 2981 3968 en
3039 3904 3194 3970 vain
3248 3903 3458 3969 loffice
3516 3900 3597 3969 de
3652 3903 3948 3969 consoler
4004 3904 4101 3970 les
4158 3903 4335 3971 61666
4376 3926 4468 3970 66
4509 3905 4677 3971 leurs

2737 3989 3103 4056 afflictions.
3206 3987 3523 4055 Combien
3578 4010 3703 4072 que
3758 4009 3830 4055 66
3889 3991 4017 4056 soit
4072 3990 4265 4058 chose
4323 3988 4591 4056 difficile
4643 4010 4679 4054 a

2738 4075 3075 4141 linfirmite
3121 4073 3200 4140 de
3247 4082 3467 4141 nostro
3503 4074 3686 4141 chair
3722 4073 3801 4140 de
3836 4077 4148 4159 persistet
4181 4085 4676 4154 constamment,

2738 4182 2936 4228 encor
2995 4182 3119 4245 que
3179 4181 3343 4228 nous
3402 4181 3483 4227 66
3541 4161 3770 4227 voions
3828 4159 4008 4227 nulle
4053 4163 4144 4227 fin
4189 4183 4321 4227 aux
4366 4163 4676 4240 combatz,

2738 4267 2986 4314 mesme
3029 4267 3154 4330 que
3198 4247 3259 4312 le
3303 4245 3436 4312 mal
3479 4247 3754 4330 empire,
3800 4257 4007 4330 quant
4052 4268 4218 4312 nous
4263 4269 4499 4314 serons
4542 4269 4679 4314 mu·

2738 4333 2843 4398 niz
2902 4331 3014 4399 des
3069 4353 3283 4399 armes
3340 4354 3464 4417 que
3510 4332 3681 4398 Dieu
3736 4352 3899 4398 nous
3958 4332 4201 4412 donne,
4271 4332 4318 4397 il
4375 4355 4463 4400 66
4524 4332 4679 4399 fault

2941 4621 3004 4690 3)
3038 4624 3305 4678 Redditao
3351 4624 3508 4678 nobis
3555 4623 3773 4679 fuorunt
3819 4624 3921 4680 hac
3956 4626 4148 4681 literae
4180 4623 4264 4679 21.
4304 4626 4515 4696 Aprilis
4552 4622 4678 4679 1553

2731 4692 2998 4826 (Ῑῗίαῧΐὲ)
3036 4760 3200 4817 Nous
3233 4765 3516 4830 acceptans
3560 4778 3619 4817 cc
3670 4777 3794 4818 nom
3842 4761 3965 4818 bien
4009 4777 4111 4832 que
4144 4760 4287 4816 dans
4321 4761 4370 4816 le
4418 4761 4534 4816 Vol.
4570 4758 4677 4824 107,

2736 4831 2871 4887 dont
2902 4846 3043 4886 nous
3079 4831 3457 4886 &maicone
3491 4832 3538 4886 le
3572 4838 3712 4886 teate
3744 4829 3879 4887 ecrit
3910 4831 3979 4885 dc
4011 4834 4066 4885 la
4100 4831 4255 4885 moin
4289 4829 4679 4894 aeJonvmera.

2734 4916 2807 4955 on
2841 4915 2911 4954 ne
2942 4899 3042 4955 lise
3076 4898 3435 4966 angio-eramus·
3466 4916 3598 4970 que.-
3646 4903 3736 4955 Au
3773 4901 3855 4954 Sr.
3891 4898 3962 4954 de
4000 4939 4047 4952 ..
4069 4899 4284 4968 stelles,
4319 4907 4369 4954 ee
4442 4915 4510 4955 ue
4548 4898 4677 4953 Tur·

2734 4970 2901 5024 retina·
2945 4985 3022 5024 au
3071 4969 3179 5023 Vol.
3220 4967 3315 5022 111
3366 4970 3451 5023 ait
3493 4972 3624 5025 (ιη’-1.·
3672 4973 3759 5024 Au
3804 4970 3949 5023 frere
3997 4969 4252 5022 Vax-elles.
4418 5006 4430 5018 .

2728 5052 2896 5107 pense
2930 5053 3034 5109 quc
3066 5034 3245 5120 c’e'fait
3278 5054 3356 5091 un
3387 5039 3760 5105 uentilhomms
3793 5037 4015 5100 Pieard,
4054 5034 4270 5120 antcire
4303 5037 4370 5091 de
4410 5036 4587 5092 Leuis
4616 5033 4678 5090 δε

2733 5107 3002 5232 &2:3²²ae
3028 5113 3646 5246 .32¹:·;‚.·.’:.².‘'“5·.“..‘‚'.‘t³2.
3659 5104 4422 5243 affixum&
4430 5106 4511 5227 ἵ.
4540 5115 4676 5226 ξῖῧῖ

2734 5250 2826 5316 tyr
2865 5243 2999 5301 deaii
3048 5243 3435 5315 Chae-pende,
3487 5245 3555 5298 de
3601 5243 3655 5298 S.
3710 5243 4053 5299 Menehould.
4138 5243 4306 5312 Ηααρ
4361 5242 4507 5310 (vn,
4548 5240 4672 5304 259)

2725 5315 2887 5384 parte
2920 5313 3083 5369 d’unc
3114 5314 3350 5371 brancho
3384 5314 3451 5369 de
3484 5314 3541 5370 la
3570 5312 3783 5379 famine
3812 5307 4008 5369 e'tablie
4039 5314 4076 5368 ὰ
4128 5311 4278 5382 Viery
4312 5311 4360 5366 k
4381 5309 4669 5379 Frustenia-
