4900 6167
252 412 356 472 489

250 595 713 666 destinationem
778 594 1041 682 quidem
1113 595 1197 661 ab
1268 602 1535 666 aeterno
1596 596 1671 664 in
1734 617 1972 664 aream
2035 597 2165 664 Dei

247 682 483 748 oonsssio
523 681 898 749 conclusam
940 682 1204 749 tandem
1248 684 1438 750 nobis
1479 704 1600 769 per
1643 684 2017 768 prophetas,
2060 684 2165 748 in-

245 768 444 851 primis
485 777 711 834 autem
752 789 873 851 per
913 768 1259 836 Christum
1299 779 1369 835 et
1409 769 1736 855 apostolos
1793 789 1937 836 esse
1977 789 2163 836 reve-

243 855 414 920 latam
429 905 447 931 ,
502 853 677 940 quod
731 852 1046 921 videlicet
1099 854 1289 922 Deus
1346 856 1436 921 sit
1492 866 1747 921 amator
1795 855 2160 932 hominum,

242 939 390 1022 quod
429 941 806 1007 hominibus
850 942 1016 1007 bene
1058 941 1219 1007 velit
1237 993 1253 1020 ,
1308 940 1482 1025 quod
1544 962 1771 1007 omnes
1822 944 1892 1006 in
1936 940 2162 1007 Chris-

241 1039 357 1091 tum
399 1024 734 1093 credentes
776 1026 1050 1112 elegerit
1089 1026 1174 1092 ad
1217 1029 1442 1106 vitam,
1487 1027 1774 1111 adeoque
1807 1028 1978 1111 quod
2022 1048 2161 1093 om-

239 1131 337 1176 nes
388 1112 687 1179 homines
742 1112 906 1178 velit
961 1113 1178 1180 salvos
1233 1114 1398 1179 fieri.
1487 1113 1682 1181 Unde
1738 1133 1905 1179 evan
1993 1113 2159 1179 lium

238 1200 538 1282 praecepit
570 1197 932 1283 praedicari
970 1200 1155 1265 omni
1189 1210 1543 1266 creaturae.
1609 1200 1872 1265 Etenim
1992 1201 2161 1266 aias:

389 1303 457 1349 es
501 1304 623 1350 nos
665 1287 850 1369 quasi
895 1306 1051 1352 oves
1083 1285 1453 1351 erravimus
1494 1293 1562 1351 et
1581 1284 1909 1351 Dominus
2060 1286 2164 1351 uit

235 1369 290 1433 in
326 1389 397 1434 eo
438 1371 854 1455 iniquitatem
905 1373 1200 1437 omnium
1235 1380 1564 1438 nostrum.
1653 1370 1866 1437 Idem:
1976 1392 2161 1438 mnes

235 1455 505 1522 sitientes
549 1458 774 1523 venite
814 1456 899 1522 ad
942 1478 1166 1541 aquas.
1240 1455 1434 1539 Quod
1471 1458 1691 1541 ipsum
1731 1459 2013 1525 salvator
2055 1479 2160 1522 re-

232 1542 396 1624 petiit
436 1540 714 1608 Ioannis
737 1548 795 1607 7.
864 1542 998 1625 Qui
1042 1555 1110 1608 et
1153 1542 1328 1628 apud
1350 1544 1606 1609 Lucam
1647 1566 1723 1610 ac
1744 1543 2159 1611 Matthaeum

232 1626 400 1694 dixit:
447 1626 686 1695 Omnis
725 1630 836 1714 qui
880 1629 1047 1713 petit
1088 1630 1325 1714 accipit
1370 1642 1441 1695 et
1472 1631 1582 1714 qui
1611 1630 1870 1714 quaerit
1901 1631 2161 1695 invenit

228 1720 330 1777 ete.
413 1713 595 1796 Quid
639 1714 812 1798 quod
854 1714 1059 1781 idem:
1103 1715 1253 1782 Non
1297 1724 1399 1782 est
1431 1716 1738 1782 voluntas
1779 1735 2000 1782 coram
2042 1736 2159 1800 pa-

229 1813 311 1864 tre
349 1811 571 1866 vestro
610 1800 874 1867 coelesti
926 1811 998 1876 ut
1046 1812 1272 1886 pereat
1325 1823 1499 1868 unus
1556 1803 1637 1868 de
1688 1801 1946 1885 pusillis
1989 1803 2156 1868 istis.

226 1885 383 1952 Huic
433 1888 804 1954 sententiae
859 1886 1159 1972 adiungit
1220 1888 1282 1952 el
1453 1899 1585 1953 tem
1641 1887 2022 1972 parabolam
2079 1887 2161 1953 de

225 1992 331 2037 ove
381 1972 647 2056 perdita
700 1974 862 2039 Luc.
915 1979 1010 2039 15.
1112 1974 1286 2041 Item
1368 1994 1559 2041 oann.
1608 1978 1646 2039 3
1691 1983 1758 2040 et
1800 1978 1838 2036 6
1899 1974 2160 2040 disertis

225 2058 422 2125 verbis
463 2060 869 2143 exprimitur
909 2058 1084 2145 quod
1125 2061 1421 2127 omnium
1476 2058 1884 2127 credentium
1926 2060 2016 2125 sit
2058 2080 2160 2127 saÎ‡

223 2144 330 2223 lus,
368 2144 436 2210 id
480 2157 605 2223 est,
650 2144 824 2231 quod
868 2165 1094 2213 omnes
1137 2145 1481 2213 credentes
1536 2149 1674 2212 sint
1712 2146 2160 2230 praeordinati

221 2230 291 2295 ad
330 2232 539 2296 vitam
583 2240 940 2297 aeternam.
1030 2231 1262 2299 Sancti
1305 2233 1580 2317 apostoli
1602 2232 1848 2300 Petrus
1892 2242 1960 2297 et
1980 2232 2157 2299 Pau-

221 2315 310 2380 lus
348 2336 595 2401 magna
637 2338 786 2384 cum
842 2317 1281 2384 consolatione
1332 2317 1626 2384 fidelium
1670 2320 2010 2403 negotium
2053 2339 2157 2384 sa-

219 2401 360 2468 lutis
401 2423 540 2468 non
581 2404 966 2487 scrupulose
1009 2412 1076 2469 et
1117 2404 1304 2488 quasi
1361 2406 1588 2489 paucis
1628 2403 2158 2489 participandum

220 2499 667 2571 exposuerunt.
755 2489 930 2555 Nam
994 2490 1136 2565 ille,
1203 2510 1408 2574 quum
1472 2492 1763 2557 venisset
1822 2491 1896 2555 in
1963 2489 2158 2556 aedes

217 2575 424 2642 militis
469 2586 541 2640 et
581 2574 845 2641 turbam
904 2576 1249 2660 gentilium
1304 2576 1638 2643 sitientem
1698 2578 1824 2642 Dei
1880 2576 2154 2642 verbum

219 2659 473 2739 videret,
521 2661 647 2726 ait:
713 2661 817 2727 Re
855 2663 999 2746 ipsa
1040 2663 1340 2746 experior
1379 2662 1554 2747 quod
1597 2684 1730 2728 non
1768 2663 1857 2728 sit
1900 2681 2154 2745 respec-

216 2757 308 2811 tus
346 2767 779 2830 personarum
837 2747 1011 2833 apud
1055 2746 1271 2814 Deum
1290 2799 1306 2827 ,
1357 2747 1475 2814 sed
1527 2749 1595 2814 in
1651 2748 1884 2832 quavis
1939 2759 2153 2833 gente,

216 2833 310 2913 qui
349 2834 549 2898 timet
583 2835 607 2898 i
690 2854 803 2900 um
848 2843 914 2899 et
969 2843 1281 2918 operatur
1321 2835 1674 2913 iustitiam,
1733 2836 1792 2900 is
1847 2842 2155 2919 acceptus

215 2927 301 2983 est
347 2919 464 2985 illi.
634 2928 665 2983 t
715 2921 991 2985 iterum:
1056 2921 1330 2987 Patiens
1386 2929 1487 2987 est
1537 2919 1726 2987 Deus
1797 2940 1956 3005 erga
2011 2941 2152 2996 nos,

216 3002 354 3070 dum
391 3025 534 3071 non
578 3006 727 3071 vult
771 3005 937 3071 ullos
1065 3007 1197 3071 rire
1256 3006 1371 3071 sed
1413 3026 1642 3073 omnes
1688 3004 1770 3070 ad
1813 3007 2153 3090 poeniten-

213 3091 356 3156 tiam
397 3112 472 3158 se
517 3092 827 3175 recipere.
916 3092 1050 3159 Hic
1094 3113 1268 3170 vero,
1312 3092 1564 3158 Paulus
1606 3093 1905 3175 inquam:
1951 3091 2151 3157 Iusti-

212 3176 294 3240 fia
332 3178 495 3256 Dei,
554 3178 678 3254 ait,
731 3198 850 3262 per
907 3177 1104 3243 fidem
1161 3177 1317 3244 Iesu
1362 3176 1615 3244 Christi
1669 3179 1743 3243 in
1799 3198 2028 3243 omnes
2084 3186 2154 3242 et

212 3282 393 3346 super
434 3284 671 3329 omnes
713 3263 828 3348 qui
871 3261 1174 3330 credunt:
1232 3283 1369 3328 non
1424 3265 1599 3329 enim
1655 3273 1755 3329 est
1798 3263 2151 3339 distinctio,

211 3368 420 3416 omnes
464 3350 650 3415 enim
693 3359 1137 3434 peccaverunt
1177 3360 1299 3415 eto.
1389 3350 1481 3415 Et
1522 3349 1797 3416 iterum:
1857 3348 1936 3416 Si
1978 3370 2152 3415 unus

210 3453 311 3515 pro
332 3435 645 3501 omnibus
662 3445 964 3501 mortuus
983 3436 1130 3514 fuit,
1166 3456 1323 3520 ergo
1342 3455 1573 3501 omnes
1607 3436 1850 3501 mortui
1884 3437 2153 3501 fuerunt

208 3529 268 3584 et
302 3541 423 3605 pro
467 3521 775 3588 omnibus
816 3529 1116 3588 mortuus
1159 3530 1261 3588 est
1301 3529 1423 3589 etc.
1494 3521 1717 3587 Huius
1751 3522 2014 3607 generis
2046 3521 2151 3585 in-

208 3607 376 3674 finita
409 3608 548 3673 alia
580 3617 922 3689 praetereo
955 3628 1124 3692 quae
1158 3606 1270 3673 ubi
1314 3629 1396 3675 ue
1430 3607 1626 3674 obvia
1657 3616 1816 3673 sunt
1848 3610 1916 3673 in
1954 3608 2155 3691 scrip-

207 3694 372 3760 turis.
463 3693 673 3770 Haec,
719 3693 1007 3777 inquam,
1052 3714 1263 3778 urgen
1308 3714 1350 3759 a
1381 3713 1615 3760 censeo
1648 3695 1718 3758 in
1762 3694 2034 3760 ecclesia
2070 3713 2154 3757 ne

208 3780 640 3863 scrupulosius
684 3779 1092 3862 disputantes
1144 3779 1224 3845 de
1262 3780 1533 3846 occultis
1576 3780 1705 3846 Dei
1749 3779 2042 3855 iudiciis.
2071 3778 2155 3844 de

205 3865 794 3947 praedestinatione
845 3873 914 3931 et
952 3865 1266 3932 electione
1309 3866 1458 3944 Dei,
1516 3866 1860 3950 scrupulos
1917 3866 2154 3931 animis

207 3952 598 4105 Eimpgiecium
637 3953 885 4034 pariter
920 3961 988 4018 et
1023 3953 1530 4053 exercitatorum
1567 3952 1956 4032 iniioiamus,
1992 3970 2156 4101 qugs

243 4058 343 4103 em
501 4058 644 4102 nun
689 4057 844 4104 uam
915 4058 1147 4103 rursus
1213 4058 1504 4104 eximere
1604 4059 1912 4103 neamus:
1979 4058 2072 4102 un
2118 4057 2156 4102 e

206 4143 351 4189 mox
391 4058 714 4207 sequatdlr
755 4121 977 4189 odium
1021 4123 1169 4203 Dei,
1215 4059 1601 4210 desperatidl
1626 4133 1693 4189 et
1722 4123 2153 4208 blasphemia,

208 4210 379 4292 quasi
421 4208 615 4276 Deus
671 4229 899 4275 omnes
955 4209 1281 4277 advocans
1343 4218 1411 4277 et
1454 4207 1628 4276 dona
1682 4231 1802 4277 sua
1855 4207 2157 4276 omnibus

206 4295 480 4362 offerens
524 4295 791 4362 nonnisi
878 4293 1132 4362 auoulis
1174 4317 1254 4362 ea
1290 4296 1445 4362 dare
1489 4296 1776 4380 adeoque
1817 4304 1887 4360 et
1926 4294 2156 4361 ludere

207 4390 267 4444 et
304 4381 470 4448 alios
517 4383 751 4447 inanes
809 4317 1141 4448 dimittere
1196 4381 1373 4448 velit.
1463 4380 1689 4463 Quare
1747 4393 1815 4446 et
1856 4382 1929 4445 in
1982 4382 2154 4465 peri-

207 4466 416 4534 cnlum
462 4469 692 4534 veniet
734 4465 957 4533 divina
999 4468 1343 4552 promissio
1386 4476 1453 4533 et
1487 4468 1749 4534 veritas.
1840 4465 1955 4534 Sic
1999 4486 2156 4552 ergo

206 4553 386 4634 soleo,
422 4553 624 4621 sicuti
658 4553 950 4638 exposui,
994 4551 1327 4620 moderate
1362 4554 1695 4633 nimirum,
1742 4552 2043 4640 religiose
2088 4560 2157 4619 et

75 4629 76 4636 â€™
206 4639 561 4706 orthodoxe
605 4638 836 4706 dooere
878 4638 961 4705 de
1002 4638 1614 4722 praedestinatione.

364 4724 566 4808 Quod
613 4725 934 4804 ÎŸÎ±á¿‘Ï…á½·Î·Î¹Î¹Îµ,
991 4727 1194 4789 frater
1235 4737 1459 4790 noster
1505 4728 1574 4790 in
1618 4724 1907 4790 Domino
1952 4724 2155 4790 hono-

205 4811 462 4891 randus,
508 4809 719 4876 modis
763 4810 1068 4877 omnibus
1111 4819 1389 4876 conatur
1431 4832 1724 4878 asserere
1758 4811 2010 4895 gratiae
2055 4809 2153 4875 di-

206 4897 387 4963 vinae
446 4897 835 4981 puritatem,
903 4895 1050 4981 quis
1104 4896 1513 4981 vituperaret
1578 4898 1962 4965 institutum
2029 4896 2155 4960 viri

206 4982 544 5050 sanctum?
635 4981 833 5064 Quod
890 4984 1065 5049 idem
1122 4982 1261 5049 suis
1319 4979 1555 5048 alicubi
1610 4984 1844 5050 inserit
1859 5035 1875 5063 â€š
1936 4983 2151 5048 Deum

203 5088 322 5133 non
364 5067 563 5134 modo
607 5069 802 5153 primi
845 5068 1135 5135 hominis
1194 5089 1420 5135 casum
1477 5081 1547 5133 et
1597 5071 1669 5135 in
1723 5088 1801 5135 eo
1858 5079 2150 5152 postero-

207 5173 346 5219 rum
403 5154 668 5219 rninam
729 5154 1133 5239 praevidisse
1147 5206 1165 5234 ,
1223 5154 1337 5221 sed
1395 5153 1665 5222 arbitrio
1722 5175 1976 5239 quoque
2030 5172 2150 5221 suo

205 5236 643 5324 dispensasse:
689 5241 868 5321 item,
913 5262 1078 5325 quos
1130 5242 1200 5307 in
1244 5241 1523 5309 exitium
1575 5241 1824 5308 creavit
1880 5249 1956 5306 ut
2012 5240 2150 5306 irae

208 5346 355 5392 suae
399 5347 653 5412 organa
695 5329 961 5406 fierent,
1026 5350 1137 5394 eos
1190 5337 1267 5394 ut
1325 5328 1392 5394 in
1435 5329 1636 5394 finem
1681 5348 1874 5393 suum
1917 5349 2150 5411 perve-

1975 410 2136 471 1553
2179 407 2463 475 MART.

4083 416 4217 477 490

2258 596 2449 663 uiant
2510 619 2685 666 nunc
2750 597 3058 665 audiendi
3121 601 3307 666 verbi
3385 601 3491 666 sui
3558 599 3866 666 facultate
3929 602 4210 684 privare,

2256 705 2433 751 nunc
2479 685 2623 752 eius
2666 685 3146 768 praedicatione
3202 686 3414 771 magis
3470 705 3822 753 excaecare
3880 697 3947 751 et
3989 688 4215 753 obstu-

2256 769 2555 854 pefacere
2596 781 2750 838 etc.:
2798 773 2945 857 quis
2988 792 3121 836 non
3158 772 3378 837 videat
3419 793 3498 837 ea
3539 793 3615 838 eo
3651 772 3841 838 modo
3885 793 4025 839 esse
4058 794 4213 857 pro-

2264 857 2478 940 posita
2539 865 2618 922 ut
2683 866 2939 923 veteres
3003 878 3080 922 ea
3153 860 3426 923 minime
3490 858 3958 942 agnovissent?
4066 860 4215 944 Ego

2263 951 2442 1007 certe
2476 942 2569 1010 sic
2602 944 2777 1027 loqui
2814 964 2948 1009 non
2985 944 3212 1022 ausim,
3257 952 3483 1027 utpote
3506 944 3621 1027 qui
3655 946 4025 1010 existimem
4061 967 4212 1029 gra-

2263 1029 2398 1092 tiae
2451 1028 2716 1095 divinae
2772 1031 3214 1096 sinceritatem
3271 1028 3528 1095 defendi
3587 1049 3812 1112 posse,
3881 1041 4213 1114 utcunque

2263 1133 2398 1179 non
2443 1114 2737 1180 dicamus
2780 1115 2992 1180 Deum
3048 1115 3381 1181 hominem
3436 1137 3657 1182 creare
3712 1117 3784 1180 in
3826 1116 4100 1181 exitium
4148 1126 4235 1181 etÎ‡

2262 1202 2331 1264 in
2375 1200 2564 1265 illum
2620 1205 2819 1266 finem
2864 1204 3077 1286 ipsum
3125 1200 3442 1267 deducere
3485 1215 3600 1268 aut
3641 1201 3978 1286 impellere
4020 1203 4214 1267 indu-

2264 1285 2470 1352 rando
2516 1297 2631 1352 aut
2674 1288 3103 1353 excaecando.
3190 1287 3466 1352 Interim
3524 1287 3593 1352 in
3654 1288 3981 1354 veteribus
4025 1288 4214 1354 disei-

2264 1373 2594 1438 mulamus
2637 1373 2925 1457 plurima
2966 1383 3235 1457 propter
3270 1374 3534 1458 egregia
3577 1374 3737 1458 ipsis
3783 1372 3951 1438 dona
3995 1395 4032 1438 a
4076 1375 4215 1438 Do.-

2263 1459 2443 1524 mino
2503 1458 2754 1525 collata.
2868 1458 3035 1540 Quis
3092 1466 3311 1525 autem
3369 1461 3613 1525 infitias
3670 1460 3820 1524 ierit
3884 1457 4215 1527 Calvinum

2262 1546 2525 1630 magnis
2570 1566 2612 1610 a
2655 1547 2800 1611 Deo
2842 1555 3150 1610 ornatum
3194 1566 3336 1611 esee
3378 1545 3806 1611 munoribus?
3888 1544 4216 1613 Urserunt

2262 1630 2610 1715 Pelagiani
2650 1633 2940 1717 graviter
2969 1632 3438 1715 Augustinumâ€š
3479 1634 3577 1695 ita
3619 1645 3693 1696 ut
3736 1632 3807 1695 in
3852 1631 3977 1696 hac
4015 1652 4213 1698 causa

2264 1737 2335 1780 se
2378 1718 2767 1802 gravissime
2827 1719 3090 1782 torserit
3141 1727 3209 1782 et
3267 1716 3638 1782 duriuscule
3690 1716 4011 1782 nonnulla
4053 1719 4215 1783 scri-

2268 1805 2417 1868 bere
2454 1803 2754 1868 videatur
2811 1805 2881 1867 in
2934 1802 3122 1867 libris
3182 1801 3262 1867 de
3313 1802 3906 1886 praedestinatione
3957 1813 4214 1869 sancto-

2263 1910 2410 1954 rum
2455 1899 2523 1954 et
2563 1887 2643 1955 de
2687 1888 2853 1956 bono
2896 1889 3454 1973 perseverantiae,
3514 1890 3674 1954 item
3717 1890 3785 1953 in
3832 1888 4016 1954 libris
4058 1909 4214 1954 con-

2262 1983 2370 2039 tra
2412 1975 2767 2040 Iulianum.
2860 1975 3212 2042 Caeterum
3267 1976 3408 2058 ipse
3450 1995 3520 2041 se
3564 1976 3836 2059 exponit
3874 1976 3946 2037 in
3990 1973 4214 2040 libello

2263 2081 2390 2144 quo
2434 2061 2729 2127 articulis
2773 2061 2895 2126 sibi
2949 2062 3112 2127 falso
3170 2061 3493 2144 impositis
3554 2058 3918 2143 respondet.
4010 2060 4213 2144 Lege,

2262 2147 2548 2222 obsecre,
2593 2146 2888 2213 libellum
2931 2148 3132 2213 istum
3176 2148 3291 2229 qui
3333 2156 3552 2212 exstat
3591 2147 3661 2210 in
3705 2145 3986 2212 editione
4021 2146 4216 2212 Basi-

2260 2233 2454 2299 liensi
2500 2233 2681 2298 Tom.
2726 2233 2883 2299 VH.
2924 2232 3037 2322 5â°Â¹Î‡
3086 2238 3229 2297 921.
3318 2232 3514 2297 Vixit
3568 2230 3637 2298 S.
3688 2232 4043 2316 Augustini
4105 2252 4215 2297 ae-

2261 2328 2400 2384 tate
2442 2318 2729 2402 Prosper
2770 2319 2880 2382 vir
2922 2318 3152 2384 doctus
3195 2329 3263 2382 et
3307 2317 3655 2385 excellens.
3745 2317 3814 2383 Is
3858 2328 4003 2401 post
4036 2338 4214 2384 mor-

2260 2413 2395 2470 tem
2442 2404 2522 2470 B.
2570 2405 2929 2489 Augustini
2987 2404 3312 2470 laboravit
3368 2404 3726 2489 plurimum
3786 2413 3861 2469 ut
3915 2412 4216 2494 tueretur

2258 2489 2529 2556 beatum
2573 2490 2923 2568 doctorem,
2967 2511 3053 2554 ne
3089 2490 3423 2556 videretur
3456 2490 3743 2556 absurda
3776 2499 3841 2554 et
3875 2491 4214 2572 scripturis

2260 2576 2592 2642 contraria
2647 2575 2727 2641 de
2782 2574 3376 2659 praedestinatione
3443 2574 3824 2658 disputasse.
3926 2573 4213 2658 Ideoque

2259 2661 2501 2728 librum
2545 2664 2927 2745 conscripsit
2985 2662 3064 2727 de
3121 2663 3464 2727 sententiis
3519 2659 3601 2725 ad
3658 2661 3940 2744 capitula
3983 2660 4214 2725 Gallo-

2245 2769 2404 2826 ,rum
2425 2799 2442 2828 â€š
2500 2749 2656 2813 item
2721 2749 2951 2813 alium:
3006 2749 3523 2832 Responsionem
3587 2746 3668 2812 ad
3725 2754 4032 2829 excerpta
4076 2746 4213 2811 Ge-

2260 2834 2630 2900 nuensium.
2718 2834 2972 2899 Eodem
3018 2832 3279 2900 saeculo
3333 2834 3505 2899 vixit
3561 2842 3630 2897 et
3672 2833 3750 2897 B.
3797 2832 4214 2916 Fulgentius,

2256 2921 2371 3003 qui
2415 2929 2485 2986 et
2518 2921 2656 3003 ipse
2703 2920 2825 2985 hoc
2869 2941 2952 2985 ne
2999 2920 3202 2986 otium
3241 2918 3422 2985 docte
3458 2930 3525 2984 et
3558 2921 3662 3001 pie
3696 2919 4005 2983 tractavit
4048 2918 4217 2983 libro

2258 3004 2341 3071 ad
2386 3005 2759 3071 Monimum
2813 3011 2863 3072 l.
3025 3026 3153 3072 unc
3213 3008 3266 3071 si
3313 3006 3664 3089 diligenter
3719 3004 3782 3068 le
3830 3005 3995 3080 eris,
4056 3023 4213 3102 ages

2255 3091 2441 3172 mihi,
2485 3091 2590 3157 sat
2631 3093 2783 3170 soi0,
2830 3094 3078 3178 gratias
3121 3093 3237 3176 qui
3270 3090 3468 3157 huius
3504 3091 3598 3155 rei
3635 3100 3703 3155 te
3739 3110 3779 3155 a
3822 3110 4211 3154 monuerim.

2428 3177 2611 3245 Satis
2651 3179 2927 3261 copiose,
2973 3179 3219 3261 opinor,
3266 3187 3334 3243 et
3354 3175 3674 3260 copiosius
3707 3173 3971 3259 quidem
4014 3196 4214 3257 quam

2255 3263 2399 3364 ipse
2442 3263 2523 3329 ab
2566 3264 2756 3329 initio
2799 3264 3126 3348 putabam,
3172 3283 3385 3329 meam
3432 3260 3581 3342 tibi,
3642 3262 3849 3329 amice
3902 3260 4218 3326 colendisÎ‡

2256 3369 2441 3429 sime,
2487 3351 2758 3434 exposui
2804 3351 3216 3429 sententiam,
3261 3346 3415 3433 quid
3451 3350 3731 3414 sentiam
3768 3348 3849 3413 de
3883 3347 4217 3432 proposita

2255 3435 2424 3500 mihi
2480 3444 2595 3501 tua
2651 3435 3045 3519 quaestione.
3152 3436 3226 3502 Si
3294 3435 3458 3500 bene
3514 3457 3548 3499 r
3706 3434 3822 3499 ndi
3879 3442 3982 3499 est
4039 3431 4214 3517 quod

2255 3521 2547 3587 Domino
2617 3541 2890 3608 agamus
3084 3524 3222 3587 tias.
3347 3519 3425 3586 si
3496 3520 3610 3604 qui
3721 3521 3792 3584 in
3869 3519 3992 3583 hac
4062 3539 4214 3583 mea

2256 3607 2683 3692 responsione
2727 3607 2849 3673 tibi
2892 3629 2976 3674 ve
3044 3607 3277 3673 falsum
3324 3605 3429 3671 vel
3473 3607 3818 3672 obscurum
3861 3602 4211 3682 videbitur,

2258 3692 2480 3760 doceri
2534 3693 2816 3759 libenter
2870 3695 3179 3760 sustineo.
3281 3692 3623 3758 Hactenus
3678 3691 3855 3763 enim
3873 3741 3887 3767 ,
3960 3701 4035 3756 ut
4087 3688 4213 3754 tibi

2258 3781 2502 3845 eximio
2561 3799 2707 3844 meo
2763 3780 2971 3845 amico
3027 3779 3437 3862 gratificarer
3450 3829 3464 3854 â€š
3522 3776 3686 3843 haec
3729 3776 4016 3842 exaravi.
4104 3776 4211 3841 'I'u

2258 3884 2365 3930 me
2409 3885 2577 3944 ama,
2624 3866 2774 3932 vive
2817 3873 2883 3931 et
2925 3863 3089 3931 vale.
3177 3862 3585 3931 Commenda
3626 3884 3733 3928 me
3774 3862 4213 3929 sacratissimo

2303 3951 2548 4018 raesuli
2605 3950 3067 4018 Cantuariensi
3120 3958 3189 4015 et
3244 3950 3508 4034 optimis
3571 3949 3994 4033 principibus,
4058 3948 4208 4014 duci

2323 4036 2857 4103 orthumbrorum
2912 4046 2980 4101 et
3035 4035 3183 4101 aliis
3222 4038 3566 4101 veritatem
3623 4033 4010 4101 amantibus.
4098 4034 4210 4099 Â¹1â¸5-

2260 4123 2410 4208 guri
2454 4120 2515 4190 d.
2564 4126 2622 4189 3.
2668 4122 2893 4190 Martii
2943 4126 3127 4186 1553.

3045 4348 3451 4357 â€”-â€”â€”..-

3139 4532 3333 4604 lwss.

2303 4685 2657 4756 CALVIN
2702 4686 2901 4755 AUX
2943 4686 3574 4758 PRISONNIERS
3618 4688 3745 4754 DE
3792 4684 4068 4752 LYON.
4096 4684 4150 4771 Â¹)

2431 4859 2860 4927 Consolatione
2902 4865 2960 4925 et
3000 4864 3540 4942 encouraqements.

2254 5033 2589 5105 (Imprimee.
2660 5031 2811 5089 Hm.
2859 5030 2956 5087 des
3007 5030 3286 5102 Martyn,
3340 5032 3403 5086 L.
3437 5030 3552 5097 IVâ€ž
3601 5031 3693 5085 fol.
3741 5027 3846 5082 266
3889 5045 3939 5079 v.
3985 5028 4207 5081 Bonnet

2598 5101 2819 5156 Lettres
2852 5101 2916 5155 fr.
2954 5101 2996 5155 1.
3033 5098 3152 5154 371.
3224 5099 3385 5155 Trad.
3421 5100 3576 5169 Angl.
3614 5098 3681 5154 11.
3715 5095 3861 5161 373.)

2253 5275 2431 5332 1708.
2471 5275 2531 5343 1)
2568 5273 2668 5330 En
2699 5270 2803 5329 tete
2837 5271 2904 5327 de
2938 5272 3244 5329 cettelewre
3277 5271 3605 5327 MAEmet
3636 5285 3675 5322 a
3707 5266 3870 5322 ecrit.-
3906 5268 4033 5321 Aux
4067 5267 4195 5338 cinq

2252 5345 2589 5416 prisonniers
2607 5346 2676 5398 de
2701 5343 2872 5414 Lyon,
2894 5345 3024 5398 c'est
3038 5343 3077 5397 á½°
3093 5342 3234 5412 dire,
3255 5356 3391 5396 sans
3409 5339 3588 5410 doute,
3607 5351 3726 5393 auoe
3759 5336 3887 5408 cinq
3917 5334 4197 5394 mimas
