4900 6167
680 435 805 497 579

668 621 861 688 venit
902 618 985 685 ad
1020 639 1141 685 uos
1182 616 1523 684 Bolsetus‘
1542 622 1598 691 ³)
1643 619 1757 702 qui
1801 619 2025 684 statim
2070 618 2176 685 his
2230 616 2454 685 verbis
2497 617 2632 683 Bo·

669 707 896 773 &num
922 704 1297 788 alloquutus
1318 712 1447 770 est:
1495 701 1572 770 Si
1606 704 1741 769 iam
1776 724 1816 768 a
1851 712 2143 788 tempore
2177 703 2394 788 aliquo
2415 712 2632 770 trans-

670 794 961 859 iveasses
975 794 1011 828 ὓ
1052 792 1125 855 in
1168 788 1481 855 ditionem
1527 790 1967 856 Dominorum
2010 790 2373 856 Bernatum
2388 840 2407 869 ,
2450 809 2631 855 nunc

669 886 736 944 te
788 878 859 942 in
919 877 1043 943 hoc
1104 874 1341 960 oppido
1397 874 1880 943 collocaremus,
1979 875 2167 941 Nihil
2224 875 2476 942 Bolseto
2526 896 2629 941 re·

668 963 925 1048 spondi,
971 962 1086 1028 sed
1129 983 1206 1028 eo
1247 962 1514 1028 absente
1556 961 1810 1029 Bodino
1854 962 2021 1028 dixii
2065 958 2246 1043 Quid
2289 960 2396 1028 hic
2431 960 2632 1028 habet

667 1050 835 1117 iuris
886 1050 959 1113 in
1013 1048 1136 1114 hac
1201 1069 1274 1113 re
1328 1056 1402 1113 ut
1456 1068 1599 1113 sese
1655 1048 2102 1114 intermisceat
2155 1048 2332 1113 inter
2386 1068 2500 1113 eos
2544 1046 2629 1112 ad

668 1156 833 1219 quos
881 1141 1131 1218 spectat
1177 1134 1465 1199 ministri
1509 1133 1993 1200 Thononiensis
2040 1132 2269 1200 electio
2283 1132 2315 1194 Ρ
2380 1130 2627 1199 Addidi

668 1228 1010 1305 praeterea
1051 1217 1207 1304 quid
1241 1219 1370 1285 sit?
1417 1240 1503 1284 an
1544 1220 1808 1304 penitus
1843 1221 1968 1285 sim
2011 1240 2133 1306 ego
2177 1240 2219 1284 a
2259 1218 2629 1285 ministerio

670 1304 977 1373 exclusus
990 1305 1023 1369 ⁴?
1125 1304 1589 1390 Intelligebam
1631 1326 1739 1370 me
1793 1305 2017 1372 forsan
2074 1306 2627 1371 transmutatione

666 1413 859 1477 posse
903 1392 975 1456 in
1020 1411 1177 1475 agro
1223 1391 1501 1469 restitui,
1546 1391 1669 1456 hac
1712 1390 1823 1456 vel
1866 1392 1936 1457 in
1981 1391 2110 1456 alia
2148 1389 2356 1457 classe
2399 1399 2477 1456 ut
2518 1412 2626 1456 me

666 1478 740 1543 in
785 1497 968 1561 spem
1012 1476 1335 1544 vocabant
1358 1476 1683 1544 Dominus
1704 1476 2088 1544 Praefectus
2132 1486 2357 1542 noster
2399 1485 2467 1542 et
2498 1476 2624 1541 mi-

664 1565 859 1630 nistri
922 1584 1149 1629 omnes
1213 1563 1350 1628 fere
1368 1614 1383 1640 ,
1449 1570 1718 1647 propter
1781 1562 2307 1629 circumstantias
2372 1564 2624 1646 peccati

660 1650 795 1715 mei
811 1699 829 1729 ,
883 1648 1058 1732 quod
1100 1648 1495 1714 adulterium
1540 1669 1674 1713 non
1717 1648 2204 1715 commisissem.
2294 1648 2388 1713 At
2421 1668 2623 1731 quum

664 1735 857 1800 aliter
900 1757 940 1800 a
982 1733 1386 1818 principibus
1427 1734 1786 1800 iudicatum
1831 1734 1936 1812 sit,
1996 1732 2225 1800 volens
2268 1755 2344 1801 ac
2384 1734 2624 1800 lubens

666 1841 897 1887 eorum
939 1821 1304 1886 sententiae
1347 1820 1682 1887 subscribo
1696 1872 1714 1900 ,
1769 1839 1975 1903 aequo
2019 1831 2088 1885 et
2128 1819 2357 1886 libenti
2403 1821 2623 1885 animo

661 1908 884 1973 ferens
927 1926 1093 1988 quae
1136 1907 1209 1970 in
1256 1925 1363 1971 me
1408 1906 1713 1988 exempla
1767 1905 2053 1971 eduntur
2105 1906 2177 1970 in
2235 1904 2620 1990 disciplinae

663 1992 1136 2059 ecclesiasticae
1178 1990 1739 2058 instaurationem.
1804 1991 2147 2075 Principes
2182 1991 2312 2056 adii
2357 1992 2514 2075 quia
2546 1990 2620 2057 in

657 2099 776 2144 suo
820 2077 1204 2145 consistorio
1248 2098 1384 2142 non
1427 2086 1570 2142 erat
1611 2078 1748 2143 lata
1790 2079 2134 2156 sententia,
2195 2076 2309 2143 sed
2352 2075 2618 2143 auditus

654 2164 972 2230 remissus
1006 2184 1155 2228 sum
1191 2161 1275 2228 ad
1309 2172 1613 2229 senatum
1649 2183 1801 2229 cum
1840 2163 2153 2246 praefecti
2186 2163 2415 2228 literis.
2483 2162 2619 2228 Ne-

652 2249 823 2315 mini
865 2269 1217 2315 succenseo
1258 2248 1339 2313 ob
1383 2247 1712 2314 detectum
1747 2268 1970 2314 meum
2006 2258 2364 2332 peccatum,
2411 2269 2616 2332 quum

652 2335 937 2421 ipsemet
989 2334 1169 2400 viam
1246 2332 1430 2399 illam
1486 2335 1669 2418 sequi
1725 2334 2052 2400 noluerim
2109 2355 2243 2418 qua
2297 2335 2619 2418 potuisset

653 2420 766 2488 vel
829 2441 977 2487 cum
1043 2418 1377 2487 levissima
1425 2420 1677 2486 offensa
1733 2420 2045 2488 occultari
2062 2470 2078 2498 ,
2149 2441 2361 2504 nequo
2415 2440 2456 2485 o
2541 2439 2616 2485 ra

651 2506 1006 2590 impiorum
1059 2506 1159 2571 uti
1220 2505 1426 2584 volui,
1483 2527 1609 2590 neq
1617 2526 1697 2572 ue
1754 2505 1838 2571 ad
1891 2513 2107 2574 castra
2161 2526 2392 2572 eorum
2497 2506 2613 2572 efi-

651 2592 839 2671 ciam,
883 2592 1098 2675 potius
1140 2600 1410 2675 paratus
1453 2592 1762 2659 continuo
1817 2591 2245 2677 ignominiam
2305 2611 2381 2658 ac
2424 2612 2611 2677 eges-

652 2685 858 2743 tatem
917 2697 1241 2742 summam
1305 2678 1447 2760 pati
1505 2698 1700 2761 quam
1761 2698 1988 2743 eorum
2047 2676 2150 2743 vel
2206 2677 2453 2743 auxilio
2510 2677 2610 2742 uti

650 2764 758 2830 vel
804 2762 1092 2840 consilio,
1140 2761 1254 2828 sed
1299 2763 1442 2828 Deo
1482 2784 1592 2829 me
1633 2763 1903 2828 omnino
1940 2764 2328 2831 submittere
2371 2764 2610 2829 consti-

650 2850 768 2915 tui.
859 2849 954 2915 Te
996 2850 1269 2928 interea,
1313 2851 1417 2915 vir
1450 2849 1886 2931 ornatissime,
1933 2850 2199 2933 piosque
2235 2870 2464 2915 omnes
2507 2870 2608 2916 ec-

651 2935 887 3003 clesiae
942 2944 1240 3018 pastores
1299 2955 1441 3014 oro,
1500 2956 1606 3001 me
1665 2947 1744 3001 ut
1794 2936 2099 3020 precibus
2154 2935 2376 3001 velitis
2431 2933 2606 3019 apud

647 3022 871 3089 Deum
914 3019 1227 3088 adiuvare
1243 3072 1258 3098 ,
1316 3021 1479 3086 mihi
1536 3030 1612 3087 ut
1654 3023 1869 3106 gratia
1912 3042 2034 3087 sua
2079 3020 2250 3086 adsit
2294 3022 2606 3086 extremis

645 3108 719 3173 in
761 3106 952 3173 malis
994 3109 1179 3174 meis.
1247 3106 1432 3173 Bene
1476 3108 1623 3173 vale
1658 3108 1731 3172 in
1771 3107 2041 3173 Christo
2084 3113 2419 3174 servatore
2451 3127 2607 3173 nos-

646 3202 769 3260 tro.
861 3192 1188 3259 Thononii
1233 3197 1334 3260 25.
1381 3193 1539 3259 Iulii
1588 3197 1772 3259 1553.

1622 3330 1999 3398 Ioachimus
2042 3329 2430 3414 Oognacius.

1402 3624 1813 3633 .-———.-————-—-

1534 3859 1721 3929 1765.

1142 4012 1614 4083 OALVINUS
1658 4012 1760 4080 IN
1762 4011 2089 4082 OER'PO.

825 4187 1066 4271 Nempe
1106 4185 1358 4252 cuidam
1398 4185 1510 4266 qui
1546 4184 1862 4251 Genavam
1901 4203 1969 4251 se
2008 4160 2287 4266 conferre
2324 4184 2608 4252 voluerat

649 4280 706 4342 et
746 4276 883 4341 iam
923 4272 1258 4340 eonsilium
1297 4276 1571 4336 mutasse
1610 4271 1872 4336 videtur.
1959 4268 2089 4336 Hic
2130 4268 2491 4356 reliyiomm
2531 4273 2603 4338 in

645 4381 845 4429 msa
884 4359 1106 4443 fuisse,
1150 4376 1276 4423 non
1317 4360 1407 4421 ed
1447 4355 1610 4437 quod
1648 4357 1904 4423 mites.

653 4534 767 4596 (Ex
802 4531 1063 4586 thesauro
1096 4528 1313 4583 Bezano
1348 4526 1554 4582 Genev.
1632 4566 1645 4579 .
1683 4526 1798 4594 106,
1846 4527 2008 4582 Laus.
2087 4570 2098 4581 .
2134 4525 2254 4594 257,
2298 4529 2513 4584 Hanov.
2548 4546 2604 4601 p.

1099 4594 1220 4665 288,
1255 4595 1466 4651 Ohouet
1499 4612 1553 4668 p.
1591 4543 1709 4659 3⁹43,
1742 4598 1914 4651 Amst.
1950 4614 2003 4667 p.
2040 4544 2151 4665 εὖ.)

825 4768 1043 4837 Citius
1105 4789 1285 4834 eram
1357 4768 1718 4852 scripturus
1781 4767 1908 4833 nisi
1965 4788 2071 4834 me
2138 4789 2288 4853 spes
2353 4767 2604 4835 adven-

658 4866 767 4925 tus
832 4855 966 4936 tui,
1067 4875 1220 4922 uam
1265 4853 1494 4921 literae
1552 4864 1703 4919 tuae
1755 4854 2073 4933 fecerant,
2140 4854 2463 4922 hactenus
2506 4862 2603 4921 te-

658 4942 928 5008 nuisset.
1083 4961 1213 5007 unc
1256 4939 1517 5024 longior
1571 4960 1759 5006 mora
1814 4939 1925 5006 vel
1977 4949 2306 5006 mutatum
2360 4940 2480 5007 abs
2535 4948 2604 5006 te

660 5028 1007 5095 consilium
1048 5048 1191 5094 esse
1235 5027 1453 5110 arguit
1471 5077 1486 5104 ,
1543 5024 1651 5091 vel
1705 5024 1949 5108 aliquid
2004 5025 2174 5110 quod
2226 5026 2613 5109 profectioni

658 5122 818 5181 tuae
859 5113 1200 5193 obstiterit,
1247 5110 1575 5180 accidisse.
1663 5111 1883 5196 Atque
1925 5110 2046 5178 hoc
2088 5111 2349 5196 quidem
2391 5120 2611 5198 poste-

658 5270 843 5277 ·———
866 5271 1069 5278 --...—.-

864 5350 924 5419 3)
961 5354 1061 5422 qui
1090 5369 1219 5422 erqo
1252 5368 1420 5423 usque
1464 5350 1700 5406 Tononii
1732 5365 1834 5405 Μ
1868 5350 2097 5407 habebat
2129 5358 2331 5410 eastra.

2185 428 2714 497 EPISTOLAE
2763 432 2792 492 1
2802 431 3048 493 764-1
3060 430 3181 493 767

4548 438 4653 503 580

2737 615 2877 683 rius
2918 616 3208 696 mallem,
3248 615 3439 682 modo
3483 638 3568 683 ne
3620 616 3778 702 quid
3835 618 4022 684 triste
4076 618 4166 682 sit
4207 624 4276 683 et
4315 617 4656 703 adversum,

2738 701 2974 769 deinde
3017 724 3149 768 non
3193 701 3324 769 nisi
3367 702 3451 768 ad
3496 702 3694 770 breve
3739 710 4000 786 tempus
4042 711 4108 768 te
4149 703 4473 787 impediat.
4539 707 4655 774 Ve-

2735 810 2886 854 rum
2929 788 3101 874 quod
3142 787 3387 853 nollem
3428 809 3633 873 prope
3689 789 4008 874 suspicari
4063 810 4260 873 cogor
4273 842 4289 869 ,
4349 812 4475 855 uon
4514 813 4656 859 eun-

2735 872 2886 940 dem
2921 875 3035 958 qui
3069 881 3227 941 tunc
3261 875 3405 951 fuit,
3442 874 3638 940 hodie
3671 876 3793 941 tibi
3827 896 4096 941 manere
4132 875 4438 940 animum.
4481 877 4659 962 Equi-

2735 958 2885 1025 dem
2930 961 3039 1026 hic
3080 960 3221 1027 falli
3278 961 3500 1043 cupio:
3555 969 3620 1027 et
3675 962 3732 1027 si
3791 963 3888 1026 ita
3930 969 4060 1041 est,
4121 981 4410 1027 errorem
4458 984 4656 1031 meum

2734 1046 3064 1130 extemplo
3108 1045 3405 1113 refellere
3448 1046 3516 1112 in
3562 1055 3676 1113 tua
3717 1055 4039 1130 potestate
4083 1058 4214 1113 est:
4259 1047 4428 1130 quod
4469 1058 4537 1113 ut
4573 1051 4659 1114 fa-

2733 1132 2868 1199 cias
2909 1132 3341 1199 vehementer
3382 1153 3558 1216 rogo.
3649 1131 3726 1198 si
3779 1134 3900 1199 tibi
3954 1132 4197 1199 factam
4256 1155 4296 1198 a
4354 1154 4456 1199 me
4505 1136 4658 1201 iniu-

2732 1219 2898 1284 riam
2935 1219 3249 1303 queraris,
3288 1238 3412 1303 ego
3446 1218 3729 1284 libenter
3752 1219 4010 1303 culpam
4035 1218 4447 1302 deprecabor:
4468 1219 4592 1286 'aut
4610 1223 4658 1287 si

2732 1302 3006 1389 rigidior
3047 1305 3268 1383 fueris,
3313 1325 3592 1387 poenam
3628 1325 3826 1388 quam
3871 1313 4118 1371 statues
4159 1305 4345 1371 luere
4383 1326 4510 1372 nou
4557 1307 4658 1372 ab·

2730 1411 2949 1456 nuam.
3018 1388 3248 1456 Solum
3294 1389 3583 1456 adventu
3625 1400 3738 1455 tuo
3777 1411 3943 1474 quae
3987 1410 4108 1457 nos
4153 1391 4368 1456 adhuc
4409 1396 4660 1475 suspen·

2731 1496 2836 1542 sos
2879 1485 3080 1554 tenet,
3126 1474 3596 1541 dubitationem
3633 1478 3864 1542 exime.
3955 1476 4092 1542 Nec
4134 1497 4292 1541 vero
4347 1498 4452 1543 me
4506 1478 4660 1562 fugit

2729 1582 2923 1644 quam
2960 1562 3172 1628 multa
3203 1562 3350 1629 istic
3383 1560 3671 1645 quotidie
3706 1562 3832 1629 dici
3868 1561 4124 1629 soleant
4157 1561 4240 1628 ad
4281 1562 4662 1630 turbandum

2730 1647 2902 1731 quod
2963 1668 3270 1731 coeperas
3328 1647 3709 1714 consilium:
3783 1669 3980 1732 quam
4036 1648 4246 1714 multa
4302 1650 4501 1714 etiam
4550 1650 4660 1715 tibi

2728 1732 2904 1799 ultro
2947 1737 3174 1799 venire
3218 1735 3287 1798 in
3332 1743 3619 1799 mentem
3664 1735 4017 1817 potuerint.
4104 1735 4360 1800 Verum
4419 1735 4476 1799 si
4531 1756 4662 1800 meo

2727 1818 3016 1898 consilio,
3063 1828 3180 1885 aut
3222 1819 3456 1886 saltem
3516 1819 3821 1903 precibus
3876 1819 4286 1904 obtemperas
4305 1872 4321 1899 ,
4377 1819 4509 1886 duo
4560 1822 4664 1887 abs

2723 1912 2792 1969 te
2833 1906 2926 1969 im
3011 1914 3188 1971 trare
3229 1906 3446 1984 velim,
3503 1927 3586 1971 ne
3630 1914 3693 1970 te
3738 1927 4062 1971 vanorum
4103 1906 4450 1972 hominum
4492 1904 4664 1971 blan·

2725 1989 2904 2055 ditiis
2973 1990 3321 2058 actandum
3371 1991 3681 2073 praebeas
3698 2043 3713 2070 ,
3773 1991 3889 2057 sed
3931 1993 4147 2076 potius
4188 1992 4258 2056 in
4299 2000 4367 2058 te
4412 1992 4664 2059 descen·

2725 2074 2888 2142 dens
2946 2078 3414 2143 conscientiam
3477 2078 3655 2142 intus
3721 2078 4052 2160 propriam
4115 2099 4307 2163 roges
4365 2077 4662 2162 quidnam

2722 2160 2902 2227 factu
2946 2164 3037 2228 sit
3078 2184 3257 2247 opus.
3347 2160 3607 2229 Deinde
3672 2184 3755 2228 ne
3798 2163 4002 2229 alium
4062 2164 4182 2229 tibi
4237 2162 4526 2230 iudicem
4567 2163 4663 2229 vel

2723 2248 3042 2314 arbitrum
3085 2258 3354 2327 statuas,
3411 2268 3611 2332 quam
3653 2249 3874 2315 Deum
3916 2249 4153 2333 ipsum.
4239 2248 4458 2316 Video
4503 2250 4664 2314 enim

2721 2353 2882 2417 quas
2944 2335 3070 2400 sibi
3131 2333 3389 2400 delitias
3445 2334 3691 2400 faciant
3744 2334 4095 2419 permulti,
4156 2354 4234 2401 ac
4283 2336 4666 2418 praesertim

2719 2419 2967 2485 ordinis
3022 2421 3118 2486 tui
3173 2421 3493 2486 homines.
3585 2418 3976 2504 Quanquam
4032 2428 4251 2486 autem
4301 2442 4390 2486 ex
4448 2442 4665 2487 eorum

2716 2525 2992 2572 numero
3035 2515 3102 2572 te
3147 2528 3287 2573 esse
3332 2527 3463 2571 nou
3508 2506 3792 2572 arbitror
3807 2557 3823 2585 ‚
3890 2507 4004 2590 qui
4064 2507 4201 2572 suis
4245 2506 4493 2573 delitiis
4537 2507 4664 2572 ine-

2717 2590 2912 2655 briati
2957 2611 3186 2658 secure
3230 2592 3352 2659 sibi
3395 2591 3761 2676 indulgent,
3806 2613 3937 2658 non
3982 2590 4245 2660 videtur
4286 2599 4522 2659 tamen
4564 2615 4665 2659 su-

2714 2696 3046 2760 pervacua
3104 2680 3377 2744 monitio
3394 2729 3410 2755 ,
3476 2698 3566 2743 ne
3620 2678 3785 2743 forte
3843 2699 3961 2762 per
4011 2680 4336 2747 incuriam
4403 2679 4668 2763 obrepat

2713 2771 2954 2846 torpor,
2999 2771 3078 2829 ut
3119 2766 3333 2830 acrius
3375 2763 3496 2831 tibi
3541 2772 3608 2828 et
3649 2766 3946 2830 severius
3988 2765 4213 2831 instes.
4303 2763 4510 2847 Quod
4550 2786 4668 2830 nu-

2711 2869 2831 2932 per
2871 2849 3229 2916 multorum
3269 2850 3470 2915 animi
3514 2870 3630 2933 spe
3665 2850 3882 2916 nescio
3918 2872 4045 2933 qua
4079 2853 4277 2917 erecti
4313 2860 4497 2927 sunt,
4543 2851 4668 2916 uti·

2711 2955 2870 3000 nam
2912 2936 3105 3001 firma
3148 2943 3323 3002 esset
3363 2935 3564 3001 ratio!
3613 2934 3691 3001 Si
3734 2956 3895 3018 quos
3940 2937 4125 3003 iuvat
4166 2936 4387 3003 multa
4433 2937 4560 3003 sibi
4594 2935 4670 3001 de

2711 3019 2922 3085 nihilo
2964 3021 3350 3106 promittere
3363 3072 3380 3100 ,
3440 3021 3806 3087 voluntario
3853 3043 4079 3088 eorum
4133 3022 4341 3089 errori
4391 3043 4528 3089 non
4571 3024 4668 3087 in-

2709 3105 2919 3173 video.
2987 3107 3136 3175 'ribi
3171 3127 3327 3174 vero
3362 3107 3704 3187 denuncio,
3749 3107 3882 3175 nisi
3917 3116 4149 3192 sponte
4182 3108 4321 3174 falli
4363 3109 4496 3189 vis,
4539 3128 4669 3173 non

2710 3210 2853 3258 esse
2895 3214 3013 3259 cur
3054 3194 3183 3260 ista
3224 3201 3469 3259 temere
3512 3194 3757 3277 passim
3798 3204 4115 3277 concepta
4158 3195 4384 3278 opinio
4428 3206 4498 3261 te
4540 3215 4670 3259 mo-

2709 3288 2908 3343 retur.
2996 3277 3141 3344 Iam
3186 3281 3241 3346 si
3285 3278 3617 3364 migrandi
3660 3287 3922 3363 tempus
3979 3280 4276 3347 nondum
4329 3301 4489 3349 esse
4531 3301 4667 3346 ma-

2708 3370 2930 3428 turum
2976 3372 3188 3447 putas,
3235 3365 3469 3432 saltem
3504 3385 3799 3431 mensem
3836 3387 4041 3432 unum
4076 3386 4205 3451 quo
4235 3387 4359 3433 nos
4397 3369 4666 3443 invisas,

2706 3447 2913 3515 furari
2955 3450 3123 3516 licet.
3211 3451 3410 3518 Oerte
3450 3459 3743 3535 praestat
3783 3452 3984 3519 semel
4028 3472 4249 3519 coram
4293 3452 4375 3517 in
4421 3472 4666 3519 sermo-

2707 3555 2859 3601 nem
2916 3537 3146 3602 venire
3161 3588 3177 3616 ,
3237 3539 3433 3621 quam
3490 3538 3740 3621 agitare
3789 3558 3908 3619 per
3962 3537 4189 3604 literas
4207 3589 4223 3617 ,
4279 3537 4367 3603 de
4431 3539 4668 3622 quibus

2707 3621 2825 3687 vix
2858 3641 3148 3708 unquam
3183 3621 3384 3708 probe
3419 3622 3905 3707 disceptabitur,
3950 3621 4155 3690 donec
4189 3625 4258 3688 in
4295 3645 4447 3691 rem
4485 3645 4666 3709 prae·

2707 3715 2958 3773 sentem
3003 3720 3273 3775 ventum
3319 3708 3531 3775 fuerit.
3620 3706 3839 3774 Simul
3881 3719 4102 3775 tamen
4143 3711 4560 3789 memineris,
4620 3709 4673 3774 si

2707 3793 3039 3860 alimentis
3081 3804 3338 3860 mature
3373 3795 3788 3879 prospicitur,
3825 3804 3893 3863 et
3927 3793 4150 3861 damni
4183 3796 4420 3862 infecti
4458 3797 4674 3863 cautio

2706 3899 2959 3944 moram
3001 3880 3252 3947 nullam
3297 3879 3619 3956 admittit,
3677 3881 3899 3946 minus
3955 3901 4100 3948 esse
4151 3882 4224 3946 in
4279 3881 4418 3949 hac
4478 3901 4675 3950 causa

2706 3967 3339 4050 procrastinandum.
3428 3964 3630 4043 Vale,
3685 3967 3925 4032 eximie
3979 3968 4083 4033 vir
4126 3975 4193 4033 et
4247 3968 4422 4033 mihi
4468 3967 4672 4052 pluri-

2706 4071 2892 4117 mum
2935 4051 3333 4119 honorande.
3421 4052 3749 4119 Dominus
3792 4051 3912 4119 tibi
3969 4074 4227 4138 semper
4269 4053 4483 4134 adsit,
4544 4053 4674 4137 spi-

2705 4137 2843 4203 ritu
2886 4138 3275 4223 prudentiae
3318 4148 3385 4204 et
3425 4137 3830 4204 fortitudinis
3872 4145 3940 4204 te
3981 4139 4305 4226 gubernet
4320 4190 4337 4218 ,
4401 4159 4672 4226 gressus

2707 4230 2858 4289 tuos
3084 4233 3115 4289 t
3166 4226 3237 4289 iu
3294 4224 3573 4310 gloriam
3638 4225 3923 4290 nominis
3987 4226 4108 4291 sui.
4218 4228 4471 4293 Amen.
4539 4226 4671 4309 viij.

2710 4307 2979 4376 Galend.
3027 4310 3300 4396 August.
3352 4314 3534 4376 1553.

3594 4754 3780 4826 176⁶.

3103 4918 3126 4937 ⁴
3200 4910 3698 4980 PARELLUS
3742 4909 4178 4978 GALVINO.

2882 5081 3038 5165 Ayit
3094 5082 3172 5148 de
3232 5082 3484 5150 consino
3554 5078 3810 5150 Calvini
3873 5101 4076 5166 nuper
4140 5082 4679 5153 Neocomensibue

2711 5166 2920 5243 misso,
2967 5167 3274 5235 iudicium
3307 5169 3429 5252 fert
3469 5171 3544 5237 de
3589 5166 3916 5244 Libertate,
3971 5169 4162 5235 amici
4204 5171 4282 5236 de
4317 5173 4678 5255 semetipso,

2710 5253 2773 5319 si
2813 5253 2969 5334 quid
3009 5256 3071 5320 is
3110 5253 3431 5333 desideret,
3476 5257 3829 5338 opinionem
3860 5254 4048 5320 bibere
4075 5277 4166 5338 pr
4551 5256 4681 5324 sibu·

2714 5339 2961 5421 expetit,
3001 5341 3264 5424 denique
3303 5340 3605 5408 nonnulla
3649 5340 3834 5423 affert
3865 5341 3939 5406 de
3981 5339 4239 5409 Bolseoo
4279 5349 4336 5410 et
4379 5343 4567 5411 alins.
