4900 6167
262 425 358 485 269

257 617 507 676 maret
555 608 872 689 impostor
922 627 1041 674 vos
1093 608 1217 672 sibi
1273 606 1638 689 implicare,
1709 606 1963 673 deteeta
2015 607 2155 674 eius

255 693 444 760 stende
506 692 908 776 proterviam
981 700 1245 758 strenue
1308 693 1837 776 eompeseuimus,
1949 691 2156 758 Cuius

255 780 328 845 rei
357 776 671 843 Senatum
714 785 1013 843 nostrum
1056 777 1371 843 habemns
1411 776 1992 860 locupletissimum
2028 787 2155 843 tes-

254 877 372 930 tem.
452 863 548 927 Et
588 884 793 947 quum
836 864 905 927 in
948 863 1253 928 exsilium
1295 863 1540 928 eiectus
1580 870 1714 940 est,
1772 862 2029 945 publioe
2071 883 2154 927 ex

251 951 462 1016 solenni
506 970 689 1015 more
728 949 1236 1032 pronunciatum
1291 968 1374 1014 ex
1424 948 1668 1031 scripto
1709 948 1833 1013 fuit
1847 996 1863 1024 ,
1916 948 2157 1013 iudicia

251 1035 663 1114 ecelesiarum,
722 1034 957 1118 quibus
1011 1039 1340 1101 staturum
1395 1055 1467 1100 se
1509 1042 1871 1116 reoeperat,
1930 1042 2155 1099 eontu-

250 1122 490 1187 maeiter
530 1120 874 1204 sprevisse
963 1117 1227 1187 Scribat
1271 1117 1590 1185 Falleeius
1648 1119 1978 1184 hominem
2019 1140 2155 1184 non

249 1228 363 1273 esse
399 1206 645 1272 malum
663 1257 679 1283 ,
732 1213 803 1270 et
841 1206 914 1269 in
956 1207 1240 1290 gratiam
1280 1206 1486 1290 ignoti
1531 1203 1873 1271 nebulonis
1914 1204 2154 1270 famam

249 1314 400 1358 suam
464 1290 750 1357 ludibrio
808 1293 1174 1374 prostituat.
1199 1292 1253 1372 ⁸)
1360 1289 1558 1355 Brevi
1638 1290 1882 1355 maiore
1958 1310 2154 1372 quam

248 1378 531 1443 vellemus
572 1375 882 1443 eeclesiae
916 1374 1153 1442 damno
1192 1377 1515 1442 oonstabit
1554 1395 1750 1459 quam
1785 1376 1983 1441 noxia
2014 1376 2155 1440 fue-

246 1465 313 1527 rit
347 1465 566 1546 pestis.
654 1462 720 1527 N
720 1483 826 1527 am
870 1461 1002 1527 alia
1043 1483 1294 1545 quoqne
1337 1482 1627 1527 errorum
1672 1469 1966 1527 monstra
2004 1480 2154 1526 eum

245 1549 389 1612 alere
439 1548 628 1613 multi
693 1558 851 1613 sunt
904 1547 1122 1612 idonei
1178 1556 1379 1613 testes
1435 1548 1631 1613 etiam
1675 1549 1744 1611 in
1788 1567 1946 1631 agro
1989 1546 2153 1611 Ber-

243 1635 420 1698 nensi.
441 1637 496 1708 ⁴)
582 1634 675 1698 Et
715 1654 892 1699 nune
936 1654 1138 1717 quum
1179 1633 1378 1698 fidem
1436 1642 1718 1698 vestram
1773 1639 1997 1714 aperte
2039 1651 2152 1715 op-

242 1729 464 1870 ffigm'ffi‘
493 1718 728 1869 memmi
732 1717 1937 1888 „ffimgifflfflssffiitffoesss
1960 1716 2154 1868 353:

240 1901 293 1954 et
326 1889 651 1973 simplioes
694 1891 1089 1956 abuteretur.
1179 1889 1319 1954 Vos
1362 1899 1581 1954 autem
1635 1898 1702 1953 et
1743 1890 1947 1953 amioe
1995 1908 2154 1972 erga

240 1996 353 2053 nos,
396 1986 471 2040 ut
508 1976 748 2041 fratres
792 1973 1058 2040 decebat
1072 2027 1087 2050 ,
1144 1973 1313 2057 quod
1358 1994 1737 2057 responsum
1784 1973 2150 2049 distulistis,

238 2082 419 2145 usqne
460 2060 613 2127 dum
658 2061 815 2126 faofi
857 2061 1084 2126 essetis
1129 2060 1210 2124 de
1262 2070 1402 2125 tota
1448 2080 1519 2124 re
1562 2060 1898 2126 oertiores:
1954 2067 2152 2141 atque

240 2161 296 2211 ut
347 2157 565 2213 vestra
625 2146 976 2230 prudentia
1036 2145 1307 2231 dignum
1372 2155 1544 2222 erat,
1621 2145 1783 2210 soite
1847 2155 1913 2210 et
1974 2153 2152 2211 reete

240 2233 383 2316 qnod
429 2232 615 2316 impii
650 2241 719 2297 et
760 2231 990 2314 perfidi
1045 2231 1387 2296 nebulonis
1431 2230 1673 2296 astutia
1713 2250 1830 2295 vos
1871 2231 2149 2295 oireum-

240 2321 423 2384 veniri
488 2321 662 2402 passi
726 2338 856 2383 non
927 2318 1101 2382 estis.
1186 2317 1279 2383 Ut
1336 2322 1558 2381 vestra
1610 2314 1964 2381 moderatio
2018 2336 2149 2381 non

238 2405 473 2489 vulgari
516 2404 707 2470 laude
764 2403 964 2488 digna
1007 2411 1128 2468 est:
1186 2405 1279 2467 ita
1335 2421 1452 2467 vos
1496 2403 1635 2466 eius
1676 2402 1958 2466 frustum
2001 2422 2150 2466 sen-

239 2511 402 2556 suros
442 2509 798 2574 speramus.
887 2489 1021 2553 Pro
1073 2490 1225 2564 ista,
1282 2507 1411 2570 qua
1465 2507 1622 2573 erga
1674 2507 1795 2552 nos
1850 2487 1952 2552 usi
1993 2487 2150 2552 estis

237 2574 644 2653 humanitate,
690 2596 821 2640 non
866 2573 1169 2659 vulgares
1211 2572 1527 2639 habemus
1565 2573 1829 2657 gratias.
1892 2571 2147 2649 Valete,

239 2662 439 2726 eximii
482 2661 631 2738 viri,
679 2670 745 2725 et
782 2660 1019 2725 fratres
1061 2661 1246 2725 nobis
1289 2681 1373 2725 ex
1415 2659 1634 2724 animo
1676 2658 1945 2724 oolendi.
2011 2655 2147 2721 Do·

238 2747 435 2895 iginus
477 2767 593 2813 vos
636 2766 786 2811 oum
842 2745 1108 2811 eeclesia
1150 2753 1371 2811 vestra
1425 2754 1765 2811 oonservet
1820 2764 1896 2810 ae
1953 2742 2147 2808 bene-

278 2832 406 2898 ‘eat
428 2835 485 2910 ⁵)

1092 3255 1281 3325 15⁹4.

710 3410 1188 3480 SULZERUS
1225 3408 1657 3477 CALVINO.

276 3670 285 3680 ι
391 3584 810 3682 Commendat·
858 3585 1125 3667 leyatnm
1190 3580 1787 3682 Maqdeburyeneem
1848 3580 2151 3677 qm‘yro

236 3669 1061 3750 msuieadmopoam
1094 3667 1838 3748 redaoeaeapudexteros
1869 3664 2151 3746 oolznyore

236 3754 1055 3838 mamsubkoemr.

522 3929 632 3990 (Ex
669 3924 1005 3995 autographo
1039 3925 1167 3980 cod.
1206 3925 1406 3977 Genev.
1444 3921 1559 3986 112,
1595 3923 1685 3976 fol.
1721 3919 1835 3988 83.)

239 4097 384 4163 Viro
424 4098 982 4182 praestantissimo
1025 4098 1109 4161 D.
1156 4096 1241 4159 Io.
1266 4093 1543 4161 Calvino
1586 4093 1889 4158 ecelesiae
1932 4091 2147 4156 Gene-

356 4185 560 4250 vensis
602 4183 881 4248 antistiti
924 4192 1196 4265 patrono
1239 4201 1356 4245 suo
1398 4177 2005 4244 observandissime.

391 4321 456 4387 S.
522 4320 708 4385 Nihil
764 4330 866 4384 est
921 4340 1110 4402 opus,
1176 4315 1432 4384 Calvino
1484 4316 1688 4379 frater
1743 4315 1816 4378 in
1861 4312 2148 4377 Domino

218 4406 604 4489 ,veneranda
645 4427 791 4469 eum
838 4405 1165 4469 hominem
1207 4423 1478 4485 eamque
1521 4420 1779 4465 eausam
1824 4418 2149 4463 eommen-

243 4489 379 4556 dare
416 4491 553 4568 tibi,
597 4513 763 4575 quae
805 4513 921 4573 per
964 4510 1034 4554 se
1076 4490 1217 4569 ipsa
1259 4490 1418 4553 satis
1463 4485 1900 4570 adprobantur
1942 4482 2149 4547 omni-

244 4577 349 4641 bus
377 4580 480 4662 qui
518 4578 771 4643 viseera
800 4573 1086 4642 oaritatis
1107 4572 1357 4638 Christi
1393 4583 1633 4656 gerunt
1666 4590 1822 4653 erga
1856 4567 2148 4634 afflictos.

242 4660 522 4747 Exeipies
576 4683 732 4747 ergo
787 4662 961 4727 hune
1002 4660 1441 4742 praesentium
1497 4659 1767 4722 latorem
1815 4653 2151 4738 Magdem-

1917 421 2072 482 1552
2121 416 2498 488 IANUAR.

4058 423 4188 492 270

2257 606 2601 691 burgensis
2643 605 2952 674 ecelesiae
2994 606 3402 690 eivitatisque
3443 606 3753 691 legatum,
3798 617 3868 673 et
3907 631 4032 692 quo

2256 691 2415 756 teris
2458 691 2634 776 piam
2676 693 2816 757 eius
2857 691 3357 776 postulationem
3390 689 3646 758 iuvabis
3679 703 3746 757 et
3779 716 4088 776 promove
4136 696 4149 709 '

2255 777 2486 842 offioio.
2552 776 2722 842 Nam
2764 784 3025 860 praeter
3065 776 3394 860 publioum
3437 777 3832 862 reipublicae
3874 801 4030 846 suae
4062 790 4189 847 tes-

2257 862 2602 927 timonium
2637 861 2884 928 aooedit
2921 872 2988 928 et
3007 863 3590 947 Argentinensium
3635 862 3720 928 ad
3750 885 3871 929 nos
3911 866 4188 930 fian-um

2257 945 2651 1031 adprobatio,
2688 946 2975 1030 adeoque
3008 967 3090 1012 ex
3128 949 3368 1015 nostris
3400 947 3826 1031 quorundam,
3863 951 3974 1033 qui
4007 950 4188 1017 hune

2255 1034 2472 1116 ipsum
2515 1032 2922 1098 familiariter
2962 1032 3315 1117 Magdemb
3448 1035 3460 1047 '
3521 1043 3879 1114 noverunt,
3936 1047 4012 1100 ut
4067 1035 4185 1100 ho·

2256 1119 2506 1183 minem
2546 1118 2699 1245 fidei
2786 1119 3048 1218 robatae
3102 1131 3169 1184 et
3211 1140 3365 1218 eons
3442 1122 3454 1134 ‘
3537 1118 4188 1205 Magdemburgensis

2256 1138 3367 1373 sananim-affl
3405 1206 4189 1374 ammte

2255 1383 2331 1438 ut
2380 1381 2543 1458 puta
2594 1373 2679 1439 ad
2719 1383 3082 1440 extremam
3135 1372 3380 1441 redaoti
3442 1376 3761 1459 inopiam,
3820 1398 3947 1459 quo
4005 1377 4185 1442 refiei

2255 1458 2360 1525 vel
2404 1459 2814 1527 mediocriter
2853 1461 3104 1543 possint
3144 1461 3570 1526 benefioentia
3610 1472 3676 1525 et
3709 1460 4187 1530 eolleotionibus

2257 1545 2696 1611 membrorum
2720 1543 2982 1611 Christi.
3053 1543 3186 1611 Sed
3227 1546 3396 1626 vale,
3432 1547 3534 1611 vir
3567 1548 3992 1622 ornatissime,
4037 1569 4184 1612 oum

2255 1632 2386 1695 tuis
2427 1630 2743 1697 omnibus.
2812 1631 3110 1696 Basileae
3155 1635 3254 1694 25.
3296 1630 3436 1696 Ian.
3484 1653 3654 1697 anno
3702 1635 3882 1695 1552.
3952 1632 4185 1697 Salvos

2253 1716 2442 1798 eupio
2486 1724 2882 1800 symmystas
2927 1725 3090 1782 tuos.

3500 1854 3679 1917 Tuus
3723 1853 3929 1918 Sultz.

3124 2428 3314 2500 15⁹5.

2722 2582 3231 2650 zERKINTES
3277 2582 3701 2649 CALVINO.

2422 2753 2814 2820 Commendat
2855 2756 3125 2836 aliquem
3165 2757 3280 2838 qui
3319 2775 3511 2820 canosa
3553 2756 4008 2836 imprudentius
4048 2755 4181 2839 aqi-

2248 2844 2378 2904 tata
2433 2841 2737 2906 excidisse
2791 2840 3047 2905 videtur.
3521 2843 3532 2854 '
3985 2842 3995 2853 ‘

2246 2926 2502 3006 fortuna
2553 2924 2847 2992 nonnulla
2877 2925 3119 3009 profert
3133 2975 3150 3004 ,
3221 2946 3348 2990 non
3388 2927 3779 3009 praeqrandi
3831 2927 3941 2991 sed
3995 2925 4178 3007 suffl-

2248 3012 3298 3092 cienteetzuoeunonperimra.
3405 3010 4180 3078 BolsecumBmaede

2257 3097 2711 3163 &mensibus
2750 3102 3094 3179 querentem
3135 3097 3292 3161 vidit
3333 3102 3387 3160 et
3427 3102 3497 3161 ut
3525 3097 3680 3179 paci
3711 3097 3926 3178 potius
3967 3097 4172 3161 stude-

2249 3188 2342 3248 ret
2392 3203 2586 3266 quam
2640 3182 2961 3248 absmcsas
3000 3203 3102 3247 res
3154 3183 3486 3247 smctando
3529 3182 3772 3265 menso
3813 3202 3926 3246 suo
3967 3182 4178 3248 indul-

2244 3273 2410 3352 φανά
2449 3265 2783 3334 admonuit.
2878 3267 3050 3350 Quod
3090 3268 3419 3333 consilium
3447 3267 3712 3348 fortasse
3751 3266 3850 3331 hic
3880 3265 4181 3349 pluribus

2248 3359 2538 3420 retrudat
2570 3359 2638 3418 ut
2679 3360 2734 3418 et
2774 3354 2944 3418 auus
2984 3353 3242 3434 quidam
3282 3373 3349 3418 eo
3390 3354 3487 3417 uti
3519 3354 3732 3435 possit.

2607 3524 2718 3588 (Ex
2754 3524 2882 3579 cod.
2919 3524 3118 3579 Genev.
3157 3523 3275 3592 114,
3311 3525 3398 3578 rol.
3436 3522 3534 3577 111
3571 3525 3804 3591 autogr.)

2251 3693 2481 3759 Ioanni
2536 3692 2810 3759 Calvino
2866 3697 3173 3761 eeolesiae
3226 3696 3636 3761 Genevensis'
3699 3693 3979 3758 antistiti
4037 3693 4189 3757 doo-

2251 3780 2502 3844 tissimo
2545 3788 2613 3844 et
2654 3779 3031 3845 fidelissimo
3091 3781 3348 3847 domino
3392 3791 3456 3846 et
3499 3781 3686 3844 fratri
3730 3777 4001 3843 colendo
4048 3800 4184 3843 suo.

2421 3917 2580 3981 Feci
2623 3915 2794 4000 quod
2838 3920 3017 3999 potui
3075 3918 3145 3981 in
3203 3937 3398 3983 eausa
3453 3916 3648 3980 huius
3691 3915 3844 3979 boni
3892 3913 4015 3979 viri
4065 3914 4184 3978 Ni·

2251 4002 2413 4067 oolai
2464 4003 2835 4085 Testenydae
2868 4002 2981 4087 (⁴2).
3071 4003 3147 4068 Si
3189 4022 3322 4066 non
3365 4001 3645 4065 obtinuit
3687 3999 3856 4082 quod
3901 4000 4198 4078 volebat,‘

2252 4106 2484 4154 eausae
2521 4089 2804 4171 imputet
2844 4089 3037 4170 paulo
3081 4086 3551 4170 imprudentius
3681 4087 3888 4164 tatae,
3950 4084 4183 4149 deinde

2251 4193 2476 4238 eorum
2539 4174 2797 4256 inopiae
2860 4175 2970 4256 qui
3033 4174 3244 4236 furem
3312 4171 3378 4234 in
3435 4192 3551 4236 eus
3669 4172 3728 4235 'a
3792 4172 4176 4236 habuerunt.

2251 4258 2500 4323 Contra
2557 4259 2675 4323 hos
2730 4260 2904 4323 enim
2965 4259 3103 4322 sine
3167 4257 3607 4321 oontroversia
3662 4256 3811 4339 plus
3866 4256 4182 4337 potuisset

2251 4342 2542 4408 obtinere
2585 4365 2780 4427 quam
2816 4352 3041 4409 eontra
3083 4361 3192 4406 eos
3225 4361 3368 4407 reos
3402 4362 3560 4423 quos
3595 4353 3696 4406 est
3729 4351 4177 4423 persequutus.

2250 4428 2476 4494 Unum
2505 4429 2673 4494 dixit
2695 4428 2961 4493 verbum
2987 4428 3193 4490 bonus
3213 4426 3325 4489 ille
3349 4428 3450 4491 vir
3470 4425 3637 4509 quod
3652 4448 3769 4509 ego
3791 4426 3996 4509 pluris
4017 4427 4181 4492 faeio

2254 4534 2448 4596 quam
2492 4534 2713 4579 omnes
2754 4514 3044 4578 omnium
3086 4510 3488 4595 litigatorum
3531 4512 3863 4577 victorias:
3929 4511 4179 4576 nudum

2253 4598 2554 4665 videlieet
2575 4622 2644 4665 se
2686 4602 2862 4665 huno
2896 4597 3209 4662 mundum
3242 4598 3630 4681 ingressum,
3675 4596 3919 4661 nudum
3967 4598 4177 4661 exitu-

2254 4706 2430 4762 rum,
2487 4695 2560 4750 ut
2616 4686 2774 4750 satis
2833 4685 2893 4749 ei
2949 4683 3161 4748 solatii
3205 4683 3495 4748 adversis
3538 4685 3605 4745 in
3649 4683 3841 4747 rebus
3882 4684 4180 4746 omnibus

2253 4772 2460 4853 ipsam
2495 4770 2766 4835 Domini
2799 4770 3204 4834 voluntatem
3239 4777 3304 4832 et
3338 4777 3782 4850 contemptum
3817 4769 4176 4850 praesentis

2254 4856 2579 4921 felicit-atis
2635 4877 2773 4921 esse
2837 4852 3420 4920 animadverterim.
3509 4854 3950 4917 Vehementer
4004 4852 4174 4915 enim

2255 4951 2319 5004 et
2378 4940 2659 5006 deleetor
2715 4953 2779 5006 et
2835 4962 2939 5005 me
2993 4941 3206 5021 ipsum
3263 4958 3518 5021 quoque
3574 4938 3862 5003 oonsolor
3916 4936 4173 4999 divinae

2256 5180 2435 5236 1504.
2463 5181 2519 5244 1)
2559 5181 2715 5235 Patet
2749 5183 3054 5234 ministrum
3088 5195 3198 5233 non
3230 5179 3416 5244 finisse,
3448 5178 3592 5246 quod
3624 5191 3754 5227 sane
3780 5174 4032 5226 &dume
4066 5191 4175 5228 aon

2258 5250 2474 5304 ostentio
2503 5249 2886 5317 praeteriisset,
2919 5265 2988 5302 ne
3020 5262 3327 5302 moneamus
3362 5245 3519 5300 talem
3569 5261 3596 5297 e
3632 5242 4173 5310 Maqdeburqensaoen

2256 5325 2406 5373 coetu
2437 5320 2516 5371 ad
2551 5317 2821 5372 Helvetios
2854 5334 2910 5372 se
2941 5318 3085 5371 mitti
3116 5317 3210 5369 02·oe
3237 5329 3532 5383 passurum
3557 5314 3745 5379 fuisse.

3135 2840 4276 2923 Haoooeaswnedesuazpsinoe.
