4900 6167
129 3248 133 3251 ,
230 3181 401 3248 babet
442 3183 715 3260 titulus,
774 3181 842 3247 di

255 426 353 492 m

255 617 392 686 sunt,
426 619 498 674 ιιι
532 607 801 692 quidam
835 608 1026 674 nobis
1061 608 1559 687 confirmabant,
1594 607 1777 673 mille
1810 619 2161 675 sexcentae

254 715 464 780 operae.
550 694 907 759 'Dentatum
944 693 1035 760 ibi
1079 693 1207 759 fuit
1238 715 1452 777 nuper
1493 694 1712 760 nescio
1755 695 1930 777 quid,
1973 705 2042 760 et
2076 717 2161 760 ex

251 780 576 865 suspicione
621 781 1125 863 comprehensos
1166 800 1310 846 esse
1345 779 1433 845 ali
1481 794 1597 845 uot
1629 779 1795 845 mihi
1832 791 1972 845 tum
2019 782 2163 864 qui-

250 869 372 933 dam
412 886 642 932 arcane
686 864 967 931 dicebat:
1013 864 1122 932 hic
1167 875 1389 931 autem
1461 874 1645 931 ertur
1688 875 1957 933 senatus
2001 868 2161 932 scri·

249 954 367 1018 bam
407 973 544 1018 esse
584 951 1163 1036 comprehensum,
1222 951 1336 1017 sed
1386 951 1735 1018 adfirmare
1790 951 1954 1017 nihil
2013 974 2162 1037 pos·

248 1059 380 1104 sum.
460 1037 558 1104 Ut
614 1038 750 1104 suis
793 1037 986 1103 rebus
1043 1035 1393 1122 diligenter
1451 1037 1836 1122 invigilent,
1895 1058 2162 1104 causam

245 1125 481 1204 habent,
549 1132 620 1188 et
674 1121 853 1188 haud
906 1124 1040 1190 scio
1110 1143 1199 1188 an
1253 1124 1544 1207 ipsorum
1600 1124 1910 1200 interitus
1968 1134 2162 1207 atque

245 1210 438 1275 ruinae
480 1209 745 1274 initium
804 1208 887 1275 ab
942 1208 1240 1291 ipsismet
1297 1208 1646 1293 aliquando
1700 1209 1999 1275 futurum
2042 1212 2157 1276 sit:

245 1317 371 1361 nam
410 1296 478 1359 in
521 1294 657 1361 illis
699 1296 1043 1361 aestuariis
1086 1295 1407 1360 fluctuum
1453 1295 1728 1362 affectus
1763 1297 1963 1361 etiam
2005 1316 2160 1362 suos

244 1382 457 1446 habent
498 1389 736 1446 aestus.

382 1466 511 1532 Hic
553 1465 746 1550 plane
801 1465 970 1531 nihil
1030 1466 1285 1551 agitur:
1352 1486 1431 1532 su
1517 1468 1672 1531 riori
1712 1466 1978 1549 quidem
2023 1488 2159 1533 ses-

242 1554 392 1617 sione
431 1551 765 1619 decretum
807 1553 1027 1617 fuerat
1043 1604 1058 1630 ,
1119 1551 1356 1618 debere
1400 1560 1429 1615 t
1477 1551 1738 1636 eologos
1782 1553 2038 1619 interea
2080 1553 2160 1618 de

242 1637 626 1703 matrimonio
669 1636 987 1703 disserere
1005 1689 1020 1714 ,
1080 1637 1194 1703 sed
1252 1638 1446 1721 plane
1488 1650 1797 1716 cessatur,
1852 1636 2045 1722 idque
2089 1640 2161 1703 in

365 1723 379 1736 ‘
530 1733 924 1801 nostrorum,
966 1732 1043 1788 ιιι
1084 1722 1349 1805 quidem
1392 1744 1553 1807 prae
1599 1743 1670 1789 se
1712 1723 1955 1803 ferunt,
2000 1745 2161 1808 quos

240 1809 437 1876 adesse
478 1810 708 1875 velint.
794 1808 1119 1892 Equidem
1179 1809 1459 1892 optarim
1508 1808 1766 1876 Petrum
1808 1809 2162 1894 martyrem

240 1915 400 1978 posse
437 1894 567 1961 huc
626 1896 824 1960 etiam
868 1894 1143 1972 traduci,
1204 1903 1273 1960 et
1321 1893 1655 1962 Calvinum
1712 1904 1778 1960 et
1818 1896 2160 1978 Aepimmo,

240 1989 297 2044 ιιι
331 2002 458 2046 una
499 2000 651 2046 cum
696 1981 997 2065 Philippo
1057 1980 1379 2065 dogmatis
1436 1981 1731 2047 facerent
1788 1989 1858 2047 et
1913 1982 2160 2048 confes-

238 2067 461 2132 sionem
500 2076 573 2132 et
613 2067 1135 2152 explicationem.

378 2152 607 2218 Pridie
651 2173 847 2236 quam
892 2152 1022 2217 huc
1065 2151 1365 2231 redirem,
1423 2150 1764 2218 audiebam
1809 2154 1881 2218 in
1922 2152 2159 2218 itinere

237 2238 555 2303 concilium
614 2239 693 2302 iri
749 2245 1174 2322 prorogatum
1231 2245 1503 2321 propter
1553 2236 1870 2304 bellorum
1914 2238 2158 2303 tumul-

236 2333 348 2389 tus:
392 2324 501 2390 hic
544 2325 743 2389 etiam
787 2325 883 2389 ita
923 2333 1276 2400 mussatur,
1321 2325 1445 2389 etsi
1480 2324 1591 2389 alii
1634 2334 1895 2409 negant.
1963 2322 2159 2406 Quod

233 2411 728 2562 apz‘eemmgilim
758 2409 961 2561 l{ealle
1015 2409 1216 2560 {agiet
1256 2409 1502 2559 Iugius,
1562 2429 1693 2560 1¹13>ss
1748 2409 2158 2561 ιιᾶεοιιιὶοὲιο

430 2547 446 2575 ,
684 2515 758 2562 ce
903 2516 1012 2562 cre
1126 2516 1290 2561 enm
1378 2514 1578 2578 1ss1pa
1633 2516 1825 2561 onem
1869 2514 2011 2562 esse
2082 2517 2157 2560 u-

232 2592 425 2647 turam
491 2581 769 2647 concilii.
858 2580 1229 2648 Cardinalis
1279 2580 1641 2648 Tur-nonius·
1683 2581 1936 2647 Romae
1996 2579 2157 2646 dici·

232 2677 321 2732 tur
644 2687 796 2734 cum
837 2666 1087 2733 laetitia
1120 2667 1326 2732 fuisse
1360 2675 1671 2752 exceptus
1705 2676 1773 2733 et
1806 2666 2159 2753 diligenter

230 2773 397 2838 agere
454 2689 542 2818 ge
598 2773 775 2838 pace.
877 2751 981 2818 De
1045 2753 1256 2818 Turca
1310 2772 1438 2818 non
1499 2751 1726 2836 eadem
1791 2759 1893 2819 est
1954 2754 2155 2818 fama:

230 2859 435 2920 pmare
482 2838 723 2905 dicitur
766 2840 1069 2924 ingentes
1127 2840 1455 2905 exercitus
1511 2847 1579 2904 et
1634 2847 1812 2905 terra
1848 2848 1917 2903 et
1956 2839 2156 2906 mari:

232 2935 363 2990 sunt
381 2927 499 3010 qui
535 2924 765 2992 dicunt
785 2931 937 2992 esse*
960 2924 1347 2991 tenuissima
1379 2924 1755 2991 valetudine
1789 2946 1872 2990 ex
1893 2923 2162 3008 phthisi,

230 3011 277 3074 ei
385 3032 468 3078 ue
517 3010 729 3077 filium
773 3018 933 3076 natu
976 3011 1291 3077 maiorem
1344 3011 1745 3078 consociasse
1786 3029 1969 3076 arma
2009 3031 2160 3077 cum

229 3096 443 3164 Persis.
541 3096 803 3164 Galliae
860 3118 930 3162 re
982 3098 1033 3163 's
1089 3093 1375 3161 edictum
1440 3096 1512 3161 in
1577 3096 1993 3163 Lutheranos
2009 3147 2025 3175 ,
2085 3107 2162 3161 ut

846 3269 858 3283 ·
959 3194 1188 3283 gatum
1230 3179 1605 3266 Septembri
1648 3202 1874 3248 mense
1917 3181 2159 3248 vidisse

229 3288 326 3452 {ge
350 3277 572 3421 aa
601 3267 1297 3439 {tisanana
1304 3266 2162 3432 mmmm.

231 3439 353 3505 aliis
385 3441 591 3506 etiam
633 3441 702 3506 in
738 3440 918 3520 locis,
960 3440 1379 3524 inquisitores
1413 3441 1781 3506 acerrimos.
1849 3439 2161 3505 Monachi

229 3525 476 3607 quidam
543 3527 674 3593 duo
737 3547 950 3612 nuper
1014 3523 1276 3591 adducti
1338 3532 1496 3592 sunt
1559 3525 1840 3590 Romam
1917 3526 2158 3608 captivi

229 3609 573 3679 Ravennae
616 3633 807 3692 unus,
851 3611 1294 3678 Ariminensis
1330 3610 1514 3689 alter,
1557 3611 1672 3694 qui
1711 3611 1793 3676 de
1836 3610 2161 3677 caelibatu

228 3697 643 3778 sacerdotum,
678 3707 745 3763 et
778 3718 980 3765 coena
1001 3695 1272 3763 Domini
1303 3695 1575 3763 liberius
1610 3694 1927 3781 quaedam
1962 3696 2162 3763 dixis-

229 3794 372 3851 sent.
437 3784 744 3851 Venetiis
779 3784 945 3850 mihi
976 3785 1106 3848 iam
1145 3804 1371 3849 recens
1406 3782 1733 3862 scribitur,
1769 3781 2164 3850 monachum

228 3872 539 3951 quendam
594 3872 932 3954 captivum
987 3868 1240 3936 ordinis
1284 3868 1759 3951 Augustiniani
1799 3868 2016 3935 Roma
2058 3889 2162 3932 re-

228 3957 488 4024 missum
531 3978 573 4023 a
616 3956 787 4022 Iulio
828 3955 1162 4036 Venetiae,
1206 3954 1561 4040 impetrata
1601 3954 1796 4020 venia
1834 3952 2054 4038 palam
2089 3953 2163 4018 in

229 4043 522 4110 concione
577 4041 942 4109 doctrinam
957 4093 973 4121 ,
1041 4062 1238 4126 quam
1292 4047 1491 4106 antea
1546 4041 1876 4122 professus
1927 4040 2163 4120 fiierat,

228 4128 509 4195 mirificis
550 4125 763 4194 modis
811 4125 1165 4206 abiurasse,
1201 4147 1276 4194 ac
1310 4123 1704 4192 detestatum
1743 4146 1905 4206 esse,
1948 4124 2163 4211 legato

230 4214 493 4295 quodam
530 4214 882 4299 pontificio,
919 4222 988 4279 et
1019 4221 1301 4298 quatuor
1335 4212 1792 4296 praesentibus
1826 4211 2041 4295 episco
2084 4212 2162 4291 is,

230 4298 309 4397 ita
346 4298 615 4451 qtssidem
657 4308 738 4366 ιιι
778 4298 1058 4385 populus
1100 4300 1299 4365 etiam
1342 4295 1811 4364 offenderetur:
1870 4297 2000 4363 fuit
2088 4318 2164 4365 oc

230 4406 346 4452 nv.
438 4408 608 4453 mus.

379 4472 820 4556 Posteaquam
872 4469 1092 4536 Iulius
1132 4469 1474 4548 intellexit,
1532 4467 1900 4535 cuiusmodi
1939 4475 2167 4535 nostra

232 4569 370 4641 sunt
406 4556 741 4644 postulata
784 4563 851 4621 et
888 4575 1057 4640 quae
1095 4554 1432 4623 doctrinae
1473 4555 1790 4622 confessio
1831 4573 1952 4638 per
1999 4553 2166 4622 Wir-

228 4643 651 4730 mamam
708 4640 1021 4720 exhibita,
1078 4660 1311 4725 parum
1356 4641 1589 4725 opinor
1631 4638 1953 4706 adficitur.
2031 4640 2164 4707 Hic

231 4732 415 4796 etiam
457 4750 688 4797 rumor
730 4737 849 4809 est,
894 4726 1109 4814 legato
1152 4727 1260 4793 hic
1302 4746 1422 4793 suo
1464 4725 1660 4792 valde
1712 4726 1955 4792 iratum
2000 4746 2162 4806 esse,

232 4816 388 4902 quod
426 4816 564 4894 tali,
608 4822 687 4882 ut
725 4822 998 4894 vocant,
1053 4811 1234 4879 salvo
1288 4810 1611 4879 conductu
1652 4813 1840 4879 nobis
1893 4811 2162 4891 caverit,

232 4901 515 5051 guodque
537 4901 848 4969 sessionis
871 4898 1397 4984 prorogationem
1437 4897 1802 4965 indulserit.
1866 4896 1932 4963 N
1933 4917 2020 4964 on
2054 4918 2164 4966 ea-

268 5007 366 5053 em
408 5009 637 5054 omnes
678 4994 981 5070 spectant
1020 4986 1093 5051 in
1151 4985 1255 5049 his
1312 4982 1706 5050 actionibus:
1773 5004 2162 5068 quamquam

230 5071 290 5138 in
327 5072 450 5142 hoc
491 5094 626 5140 uno
669 5069 1034 5138 mirabilem
1078 5090 1220 5137 esse
1262 5076 1420 5154 puto
1471 5088 1892 5150 consensum,
1942 5080 2020 5136 ut
2061 5069 2164 5136 vi-

234 5155 452 5228 delicet
491 5157 731 5244 dogma
772 5155 949 5257 istud
989 5177 1183 5258 omne
1216 5154 1672 5257 pessundetur,
1717 5167 1785 5221 et
1827 5154 2167 5223 aboleatur

232 5254 759 5411 ἓὲθὶξῖἑῖῗῖὶ
802 5242 1852 5415 assmthiieffi‘ffiffi
1888 5239 2163 5397 sst‘tt

1874 424 2034 485 1552
2079 419 2545 487 FEBRUAR.

4092 426 4219 489 298

2270 607 2663 675 Trevirensis
2723 607 2806 672 ob
2884 607 3363 674 incommodam
3441 608 3887 675 valetudinem
3949 612 4217 680 domum

2264 694 2519 776 repetit.
2605 692 2738 776 Qui
2783 714 2931 760 cum
2967 696 3110 777 ipso
3152 695 3283 758 huc
3326 695 3511 760 venit
3553 695 3907 761 monachus
3950 699 4217 779 quidam

2268 778 2580 863 Pelarytoe
2633 781 2704 844 in
2763 780 3073 847 concione
3120 780 3344 845 habita
3398 780 3594 846 huius
3649 782 3894 847 mensis
3951 781 4055 848 die
4097 786 4209 869 vij.

2262 885 2381 948 per
2424 867 2830 930 occasionem
2873 867 3015 931 eius
3057 865 3180 930 loci
3225 866 3336 949 qui
3380 875 3479 931 est
3523 864 3603 931 de
3636 867 3885 932 zizania
3917 867 4215 936 subcres-

2262 961 2450 1016 cente
2473 951 2540 1016 in
2575 951 2811 1024 tritico,
2859 951 3070 1017 multa
3103 949 3358 1016 dixerat
3399 949 3479 1016 de
3515 951 3860 1018 haereticis
3903 975 4214 1037 quocum-

2261 1057 2389 1119 que
2409 1037 2603 1103 modo
2629 1037 2951 1112 tollendis,
2998 1038 3090 1102 ita
3131 1046 3353 1102 tamen
3395 1048 3470 1102 ut
3505 1037 3797 1103 triticum
3833 1059 3966 1104 non
3999 1039 4214 1107 laede-

2262 1133 2468 1188 retur.
2557 1123 2702 1188 Alii·
2738 1120 3002 1205 quidam
3047 1123 3168 1188 hoc
3222 1123 3421 1187 etiam
3478 1122 3802 1188 addidisse
3857 1126 4076 1207 ipsum
4119 1128 4213 1193 fe-

2262 1208 2516 1286 rebant,
2561 1229 2696 1274 non
2738 1228 2882 1274 esse
2925 1209 3110 1273 nobis
3214 1208 3499 1274 ublicam
3554 1209 3943 1274 servandam
3983 1211 4213 1279 fidem:

2264 1315 2394 1378 qua
2435 1294 2697 1378 quidem
2745 1314 2818 1360 re
2861 1296 3125 1378 cognita
3225 1295 3539 1360 axonicus
3576 1293 3834 1379 legatus
3878 1295 4060 1374 alter,
4099 1299 4213 1381 qui

2262 1389 2688 1460 remanserat,
2755 1381 2838 1445 ad
2905 1378 3207 1445 ansaris
3269 1380 3378 1445 hic
3444 1380 3692 1465 legatos
3755 1393 4025 1463 questus
4091 1395 4209 1450 est.

2264 1467 2632 1533 Accersitus
2675 1465 3036 1532 monachus
3080 1473 3155 1530 ut
3200 1466 3518 1531 rationem
3565 1466 3867 1531 redderet
3900 1468 4002 1533 sui
4036 1466 4212 1549 dicti,

2263 1552 2538 1635 negavit
2578 1552 2702 1617 hoc
2744 1552 3096 1634 posterius:
3163 1551 3243 1616 de
3286 1550 3631 1617 haereticis
3677 1571 3831 1617 vero
3876 1552 4213 1636 loquutum

2263 1658 2335 1703 se
2379 1635 2631 1703 dicebat
2676 1639 2745 1703 in
2788 1658 3028 1721 genere
3081 1644 3152 1700 et
3207 1636 3399 1702 illum
3456 1638 3818 1721 scripturae
3862 1638 4072 1705 locum
4118 1641 4210 1707 sic

2263 1723 2766 1805 interpretatum
2811 1743 2953 1788 esse
2988 1720 3070 1788 de
3090 1722 3452 1805 Augustini
3486 1724 3838 1788 sententia:
3885 1723 4215 1791 fatebatur

2263 1810 2461 1873 etiam
2501 1808 2673 1893 qnod
2719 1810 2777 1874 si
2818 1808 3097 1874 alterum
3151 1807 3313 1873 illud
3375 1807 3648 1874 dixisset
3706 1810 3773 1873 in
3820 1830 4096 1893 poenam
4141 1833 4212 1877 se

2262 1895 2492 1977 capitis
2555 1895 2911 1960 incurrisse
2974 1901 3240 1978 propter
3296 1894 3614 1959 violatum
3678 1894 3935 1961 concilii
3991 1896 4212 1964 decre-

2262 1990 2421 2044 tum.
2513 1978 2812 2063 Septima
2852 1980 3048 2045 huius
3101 1978 3344 2063 publici
3398 1980 3663 2045 fuerunt
3720 1981 3827 2045 hic
3867 1981 4052 2065 ignes
4095 2003 4210 2048 ex-

2262 2067 2444 2131 citati
2491 2067 2571 2131 ab
2614 2066 2934 2149 Hispanis
2979 2074 3047 2130 et
3079 2064 3268 2131 Italis
3312 2064 3393 2131 ob
3438 2065 3841 2144 electionem,
3880 2070 4014 2151 xxj.
4057 2089 4211 2134 vero

2262 2159 2532 2236 propter
2573 2152 3060 2217 coronationem
3105 2150 3271 2217 Iulii
3327 2161 3394 2216 et
3449 2151 3764 2236 postridie
3821 2155 4020 2218 missa
4061 2175 4211 2238 per·

2260 2241 2407 2301 acta
2449 2236 2761 2303 solemnis
2803 2237 3076 2303 eandem
3113 2236 3193 2303 ob
3228 2256 3489 2303 causam
3533 2246 3601 2302 et
3634 2245 3914 2316 centum,
3960 2240 4210 2321 opinor,

2261 2343 2587 2387 annorum
2623 2322 3092 2408 indulgentiae,
3137 2333 3215 2388 ut
3249 2332 3507 2404 vocant,
3553 2322 3634 2389 iis
3669 2325 3782 2408 qui
3819 2324 4212 2389 interessent

2260 2407 2634 2474 attributae.
2722 2409 2967 2474 Annon
3023 2408 3300 2492 pulchre
3357 2408 3840 2492 resipiscimus?
3933 2413 4033 2474 An
4089 2431 4209 2476 nos

2261 2502 2708 2559 anteactorum
2751 2493 3086 2577 poenitet?
3133 2516 3171 2559 o
3213 2493 3603 2559 ludibrium!

2430 2578 2537 2644 De
2573 2578 2860 2645 Domino
2900 2579 3265 2646 Redmanno
3307 2601 3472 2664 quae
3508 2579 3735 2646 scribis
3780 2601 4020 2665 magna
4055 2602 4208 2647 cum

2260 2666 2596 2749 voluptate
2659 2665 2819 2749 legi,
2886 2664 3280 2748 quibusdam
3340 2666 3536 2731 etiam
3601 2666 3709 2731 hic
3775 2667 4076 2744 recitavi,
4142 2677 4211 2733 et

2259 2772 2417 2817 sane
2461 2772 2652 2816 exem
2696 2750 2836 2816 lum
2879 2760 2998 2829 est,
3045 2750 3219 2835 quod
3251 2754 3544 2817 omnium
3580 2772 3959 2835 permovere
4005 2754 4210 2836 possit

2261 2840 2531 2904 animos.
2686 2858 2874 2903 erum
2918 2836 3153 2904 accidit
3195 2836 3389 2903 hodie
3445 2836 3525 2903 de
3586 2857 3712 2921 quo
3755 2845 3900 2921 post
3942 2837 4209 2916 Esaiam

2262 2922 2569 2989 Christus
2601 2923 2801 2988 etiam
2836 2922 3147 3006 loquitur,
3193 2933 3268 2988 ut
3301 2923 3594 3006 plerique
3627 2924 3982 3005 sapientiae
4017 2924 4211 2990 titulo

2261 3008 2508 3094 turgidi
2549 3029 2680 3074 non
2723 3007 2995 3073 videant
3036 3007 3333 3075 videntes
3391 3028 3465 3073 ac
3531 3005 3867 3073 audientes
3912 3028 4045 3075 non
4092 3030 4211 3074 au·

2263 3094 2463 3161 diant.
2553 3093 3037 3179 Theologorum
3081 3094 3553 3159 Parisiensium
3613 3093 3923 3159 articulos
3970 3093 4209 3158 doctri-

2263 3201 2387 3246 nae
2430 3179 2871 3263 superioribus
2916 3180 3106 3245 annis
3150 3178 3375 3256 editos,
3420 3199 3632 3262 nuper
3675 3189 3892 3244 autem
3932 3200 4210 3245 renova·

2260 3274 2386 3345 tos,
2430 3287 2549 3350 pro
2593 3267 2897 3332 concione
2942 3286 3059 3331 rex
3102 3265 3296 3331 iussit
3338 3263 3569 3330 diebus
3620 3265 3980 3347 quibusque
4024 3265 4210 3330 festis

2263 3351 2346 3418 ad
2369 3351 2683 3437 populum
2709 3352 2965 3417 recitari
2990 3360 3058 3416 et
3079 3351 3423 3433 explicari:
3448 3350 3691 3416 vidisse
3723 3372 3841 3418 vos
3865 3350 4011 3415 illos
4033 3364 4208 3434 puto.

2263 3436 2481 3520 Quam
2526 3446 2685 3503 sunt
2726 3445 2947 3504 astuta
2990 3445 3056 3502 et
3088 3436 3402 3503 insidiosa
3435 3435 3777 3501 hominum
3813 3436 4132 3503 concilia?
4161 3441 4210 3514 ¹)

2432 3523 2539 3588 De
2598 3521 2900 3589 mauritii
2960 3522 3044 3587 ad
3110 3542 3226 3589 vos
3291 3519 3608 3602 adventu,
3677 3542 3810 3587 non
3872 3520 4045 3587 idem
4110 3529 4213 3587 est

2262 3628 2493 3676 sermo.
2585 3608 2883 3674 Lusitani
2943 3608 3120 3674 filius
3185 3608 3312 3674 hoc
3374 3627 3600 3673 mense
3663 3608 3870 3672 fertur
3936 3626 4209 3672 uxorem

2263 3694 2528 3760 duxisse
2570 3693 2872 3760 Caesaris
2914 3692 3186 3760 alteram
3229 3694 3461 3773 filiam3
3530 3692 3609 3758 de
3663 3692 3879 3758 reditu
3933 3691 4051 3757 filii
4095 3713 4211 3757 ru·

2262 3801 2406 3846 mor
2449 3782 2647 3845 etiam
2701 3792 2820 3845 est.
2909 3780 3062 3845 Emi
3105 3780 3407 3845 Venetiis
3464 3779 3804 3844 historiam
3847 3775 4073 3842 Bembi
4130 3777 4211 3842 de

2263 3865 2597 3950 republica
2637 3865 2929 3946 Veneta3
2985 3887 3148 3931 num
3205 3885 3283 3932 ea
3338 3867 3424 3930 sit
3476 3863 3662 3930 vobis
3727 3862 4006 3930 antehac
4064 3863 4212 3927 visa

2263 3952 2500 4018 nescio.
2562 3950 2805 4018 Paulus
2840 3952 3037 4024 etiam
3061 3952 3285 4018 Iovius
3303 3959 3557 4015 tomum
3582 3949 3867 4033 primum
3913 3950 4017 4014 sui
4053 3958 4214 4014 tem·

2263 4037 2443 4122 poris
2485 4036 2913 4103 historiarum
2961 4035 3184 4103 edidit.

2433 4122 2632 4206 Quod
2675 4122 2756 4189 de
2797 4143 2944 4189 meo
2978 4122 3240 4206 negotio
3274 4118 3444 4184 nihil
3478 4118 3696 4185 adhuc
3729 4121 3890 4185 certi
3933 4139 4210 4203 cognos-

2263 4230 2408 4276 cam
2471 4207 2663 4277 valde
2726 4209 2958 4287 miror,
3023 4205 3325 4291 inprimis
3388 4224 3543 4270 vero
3593 4204 3677 4270 D.
3727 4204 3808 4271 R.
3855 4205 4207 4271 silentium.

2265 4292 2405 4361 Oro
2493 4294 2813 4360 lurimum
2853 4302 2930 4359 ut
2970 4293 3054 4359 D.
3100 4293 3357 4377 legatus
3399 4311 3484 4356 ne
3542 4299 3749 4355 cesset
3788 4289 4211 4374 interpellare

2265 4401 2341 4447 ac
2383 4402 2457 4446 so
2483 4380 2755 4447 licitare.
2841 4379 3015 4445 Nam
3067 4376 3526 4463 progrediente
3581 4376 3755 4461 regis
3799 4384 4011 4442 aetate
4053 4375 4212 4442 faci-

2263 4466 2389 4532 lior
2431 4464 2699 4532 deberet
2754 4486 2895 4532 esse
2948 4465 3088 4529 eius
3143 4463 3243 4528 rei
3298 4462 3617 4528 confessio
3631 4514 3646 4541 ,
3692 4481 3887 4545 quam
3929 4461 4213 4544 ipsemet

2264 4561 2442 4619 recte
2485 4559 2701 4636 potest
2741 4549 3125 4636 intelligere.
3213 4549 3310 4614 'l'e
3351 4567 3605 4633 quoque
3648 4567 3829 4632 rogo,
3887 4554 3962 4612 ut
4003 4567 4211 4630 quan-

2264 4646 2412 4705 tum
2456 4638 2723 4703 omnino
2766 4646 2968 4721 potes,
3012 4644 3151 4701 tam
3191 4633 3603 4720 praeclarum
3645 4641 3712 4697 et
3744 4632 3904 4699 utile
3947 4632 4213 4697 institu-

2264 4732 2413 4790 tum
2456 4742 2854 4808 promoveas.
2920 4721 3320 4805 Priusquam
3354 4717 3546 4785 domo
3581 4716 3999 4797 discederem,
4042 4712 4212 4801 quod

2264 4810 2392 4876 fuit
2429 4808 2621 4883 initio
2655 4805 3070 4888 Novembris,
3112 4806 3368 4891 copiose
3407 4806 3799 4888 scripseram
3841 4802 3925 4868 ad
3945 4803 4030 4868 D.
4057 4800 4212 4867 0120-

2263 4914 2435 4961 cum:
2490 4895 2571 4962 ad
2618 4915 2699 4961 ea
2739 4893 2907 4960 nihil
2951 4913 3094 4960 esse
3151 4891 3613 4958 renunciatum
3657 4890 3771 4975 qui
3813 4891 3931 4955 fiat
3970 4905 4211 4962 nescio,

2263 4980 2682 5066 multumque
2733 5001 2843 5046 me
2894 4977 3068 5046 fallit
3121 4978 3533 5063 exspectatio.
3622 4976 3707 5042 D.
3752 4975 3816 5041 le
3899 4983 3970 5038 to
4013 4969 4212 5071 velim

2264 5087 2407 5135 esse
2506 5088 2661 5134 uam
2719 5062 3411 5133 commendatissimas.
3498 5061 3686 5129 Vale.
3830 5056 4074 5125 ridenti
4117 5055 4215 5123 ul·-

2263 5154 2427 5221 tima
2533 5153 2668 5220 ebr.
2713 5149 3012 5221 MDLII.

2263 5340 2446 5399 1000.
2471 5341 2533 5409 1)
2564 5341 2661 5397 uic.
