4900 6167
265 453 376 516 409

267 638 530 722 denique
585 638 669 704 ad
729 660 879 705 eum
898 690 914 719 ,
974 635 1057 704 ad
1104 658 1298 723 quem
1355 658 1582 704 omnes
1634 657 1861 718 vocae,
1930 657 2200 721 scopum

265 724 537 791 studiose
583 723 1037 803 contendenti,
1101 745 1420 808 opemque
1464 733 1645 790 tuam
1688 724 1933 808 optimo
1977 725 2199 789 animo

261 809 624 894 immoranti
639 861 656 891 ,
711 817 786 876 ut
828 831 1102 876 manum
1145 821 1488 893 paternam
1529 810 1847 894 porrigas.
1937 809 2040 876 Ne
2082 831 2199 894 pa-

267 896 451 973 tiaris,
498 906 819 979 quantum
863 897 931 961 in
979 907 1044 961 te
1101 904 1231 974 est,
1288 895 1395 962 vel
1451 895 1972 979 qualemcunque
2029 896 2201 960 hanc

264 980 605 1047 scintillam
647 1003 767 1048 exs
801 983 815 997 '
919 983 1004 1047 ui.
1094 979 1303 1046 Dabit
1359 980 1474 1046 illa
1528 982 1857 1060 flammas,
1914 983 1967 1046 si
2025 981 2199 1063 aspi-

263 1086 395 1131 rare
437 1067 621 1145 velis,
689 1079 766 1133 ut
808 1089 887 1133 ve
938 1089 976 1134 e
1019 1076 1087 1132 te
1132 1069 1284 1144 scio,
1330 1067 1816 1151 exspectatione
1852 1069 2050 1132 etiam
2086 1079 2201 1132 tua

262 1151 526 1218 fortasse
570 1153 872 1219 maiores.
962 1153 1290 1218 Dominus
1333 1167 1399 1218 te
1459 1153 1589 1218 tuis
1632 1153 1897 1236 suisque
1941 1174 2200 1218 conser-

263 1247 377 1302 vet.
463 1238 676 1304 Nonis
720 1238 1073 1305 Novembr.
1120 1236 1448 1304 Corinthi.

415 1324 627 1390 Dabis
669 1346 789 1409 pro
832 1335 949 1389 tua
1005 1324 1417 1389 humanitate
1462 1324 1724 1390 veniam
1767 1322 2201 1388 tumultuario

261 1410 686 1494 cacographo‚
748 1419 815 1475 et
852 1409 1089 1475 lituras
1132 1410 1309 1493 ipsas
1364 1419 1630 1476 nostrae
1674 1409 1755 1475 de
1801 1419 1866 1474 te
1922 1407 2201 1474 fiduciae

258 1505 448 1560 testes
494 1517 637 1561 esse
683 1495 1238 1580 interpretaberis,
1285 1503 1352 1559 et
1395 1495 1564 1579 quod
1608 1496 1726 1561 tibi
1771 1495 1886 1561 uni
1920 1493 2201 1560 familia-

259 1581 405 1645 riter
447 1581 824 1665 expositum
864 1591 967 1646 est
1008 1579 1360 1664 prudentia
1401 1593 1517 1647 tua
1558 1580 1747 1648 facile
1790 1589 1987 1666 teget.
2015 1583 2068 1658 ⁰)

1005 1883 1410 1891 -———-.——-

1118 2126 1313 2196 1678.

687 2279 1188 2348 NOR'PONUS
1220 2285 1268 2354 ¹)
1315 2277 1751 2347 CALVINO.

257 2538 304 2603 S
415 2452 782 2603 Sctgcitanti
803 2457 1054 2519 'narrat
1092 2453 1234 2535 fata
1275 2453 1505 2517 viduae
1546 2458 1602 2518 et
1643 2453 1976 2519 liberorum
2018 2453 2201 2519 ducis

304 2559 501 2604 omers
558 2562 604 2605 ι.

252 2709 349 2774 (Ex
384 2709 727 2779 autographo
763 2709 897 2763 Ood.
934 2708 1137 2764 Gener.
1181 2706 1296 2776 113,
1331 2707 1423 2762 soh
1463 2707 1579 2762 131.
1649 2708 1818 2764 Edita
1852 2715 1940 2762 est
1973 2709 2030 2762 in
2054 2709 2197 2779 Epp.

409 2779 691 2848 Tigurinis
726 2795 778 2848 p.
815 2776 937 2849 224,
975 2790 1032 2831 et
1066 2777 1276 2846 anglice
1314 2778 1369 2830 in
1405 2776 1751 2832 Parkerianis
1786 2777 1826 2831 1.
1864 2774 2011 2846 339.)

406 2947 682 3034 Optimo
719 2950 860 3015 viro
894 2959 962 3014 et
996 2949 1436 3016 sincerissimo
1473 2949 1655 3016 verbi
1691 2951 1998 3033 praeconi
2020 2949 2196 3033 apud

250 3034 675 3103 Genevenses
718 3035 801 3100 D.
849 3034 1084 3100 Ioanni
1133 3033 1428 3102 Calvino.

405 3173 542 3239 Pos
615 3193 771 3238 uam
817 3193 901 3238 ex
941 3173 1075 3237 tuis
1137 3169 1220 3234 ad
1265 3169 1350 3235 D.
1399 3170 1753 3238 Ricardum
1771 3173 1829 3256 ²)
1885 3173 1953 3237 in
1999 3171 2191 3256 galli-

247 3278 396 3324 cana
438 3280 570 3342 apu
663 3278 783 3323 nos
827 3258 1099 3324 ecclesia
1154 3257 1341 3322 verbi
1399 3277 1786 3340 praeconem
1832 3258 2041 3324 literis
2094 3259 2194 3323 in-

246 3344 489 3424 tellexi,
551 3365 789 3429 cupere
848 3355 915 3410 te
959 3341 1114 3427 quid
1171 3342 1253 3408 de
1295 3342 1380 3408 D.
1447 3342 1576 3409 mei
1631 3341 1816 3409 ducis
1858 3342 2191 3427 quondam

251 3428 573 3496 Somerseoi
615 3430 837 3497 liberis
892 3441 1113 3496 actum
1177 3430 1264 3493 sit
1306 3429 1503 3504 scire,
1549 3429 1858 3494 eximiam
1915 3430 2039 3507 (ita
2080 3451 2191 3495 me

247 3528 410 3580 amet
457 3515 673 3599 Deus)
717 3517 942 3581 attulit
984 3513 1151 3579 mihi
1207 3514 1532 3580 laetitiam
1576 3536 1652 3581 ao
1706 3514 2187 3581 iucunditatem

243 3599 670 3667 humanitatis
736 3619 891 3668 tuae
944 3600 1410 3680 consideratio,
1485 3600 1798 3683 visusque
1855 3621 2005 3666 sum
2058 3601 2188 3667 viri

244 3689 462 3771 optimi
509 3700 575 3752 et
620 3708 773 3752 vere
828 3686 1171 3754 christiani
1224 3687 1506 3770 pastoris
1563 3687 1902 3771 ingenium
1948 3707 2184 3771 agnos-

245 3794 404 3853 cere,
469 3774 582 3857 qui
637 3794 714 3837 eo
760 3794 886 3856 quo
944 3795 1119 3840 nunc
1178 3772 1464 3856 prolapsi
1519 3783 1678 3838 sunt
1733 3792 1772 3836 a
1815 3781 2000 3837 tanto
2056 3793 2185 3856 quo

243 3860 411 3940 prius
471 3868 799 3925 steterunt
853 3861 1153 3925 fortunae
1209 3858 1469 3942 fastigio
1528 3856 1812 3925 deiectos
1869 3859 2185 3923 memoria

245 3955 456 4010 tamen
501 3965 784 4029 curaque
843 3965 977 4010 non
1035 3943 1340 4028 indignos
1399 3953 1606 4028 putes.
1695 3944 1928 4026 Itaque
1972 3964 2183 4026 quan-

245 4032 483 4098 tumvis
527 4029 611 4095 ad
656 4052 761 4097 me
805 4051 1037 4115 parum
1085 4029 1392 4095 videatur
1434 4030 1714 4095 attinere
1773 4039 1849 4093 ut
1890 4049 2008 4112 pro
2052 4029 2182 4096 alio

244 4135 352 4199 ego
393 4138 787 4200 responsum
832 4117 1095 4196 faciam,
1152 4125 1372 4181 tamen
1419 4116 1627 4199 ipsius
1674 4114 1945 4181 Ricardi
1987 4134 2181 4199 roga·

243 4203 406 4268 tione
463 4200 823 4280 adductae,
885 4223 1084 4286 quum
1143 4202 1296 4285 quia
1351 4221 1458 4265 me
1515 4222 1709 4267 nemo
1754 4223 1832 4266 ea
1875 4199 1956 4266 de
1999 4222 2072 4266 re
2114 4211 2181 4267 te

243 4290 472 4354 certius
517 4289 864 4355 certiorem
908 4297 1123 4373 potest
1164 4287 1398 4366 facere,
1443 4288 1553 4371 qui
1598 4285 1958 4352 etiamdum
2004 4286 2181 4371 apud

245 4372 376 4440 illos
419 4376 693 4455 haereo,
749 4384 891 4439 tum
948 4375 1103 4457 quia
1162 4373 1388 4439 literas
1433 4394 1565 4438 non
1608 4373 1904 4457 ingratas
1964 4371 2046 4436 ad
2113 4381 2181 4438 te

244 4480 406 4526 meas
450 4461 684 4525 venire
727 4481 809 4525 ex
856 4459 1332 4525 humanissima
1391 4467 1506 4524 tua
1545 4458 1629 4524 ad
1672 4466 2036 4542 postremas
2078 4480 2183 4524 re-

432 4751 496 4816 9)
535 4749 849 4818 Epi-stom
897 4764 964 4803 ex
1013 4747 1366 4817 Ritus-eafba«
1415 4749 1680 4818 mptum
1728 4753 2001 4816 putam.
2093 4748 2186 4805 lbi

245 4819 501 4887 mamper
535 4825 733 4886 septem
768 4833 944 4900 ᾳιμιορ
978 4816 1228 4898 docuisse
1256 4817 1451 4898 feriar,
1485 4832 1658 4887 usque
1690 4817 1770 4873 ad
1801 4814 2157 4941 α.15551νςοι

244 4885 962 5025 ᾙῶΐὲἑῧψρῶ
1002 4887 1693 5034 ffgawmmm·
1684 4901 1881 5011 “ff
1909 4891 2181 5023 52...ae

244 5024 489 5089 Amulium
523 5040 583 5080 se
615 5025 862 5092 conferre
896 5030 1146 5081 statuet-tt
1179 5028 1230 5077 et
1266 5021 1476 5077 Ioanni
1516 5039 1555 5078 a
1589 5023 1773 5080 Lasso
1816 5023 2183 5080 commacu·

245 5092 409 5217 xlm
431 5097 583 5218 ‘Gor‘
622 5162 706 5218 tlu'
723 5094 1031 5217 agera
1054 5089 1559 5230 ‹5³ssngwa
1574 5092 1763 5228 fxv-”gt
1781 5107 2015 5216 pezza&
2036 5091 2182 5232 333

558 5180 620 5218 m
1761 5201 1774 5216 .

245 5179 1144 5367 3351338333ῢῶ
1178 5235 1408 5299 88888888

433 5368 493 5438 2)
541 5370 789 5427 Vanville
822 5373 893 5426 al.
938 5368 1197 5426 Vaum'lle.

1935 452 2097 515 1552
2142 447 2559 516 NOVEMB.

4128 452 4258 517 410

2306 636 2656 720 sponsione
2699 656 2852 719 pers
2899 634 3040 714 exi,
3097 635 3361 718 scriptis
3422 633 3921 719 significandam
3980 633 4098 700 tibi
4139 657 4260 720 per

2304 744 2410 788 me
2456 742 2683 787 eorum
2718 743 2840 787 con
2891 722 3160 786 'tionem
3203 720 3381 786 duxi.

2474 809 2918 891 Posteaquam
2974 808 3159 872 Deus
3209 807 3428 890 ipsum
3498 804 3731 872 ducem
3801 804 3987 872 nobis
4045 806 4259 890 capite

2304 893 2695 960 mulctatum
2741 891 3026 972 sustulit,
3074 891 3244 977 quod
3290 914 3409 958 suo
3453 893 3691 959 timens
3727 892 3921 974 capiti
3959 892 4103 956 aliis
4137 891 4258 958 ali-

2303 990 2464 1062 quot
2506 979 2585 1044 de
2641 987 2876 1045 senatu
2929 978 3112 1062 regio
3171 977 3435 1045 caedem
3486 977 3854 1044 machinari
3913 976 4256 1058 diceretur,

2305 1064 2430 1131 hoc
2475 1066 2715 1131 coactis
2749 1065 2939 1149 regni
2975 1063 3278 1142 comitiis,
3322 1085 3487 1147 quae
3522 1063 3755 1148 gallico
3791 1064 4056 1130 nomine
4090 1064 4257 1130 Par-

2303 1150 2691 1216 liamentum
2717 1172 2756 1216 a
2778 1147 3205 1233 proloquendi
3226 1149 3530 1215 fibertate
3550 1169 3880 1229 vocamus,
3918 1158 4138 1215 actum
4159 1157 4261 1216 est

2307 1246 2382 1300 ut
2423 1236 2563 1319 ipse
2585 1235 2835 1320 filiique
2859 1258 2941 1301 ex
2962 1236 3158 1301 Arma
3183 1236 3479 1320 coniuge,
3493 1236 3546 1319 ³)
3569 1257 3646 1301 ea
3680 1257 3846 1319 quae
3882 1234 4000 1300 tibi
4024 1235 4258 1320 (quan-

2307 1331 2450 1386 tum
2476 1341 2813 1404 nunquam
2841 1322 2982 1387 visa
3004 1321 3246 1404 potuit)
3283 1342 3411 1385 non
3448 1331 3554 1386 est
3593 1320 3838 1405 ignota,
3883 1342 4047 1404 quae
4083 1320 4260 1403 apud

2305 1406 2494 1471 illum
2537 1407 2610 1472 in
2660 1405 3041 1473 catharinae
3060 1412 3115 1482 ⁴)
3172 1405 3409 1489 prioris
3461 1421 3755 1471 mortuae
3800 1407 4062 1471 thorum
4108 1428 4258 1473 suo-

2306 1501 2611 1571 cesserat,
2658 1491 2952 1569 ducatus,
2997 1492 3374 1570 comitatus,
3424 1491 3779 1558 baronatus
3823 1492 3928 1577 (ut
3970 1513 4051 1576 ap

2307 1586 2487 1652 mus)
2533 1586 2600 1643 et
2643 1578 3023 1661 quorumvis
3068 1578 3347 1643 aliorum
3390 1577 3658 1643 honoris
3714 1585 3782 1644 et
3825 1577 3990 1643 bene
4078 1599 4115 1642 e
4155 1599 4257 1644 re-

2306 1662 2567 1746 publica
2619 1666 3001 1730 meritorum
3060 1663 3314 1729 ratione
3370 1662 3743 1729 additorum
3799 1664 4259 1746 cognominum

2305 1749 2516 1815 titulis
2561 1750 2824 1833 spoliati
2868 1749 2952 1814 ad
2993 1750 3291 1815 infimam
3326 1749 3641 1815 nobilium
3677 1749 4113 1816 conditionem
4153 1770 4261 1816 re-

2309 1834 2525 1901 deant.
2619 1834 2815 1915 Quod
2858 1836 3095 1902 attinet
3136 1834 3220 1900 ad
3264 1835 3536 1914 victum,
3580 1835 3676 1900 ita
3716 1835 3849 1901 illis
3883 1835 4259 1901 consultum

2307 1938 2433 1986 est:
2479 1922 2677 1987 Anna
2718 1921 2855 1986 filia
2898 1932 3057 1987 natu
3103 1921 3412 1998 maxima,
3458 1919 3543 1986 ad
3577 1943 3773 2005 quam
3811 1935 3960 1987 tuae
3995 1929 4260 1987 exstant

2306 2007 2571 2088 literae,
2633 2029 2673 2072 a
2714 2008 2926 2074 tribus
2981 2008 3186 2072 ferme
3245 2007 3438 2073 annis
3476 2007 3701 2073 comiti
3762 2007 4022 2072 Varvici
4074 2005 4258 2074 ducis

2309 2092 2796 2160 Northumbriae
2837 2093 2971 2159 filio
3017 2092 3284 2158 haeredi
3343 2100 3555 2177 nupta
3610 2090 3782 2175 apud
3827 2093 4047 2158 virum
4090 2092 4259 2159 bene

2306 2187 2375 2244 et
2417 2178 2774 2245 honorifice
2821 2178 3117 2245 habetur.
3141 2182 3194 2262 ³)
3280 2178 3470 2252 Aliae
3527 2188 3821 2262 quatuor,
3869 2174 4256 2264 Mamurita,

2307 2264 2508 2343 Iam,
2557 2263 2815 2343 Maria,
2866 2263 3245 2343 ΟαίΙιανίηα,
3292 2265 3581 2348 virgines
3626 2262 3708 2330 ad
3753 2265 4025 2329 amitam
4066 2284 4257 2330 suam

2304 2349 2549 2434 Reguli
2582 2350 2923 2416 Gromwelli
2967 2350 3235 2415 viduam
3274 2372 3314 2415 a
3347 2358 3581 2415 senatu
3617 2348 3953 2434 ablegatae
3996 2359 4173 2428 sunt,
4200 2351 4254 2426 ο)

2305 2435 2414 2500 cui
2459 2437 2542 2500 ad
2579 2435 2847 2501 alendas
2882 2436 3031 2501 illas
3060 2457 3101 2501 a
3136 2457 3291 2520 rege
3335 2436 3680 2521 quotannis
3717 2458 3800 2501 ex
3835 2434 4257 2518 parliamenti

2304 2522 2599 2587 consulto
2642 2521 2951 2589 marchae
2977 2524 3033 2599 ⁷)
3071 2532 3398 2588 nostrates
3435 2520 3950 2606 quadringentae
3984 2521 4256 2588 solvun-

2306 2615 2433 2671 tur.
2523 2605 2792 2672 Habent
2836 2607 3141 2674 marchae
3198 2607 3494 2691 singulae
3552 2617 3895 2675 coronatos
3939 2629 4170 2674 aureos
4214 2609 4253 2672 2

2304 2690 2546 2758 solidos
2593 2696 2629 2757 3
2677 2692 2983 2760 denarios
3028 2700 3087 2759 4.
3177 2692 3355 2759 Filia
3399 2694 3693 2759 omnium
3735 2695 4043 2772 minima,
4087 2714 4255 2778 quae

2301 2799 2478 2844 nunc
2517 2799 2766 2843 annum
2802 2780 2939 2863 agit
2973 2778 3351 2859 secundum,
3396 2778 3729 2846 Elimbeta
3772 2779 3948 2862 apud
3982 2780 4257 2846 amitam

2306 2862 2711 2943 Smithaeam,
2729 2866 2789 2947 8)
2832 2866 2963 2929 iam
3009 2887 3049 2930 a
3093 2874 3373 2949 quatuor
3405 2866 3741 2931 mensibus
3779 2864 4062 2944 viduam,
4108 2886 4252 2949 per-

2301 2949 2536 3015 solutis
2581 2951 2723 3034 pari
2765 2951 3021 3017 ratione
3064 2952 3134 3015 in
3179 2971 3386 3017 annos
3441 2949 3733 3036 singulos
3789 2950 4078 3018 marchis
4129 2956 4250 3016 100

2300 3035 2515 3100 alitur.
2583 3035 2759 3101 Filio
2805 3035 3073 3102 haeredi
3095 3035 3440 3103 Edouardo
3474 3057 3683 3101 annos
3717 3045 3873 3101 nato
3916 3035 4248 3117 tredecim,

2298 3120 2450 3188 vivo
2486 3124 2659 3204 patri
2695 3122 2878 3206 quasi
2915 3123 3284 3201 simulacro,
3319 3144 3402 3188 ex
3435 3131 3763 3189 terrarum
3798 3121 4247 3206 vectigalibus,

2297 3227 2464 3291 quae
2505 3208 2680 3291 patri
2734 3209 3081 3291 quotannis
3138 3206 3454 3274 librarum
3502 3208 3892 3274 nostratium
3939 3215 4251 3292 (quarum

2296 3295 2570 3375 quaevis
2615 3306 2894 3377 quatuor
2936 3303 3277 3360 coronatos
3333 3303 3411 3359 ut
3462 3303 3703 3362 vocant
3743 3314 3977 3360 aureos
4017 3289 4248 3379 efficit)

2294 3379 2430 3444 fere
2473 3378 2682 3443 millia
2702 3378 2757 3464 ⁹)
2802 3378 3190 3458 reddebant,
3248 3378 3540 3446 eiusdem
3584 3391 3852 3446 senatus
3905 3379 4250 3463 plebisque

2294 3465 2458 3530 scito
2515 3464 2725 3531 millia
2779 3465 3103 3531 librarum
3159 3465 3288 3531 duo
3349 3488 3501 3533 cum
3570 3466 3763 3550 paulo
3818 3466 3968 3550 plus
4025 3467 4247 3532 minus

2294 3549 2796 3633 quadringentis
2860 3551 3091 3618 relicta
3154 3561 3327 3618 sunt.
3440 3550 3632 3633 Quod
3702 3561 3847 3618 erat
3914 3550 4247 3635 reliquum

2295 3657 2448 3702 cum
2493 3637 2673 3701 omni
2716 3636 3164 3721 suppellectile
3200 3638 3271 3703 in
3313 3639 3546 3705 fiscum
3581 3645 3656 3704 ut
3690 3637 3857 3705 solet
3896 3637 4108 3703 cessit.
4173 3634 4246 3703 Is

2294 3742 2445 3788 cum
2484 3719 2736 3788 duobus
2758 3721 3073 3789 fratribus
3100 3723 3372 3792 Henrico
3406 3733 3473 3791 et
3496 3723 3859 3802 Edwardo,
3904 3723 4028 3788 hoc
4062 3723 4247 3806 quin-

2292 3817 2435 3871 tum
2480 3807 2592 3872 illo
2637 3806 2963 3873 decimum
3017 3809 3377 3875 secundum
3435 3818 3672 3894 agente
3732 3828 4008 3886 annum,
4068 3806 4246 3891 apud

2289 3893 2656 3977 principem
2699 3892 2982 3978 Angliae
3040 3905 3450 3979 quaestorem
3495 3903 3615 3960 est.
3703 3894 3852 3961 Illic
3911 3895 4053 3982 regi
4105 3913 4246 3964 sor-

2292 3987 2555 4057 vantur,
2602 3976 2686 4044 ad
2729 4000 2957 4063 quem,
3002 3979 3161 4045 dum
3204 4002 3322 4064 per
3364 3989 3646 4046 aetatem
3688 3981 4027 4048 immaturi
4068 3992 4245 4068 sunt,

2290 4064 2580 4146 pertinet
2634 4064 2954 4131 nobilium
3012 4066 3464 4149 orphanorum
3517 4066 3723 4133 tutela
3780 4077 3849 4133 et
3891 4074 4245 4153 possessio·-

2291 4339 2561 4463 &adbuc-3)
2586 4338 3045 4488 fsqffon‘ssiffie
3078 4355 3409 4490 afflig-02*
3429 4340 3625 4466 ciza
3659 4429 3710 4467 a.
3747 4343 3938 4467 15⁰}ss
4082 4362 4104 4415 ¹
4181 4348 4248 4417 οῗ

2532 4485 2550 4539 )
2587 4492 2746 4532 cutus
2771 4482 2936 4545 pater
2966 4475 3156 4543 fuerat
3190 4474 3288 4532 Su·
3401 4480 3574 4535 illium
3611 4480 3795 4536 Fmoz.
4184 4487 4191 4504 ”

2494 4544 2558 4612 5)
2594 4560 2737 4614 quae
2793 4550 2983 4613 postea
3036 4561 3117 4598 nu
3152 4545 3226 4601 eit
3276 4545 3476 4617 Equiti
3532 4547 3628 4603 Sir
3686 4548 3943 4606 Edward
3999 4553 4242 4622 Δωρίου

2286 4612 2517 4684 (Strype
2567 4629 2713 4667 mem.
2751 4619 2789 4668 t.
2826 4612 2915 4668 11.
2953 4611 2988 4666 2
3021 4628 3074 4680 p.
3112 4562 3195 4679 ἔ).

2496 4653 4245 4754 ὢΕωςιιέὺαεοοΙαΜανίαΜήωώικοεαῙυᾱΔωὰα

2289 4752 2389 4806 illa
2417 4752 2534 4816 fuit
2571 4750 2893 4806 Elisabeth
2926 4766 3086 4806 soror
3128 4755 3352 4822 revinas
3386 4753 3673 4810 Iohannes
3972 4798 3985 4810 .
4058 4756 4241 4811 Man·-

2151 4820 2182 4859 '·
2289 4827 2374 4875 tos
2422 4821 2617 4876 habuit
2648 4820 2948 4874 Antonium
3000 4818 3278 4888 Ouahtred
3326 4821 3581 4894 Εφκϊω
3624 4830 3679 4880 et
3711 4756 4036 4895 woronna
4081 4824 4243 4880 Lon-d

2291 4888 2572 4946 Gramma
2604 4891 2702 4960 qm·
2735 4889 2867 4943 obiit
2901 4904 2955 4944 a.
2989 4887 3144 4943 1551.

2495 4956 2549 5021 7)
2695 4973 2816 5013 nm
2852 4971 2948 5011 sex
2981 4973 3150 5012 um
3183 4958 3378 5013 Mrem
3413 4961 3638 5032 &erlino
3671 4962 3930 5030 officinam.

2494 5026 2553 5094 8)
2583 4974 2943 5107 mmmm,
2977 5032 3116 5081 natu
3148 5029 3427 5083 minimam
3463 5046 3700 5086 sororem
3720 5030 4065 5096 Protecton's,
4099 5046 4235 5086 αωο-

2288 5110 2402 5149 νεηι
2440 5094 2546 5164 Eq.
2585 5094 2682 5149 Str
2719 5092 2956 5149 clevum
2992 5094 3166 5151 &nith
3199 5096 3266 5164 of
3282 5096 3462 5153 Essem
3583 5101 3594 5113 “
3624 5100 3757 5154 obiit
3791 5097 3876 5155 26.
3910 5098 4057 5169 Any.
4080 5097 4234 5155 1552.

2285 5163 2620 5303 ιξιὼειῖῡαϋιέᾳι
2647 5164 2792 5286 ‚3032
2809 5165 2999 5233 nupsit
3035 5163 3236 5233 Eqnaiti
3269 5164 3365 5220 sir
3387 5115 3640 5223 Βεεῖἷὶα
3658 5165 3928 5238 Raima
3959 5169 4029 5235 of
4038 5167 4235 5224 Fam·

2485 5249 2520 5288 o
2576 5249 2598 5286 ι
2794 5272 2807 5287 .

2282 5369 2347 5425 οὗ
2493 5301 2552 5367 9)
2590 5300 2702 5425 Ιὲὼ
2736 5302 2864 5357 latet
2896 5315 3053 5358 error
3088 5304 3286 5360 omisso
3307 5318 3532 5359 nmero
3565 5302 3714 5372 quoa
3729 5308 3783 5360 et
3814 5303 4046 5361 editores
4061 5306 4236 5377 Anu

2350 5385 2615 5426 servarim
2641 5411 2653 5423 .
