4900 6167
659 417 791 484 359

677 604 900 674 causis
948 604 1145 670 istam
1190 601 1657 687 cogitationem
1703 601 2083 684 suscepisse.
2174 598 2309 667 Sed
2367 600 2650 684 negotiis

684 691 815 758 alio
858 689 1173 773 abreptus
1217 709 1325 754 me
1367 686 1628 772 rogavit
1680 696 1756 752 ut
1795 685 1917 752 tibi
1974 685 2180 770 ipsius
2234 686 2499 750 nomine
2543 706 2646 751 sa-

674 777 885 842 lutem
995 795 1193 859 quam
1295 772 1764 839 officiosissime
1860 771 2650 855 honorificentissimeque

673 860 1101 929 ascriberem.
1202 859 1309 925 De
1363 857 1448 923 D.
1521 858 1838 925 Varennio
1866 861 1948 938 ¹²)
2012 879 2143 923 non
2204 855 2430 923 dubito
2487 859 2650 941 quin

670 947 861 1013 illum
918 946 1145 1012 eadem
1202 944 1512 1032 cogitatio
1557 944 1920 1011 offenderit.
2009 943 2454 1010 Taciturnitas
2499 965 2647 1008 sua·

667 1054 821 1100 rum
908 1032 1250 1098 literarum
1309 1032 1471 1097 satis
1533 1049 1774 1114 magno
1842 1029 2230 1095 documento
2289 1037 2406 1095 est.
2514 1027 2648 1095 Sed

682 1118 1024 1186 Dominus
1046 1117 1234 1183 Iesus
1269 1137 1510 1200 parens
1547 1125 1740 1199 atque
1775 1123 1967 1181 autor
2000 1115 2327 1181 amicitiae
2361 1124 2648 1193 nostrae,

674 1206 787 1288 qui
838 1224 1142 1270 mearum
1207 1203 1680 1287 cogitationum
1737 1207 1838 1267 est
1880 1202 2209 1279 conscius,
2267 1210 2335 1267 et
2378 1203 2485 1267 cui
2528 1200 2648 1266 soli

669 1292 739 1356 in
799 1291 912 1356 his
980 1287 1340 1373 angoribus
1395 1288 1681 1369 confido,
1745 1286 1921 1352 illius
1976 1286 2531 1367 benevolentiam,
2591 1288 2649 1353 si

681 1375 853 1442 forte
906 1396 946 1441 a
1006 1395 1115 1440 me
1175 1374 1461 1440 alienata
1520 1383 1637 1453 est,
1700 1374 2103 1458 benignitate
2169 1380 2237 1436 et
2300 1374 2650 1439 clementia

679 1483 802 1529 sua
840 1459 1312 1528 reconciliabit.
1402 1460 1654 1526 Iterum
1719 1459 1886 1539 vale,
1946 1460 2041 1525 mi
2095 1466 2300 1543 pater,
2366 1459 2516 1525 vale
2581 1466 2648 1523 et

669 1548 869 1615 salve.

1459 1842 1643 1849 ——ffl
1650 1842 1865 1849 ——-—-—-

1549 2073 1743 2146 165⁰.

1098 2227 1550 2297 TRAHERO
1596 2228 2233 2296 BULLINGERO.

862 2400 1238 2467 Sententiam
1289 2399 1728 2465 Turicensiam
1786 2399 2194 2486 theoloyorum
2237 2402 2313 2466 de
2344 2404 2650 2484 praedes-

680 2488 991 2552 tinatione
1045 2486 1218 2566 cupit
1274 2486 1510 2550 rescire
1568 2505 1892 2567 eorumque
1943 2488 2254 2553 iudicium
2297 2489 2373 2553 de
2414 2509 2648 2571 nupero

681 2571 941 2638 Calvini
984 2571 1186 2636 libello
1220 2571 1404 2636 illum
1437 2570 1634 2636 locum
1670 2575 1981 2650 tractante,
2018 2593 2197 2656 quem
2229 2575 2479 2656 quidem
2513 2575 2649 2658 ipsc

680 2658 988 2722 maximis
1030 2656 1266 2722 extollit
1298 2657 1606 2722 laudibus,

683 2829 888 2891 (Excer
928 2835 1045 2882 tum
1092 2845 1159 2882 ex
1197 2827 1394 2883 Codice
1559 2869 1570 2881 .
1620 2847 1685 2882 an
1726 2830 1951 2882 licarum
1995 2829 2049 2884 in
2089 2830 2258 2883 Arch.
2300 2831 2477 2884 Turia
2515 2833 2643 2886 olim

685 2898 858 2953 Sci-in.
949 2937 961 2950 .
1003 2896 1085 2964 19,
1124 2914 1266 2952 1111110
1300 2898 1445 2951 Plut.
1539 2899 1579 2951 1.
1615 2899 1697 2952 Vo
1721 2937 1737 2953 .
1777 2895 1878 2951 164
1913 2897 1982 2952 N.
2016 2897 2119 2952 201
2158 2905 2369 2969 autogr.
2407 2927 2474 2938 —
2511 2900 2648 2955 Sim-

683 2969 782 3022 lcr.
820 2967 947 3021 Vol.
986 2965 1067 3021 78.
1140 2967 1416 3036 Integram
1463 2968 1634 3022 edidit
1667 2967 1787 3022 Soc.
1827 2966 2156 3022 Parkeriana
2189 2969 2360 3023 latine
2407 2971 2466 3022 in
2502 2971 2644 3039 Epp.

1044 3036 1162 3106 Tig.
1202 3036 1270 3090 N.
1311 3035 1410 3089 154
1444 3054 1498 3106 p.
1532 3034 1652 3102 214,
1688 3036 1899 3107 anglice
1934 3038 1995 3092 Τ.
2029 3037 2096 3090 11.
2134 3035 2282 3104 324.)

850 3206 1255 3273 Doctissimo
1296 3213 1488 3290 atque
1545 3209 1792 3292 optimo
1836 3208 1978 3276 viro
2021 3210 2103 3276 D.
2149 3208 2437 3275 Henrico
2478 3210 2642 3276 Bul-

679 3291 938 3376 lingero
981 3292 1170 3357 fratri
1215 3294 1515 3376 inprimis
1558 3293 1847 3360 colendo.

682 3548 2638 3567 —————————-—--———

850 3599 1304 3666 Vehementer
1346 3599 1540 3683 cupio
1583 3602 1749 3667 scire
1784 3599 1942 3685 quid
1980 3610 2056 3667 tu
2102 3609 2167 3667 et
2200 3604 2442 3670 caeteri
2489 3603 2638 3671 doc·

671 3687 914 3754 tissimi
964 3686 1092 3752 viri
1137 3686 1247 3769 qui
1292 3686 1524 3771 Tiguri
1565 3708 1600 3751 a
1654 3686 1758 3753 ‘tis
1805 3687 1886 3753 de
1928 3687 2523 3771 praedestinatione
2568 3697 2637 3756 et

672 3770 804 3838 Dei
868 3770 1285 3857 providentia
1362 3772 1683 3838 sentiatis.
1709 3778 1761 3851 ¹)
1870 3771 1947 3840 Si
2015 3796 2276 3841 causam
2355 3777 2633 3858 quaeris,

673 3865 830 3923 sunt
876 3858 987 3924 hic
1030 3858 1294 3942 quidam
1353 3860 1468 3943 qui
1532 3858 1704 3941 apud
1760 3879 1877 3927 vos
1928 3859 2279 3944 aliquando
2335 3869 2632 3946 egerunt,

675 3943 789 4027 qui
828 3963 946 4009 vos
983 3955 1279 4009 asserant
1301 3946 1573 4009 nimium
1609 3949 2114 4028 μελαγχθονίζειν.
2172 3946 2456 4011 Plurimi
2480 3968 2635 4013 vero

675 4028 854 4113 apud
897 4049 1037 4106 nos,
1083 4029 1154 4093 in
1189 4050 1468 4112 quorum
1512 4053 1788 4097 numero
1831 4053 1936 4097 me
1980 4033 2189 4098 fateor
2233 4054 2393 4111 esse,
2438 4033 2635 4098 Ioan-

672 4116 779 4180 nis
829 4113 1082 4181 Calvini
1120 4116 1511 4182 sententiam
1558 4127 1633 4182 ut
1673 4119 2083 4202 perspicuam
2131 4127 2198 4184 et
2240 4120 2440 4185 sacris
2485 4119 2634 4184 lite·

673 4202 767 4267 ris
835 4201 1123 4266 maxime
1180 4210 1685 4268 consentaneam
1741 4203 2242 4287 amplectuntur.
2334 4207 2433 4271 Ac
2491 4205 2634 4270 Deo

673 4285 939 4370 quidem
1000 4288 1248 4372 gratias
1301 4289 1624 4353 maximas
1682 4290 1937 4373 agimus
1996 4289 2166 4372 quod
2226 4312 2437 4375 nuper
2482 4289 2632 4356 doc-

675 4373 914 4439 tissimi
982 4384 1047 4437 et
1115 4373 1346 4457 optimi
1411 4373 1540 4437 viri
1595 4374 1865 4440 Ioannis
1927 4374 2178 4441 Calvini
2247 4376 2631 4460 opusculum

673 4460 1018 4542 egregium
1085 4469 1311 4524 contra
1382 4457 1684 4542 Piyhium
1748 4473 1816 4525 et
1863 4461 2223 4545 ·Geor9ium
2282 4464 2626 4545 quendam.

675 4544 975 4611 Siculum
1032 4544 1376 4626 prodierit,
1448 4567 1524 4611 eo
1580 4556 1874 4630 tempore
1935 4568 2063 4631 quo
2119 4547 2281 4614 haec
2335 4551 2629 4632 quaestio

672 4628 845 4713 apud
894 4651 1014 4693 nos
1058 4633 1295 4714 agitari
1338 4632 1570 4716 coepit.
1659 4632 1977 4700 Fatemur
2033 4636 2205 4700 enim
2264 4655 2412 4700 eum
2459 4633 2630 4701 mul·

670 4733 814 4782 tum
882 4716 1046 4781 lucis
1113 4717 1443 4798 attulisse,
1509 4719 1641 4784 imo
1684 4725 1897 4784 totum
1956 4722 2080 4787 hoc
2138 4722 2479 4805 negotium
2539 4722 2631 4785 ita

673 4809 1011 4878 tractasse,
1073 4811 1147 4865 ut
1206 4803 1372 4867 nihil
1430 4825 1640 4887 neque
1702 4803 1954 4874 doctius
2014 4828 2222 4890 neque
2282 4806 2631 4873 dilucidius

680 5060 949 5192 iesofflss
984 5059 1365 5195 {afficta
1401 5128 1589 5183 Buzzi„
1629 5145 1755 5184 em
1788 5147 1840 5185 a.
1878 5132 1929 5185 a.
1984 5131 2074 5185 VI.
2117 5131 2264 5188 Non.
2290 5134 2461 5190 Marc.
2484 5133 2632 5188 1553.

682 5195 772 5249 De
805 5198 891 5251 his
927 5215 1042 5266 epp.
1081 5199 1149 5264 cf.
1194 5199 1506 5267 Hotlinyeri
1601 5240 1613 5251 .
1655 5199 1724 5252 E.
1763 5200 1914 5254 VIII.
1953 5199 2070 5254 723.
2133 5201 2427 5258 Schweaeer
2456 5203 2634 5258 Centr.

680 5263 881 5333 Doym.
918 5267 960 5319 Ι.
996 5268 1099 5321 265
1135 5284 1212 5336 sq.
1286 5265 1373 5321 De
1413 5267 1789 5324 Bartholomeo
1834 5269 2144 5325 Traherone
2180 5272 2474 5339 (Trehern)
2515 5274 2637 5327 vide
2685 5241 2690 5312 !

669 5334 844 5400 infra.

2193 410 2724 480 EPISTOLAE
2775 392 3200 476 164‘9--1653

4430 398 4453 423 ⁶
4564 415 4677 478 360

2753 599 3072 667 hactenus
3137 599 3519 666 viderimus.
3636 599 3960 684 Oupimus
4021 607 4245 666 tamen
4319 598 4484 666 scire
4539 601 4680 685 quid

2753 705 2870 753 vos
2904 685 3219 766 sentiatis,
3254 687 3491 770 quibus
3523 685 3670 754 iure
3704 686 4064 771 plurimum
4100 686 4466 752 tribuimus.
4528 685 4680 771 Spe-

2752 792 2978 837 ramus
3020 779 3197 839 certe
3240 794 3357 837 vos
3402 772 3484 838 ab
3526 772 3703 839 illius
3737 774 3984 856 optima
4028 780 4096 837 et
4138 772 4509 838 doctissima
4549 793 4684 838 sen-

2753 859 2964 923 tentia
3018 859 3190 923 nihil
3247 858 3613 924 dissentire.
3702 857 3957 925 Saltem
4013 857 4444 943 dignabimini
4499 879 4683 943 expo-

2753 964 2910 1009 nere
2952 945 3106 1027 quid
3153 945 3218 1009 i'n
3262 964 3340 1009 eo
3383 943 3601 1010 libello
3644 945 3752 1010 vel
3796 944 4108 1029 probetis,
4146 945 4256 1011 vel
4299 943 4682 1022 desideretis,

2752 1030 2859 1095 vel
2913 1030 3180 1096 omnino
3241 1030 3577 1110 reiiciatis,
3638 1032 3692 1095 si
3751 1042 3974 1096 tamen
4020 1029 4265 1113 aliquid
4310 1030 4454 1096 sitis
4495 1033 4682 1096 reiec-

2751 1116 2918 1192 turi,
2974 1115 3149 1200 quod
3201 1138 3332 1182 non
3390 1115 3579 1182 facile
3635 1116 3976 1182 credimus.
4059 1120 4180 1179 Καὶ
4236 1118 4419 1179 ταῦτα
4467 1122 4570 1195 μὲν
4617 1115 4682 1194 δὴ

2751 1203 2951 1266 ταῦτα.
3005 1233 3706 1251 ——————
3761 1200 4054 1267 Londini
4104 1208 4196 1267 10.
4246 1201 4428 1284 Sept.
4450 1203 4505 1287 2)

3956 1341 4137 1405 Tuus
4182 1361 4265 1404 ex
4311 1339 4528 1403 animo

3966 1443 4122 1508 Bar.
4169 1440 4524 1507 Traheron.

3637 1954 3825 2026 1651.

3211 2107 3766 2178 VOLMARIUS
3817 2108 4253 2176 OALVINO.

2931 2278 3059 2346 Cur
3096 2279 3338 2346 dudum
3371 2280 3535 2346 nihil
3567 2282 3889 2364 scmPserit
3921 2282 4138 2348 allatis
4171 2282 4387 2348 causis
4423 2282 4683 2364 explicat.

2760 2363 3143 2432 Germaniae
3184 2372 3409 2432 sortem
3450 2367 3624 2448 deflet
3662 2389 3822 2450 quae
3876 2367 3989 2433 sub
4021 2372 4360 2448 praetextu
4403 2367 4684 2434 libertatis

2749 2451 3165 2518 vindicandae
3231 2453 3456 2517 misere
3523 2453 3844 2536 diripitur.
3959 2454 4258 2518 Attamen
4333 2454 4406 2518 in
4473 2454 4681 2519 ducatu

2767 2537 3263 2623 Wirtemberyico
3307 2538 3622 2622 pontificii
3677 2540 3885 2606 denuo
3934 2539 4138 2604 solum
4206 2544 4440 2606 vertere
4508 2539 4680 2608 coacti

2749 2628 2910 2689 sunt.

2977 2796 3086 2863 (Ex
3124 2795 3460 2864 autographo
3495 2796 3625 2850 bibl.
3663 2795 3864 2851 Genev.
3904 2796 4030 2852 Cod.
4069 2796 4186 2860 109,
4224 2798 4318 2853 fol.
4356 2795 4466 2864 38.)

2917 2967 3150 3052 Longe
3188 2966 3560 3033 doctissimo
3597 2975 3791 3051 atque
3835 2971 4082 3054 optimo
4123 2969 4261 3037 viro
4297 2971 4385 3035 D.
4425 2968 4675 3037 Calvino

2748 3052 3161 3120 Genevensis
3216 3052 3524 3119 ecclesiae
3580 3054 3861 3121 antistiti
3926 3054 4190 3121 domino
4245 3077 4368 3121 suo
4433 3054 4675 3123 colendo

2746 3139 3053 3223 theologo
3098 3146 3166 3203 et
3207 3142 3415 3206 amico
3456 3139 3953 3224 incomparabili

4188 3230 4520 3296 Genevae.

2917 3360 2986 3428 S.
3057 3359 3249 3442 Quod
3293 3362 3544 3428 tamdiu
3589 3363 3761 3429 nihil
3804 3364 3885 3429 ad
3942 3388 4059 3432 vos
4118 3368 4495 3452 scripserim
4537 3387 4674 3434 cau-

2745 3467 2885 3513 sam
2945 3469 3028 3512 ex
3071 3447 3288 3514 Badio
3311 3453 3362 3523 ¹)
3420 3471 3787 3534 cognosces.
3879 3449 3994 3518 Sic
4038 3457 4216 3520 enim
4269 3454 4673 3537 epistolarum

2742 3553 3036 3598 mearum
3095 3533 3177 3598 ad
3232 3555 3351 3600 vos
3410 3544 3800 3619 argumenta
3856 3537 4088 3621 partiri
4146 3542 4368 3606 visum
4424 3549 4548 3619 est,
4599 3558 4671 3604 ne

2741 3619 2968 3685 eadem
3013 3620 3254 3703 ubique
3307 3622 3662 3704 repetendo
3719 3623 4230 3710 inculcandoque
4284 3635 4354 3692 et
4406 3626 4563 3692 mihi
4615 3635 4672 3689 et

2742 3703 2924 3771 vobis
2967 3705 3093 3770 sim
3136 3706 3483 3787 molestus,
3545 3707 3665 3772 tibi
3708 3713 4092 3791 praesertim
4137 3713 4281 3778 aliis
4323 3713 4530 3779 multo
4571 3733 4668 3776 ne-

2740 3791 3040 3857 cessariis
3082 3792 3277 3858 rebus
3322 3803 3634 3878 occupato
3677 3795 3961 3876 homini,
4017 3820 4214 3881 quam
4258 3807 4338 3863 ut
4378 3800 4601 3864 inanes
4639 3816 4672 3860 a

2739 3899 2846 3942 me
2887 3879 3148 3961 meique
3184 3879 3506 3946 similibus
3541 3882 3953 3949 narrationes
3995 3895 4184 3950 vacet
4225 3885 4462 3969 legere.
4525 3883 4672 3949 Fuit

2738 3963 3002 4046 quidem
3039 3971 3193 4029 ante
3228 3985 3520 4031 mensem
3556 3967 3872 4052 Lugduni
3915 3969 4137 4035 fratris
4173 3972 4302 4036 mei
4342 3971 4513 4036 filius
4554 3969 4668 4053 qui,

2740 4050 3002 4115 tametsi
3067 4070 3188 4134 per
3231 4048 3572 4134 Sequanos
3615 4053 3970 4120 Heduosve
4028 4057 4154 4123 iter
4208 4077 4405 4122 suum
4454 4056 4665 4131 tenuit,

2735 4135 2926 4202 facile
2971 4144 3191 4201 tamen
3250 4156 3333 4200 ex
3391 4136 3553 4201 urbe
3611 4159 3791 4204 meas
3848 4140 3930 4204 ad
3988 4164 4103 4208 vos
4159 4143 4386 4209 literas
4430 4143 4668 4208 mittere

2736 4230 3022 4305 poterat,
3084 4223 3142 4287 si
3186 4224 3326 4288 eius
3371 4222 3627 4303 literae,
3684 4225 3916 4307 quibus
3979 4249 4085 4295 me
4142 4231 4487 4295 certiorem
4527 4244 4667 4293 suae

2735 4308 3155 4391 profectionis
3216 4310 3491 4387 fecerat,
3549 4309 3622 4372 in
3675 4318 3996 4395 tempore,
4056 4314 4123 4381 id
4179 4324 4281 4381 est
4339 4320 4665 4399 antequam

2737 4395 2861 4459 iter
2901 4392 3412 4475 ingrediebatur,
3457 4393 3749 4461 redditae
3795 4400 3958 4465 mihi
4001 4402 4297 4468 fuissent.
4391 4402 4496 4467 De
4534 4415 4666 4463 11100

2737 4478 2820 4543 ad
2867 4501 2982 4545 vos
3033 4479 3324 4546 adventu
3381 4501 3539 4547 vere
3598 4503 3748 4547 cum
3804 4487 4089 4567 apostolo
4139 4488 4359 4554 dicere
4402 4503 4663 4571 possum,

2736 4565 2831 4629 mi
2894 4565 3262 4630 venerande
3310 4565 3590 4646 Calvino,
3657 4589 3887 4652 rogare
3942 4593 4048 4636 me
4111 4581 4188 4638 ut
4239 4571 4503 4638 tandem
4560 4568 4664 4635 ali-

2737 4652 2995 4733 quando
3040 4672 3424 4735 prosperum
3467 4653 3594 4717 iter
3648 4656 3812 4719 mihi
3870 4657 4171 4742 obtingat
4222 4681 4343 4742 per
4389 4660 4664 4724 volunta-

2737 4747 2872 4802 tem
2913 4738 3042 4803 Dei
3086 4736 3394 4802 veniendi
3440 4737 3523 4803 ad
3564 4761 3715 4820 vos,
3774 4742 3886 4807 sed
3932 4753 4005 4809 ut
4049 4744 4309 4828 aliquod
4353 4742 4664 4828 impartia-

2944 4995 3003 5058 2)
3043 4994 3268 5049 Annum
3302 4997 3450 5052 sistit
3481 5000 3679 5053 mentio
3711 4999 3842 5053 libri
3878 4997 4197 5056 Calviniani
4228 5018 4403 5073 nuper
4435 5001 4575 5056 editi.
4633 5068 4641 5076 ·

2684 5077 2690 5140 ÷
2736 5064 2908 5198 aa·
2937 5134 3936 5196 ..-54
3953 5072 4664 5194 aasz-aeaeae

2684 5169 2690 5226 Ι
2737 5175 3006 5290 cepit'uoi
3035 5189 3305 5286 ‘Crispino
3349 5179 3551 5286 sociarit
3597 5221 3655 5259 se
3696 5152 3969 5285 adilina-it.
4043 5183 4186 5262 Eius
4229 5181 4386 5263 soror
4435 5209 4660 5286 Perretta

2683 5315 2692 5390 ι
2740 5272 2882 5397 ιῖῗῧῨε-
2919 5272 3578 5397 .{‘32353?.:„.“535.·.{255;.
3611 5274 4095 5408 &amttam
4141 5285 4219 5332 ⁶⁸²
4265 5296 4317 5332 ‘¹‘
4362 5275 4493 5330 ¹⁵⁵²
4537 5281 4662 5328 ‘⁷²²⁶'
