<?xml version="1.0" encoding="UTF-8"?>
<!DOCTYPE html PUBLIC "-//W3C//DTD XHTML 1.0 Transitional//EN"
    "http://www.w3.org/TR/xhtml1/DTD/xhtml1-transitional.dtd">
<html xmlns="http://www.w3.org/1999/xhtml" xml:lang="en" lang="en">
 <head>
  <title>
</title>
<meta http-equiv="Content-Type" content="text/html;charset=utf-8" />
  <meta name='ocr-system' content='tesseract 3.04.00' />
  <meta name='ocr-capabilities' content='ocr_page ocr_carea ocr_par ocr_line ocrx_word'/>
</head>
<body>
  <div class='ocr_page' id='page_1' title='image "./ioanniscalvinio03unkngoog_0098.png"; bbox 0 0 4900 6167; ppageno 0'>
   <div class='ocr_carea' id='block_1_1' title="bbox 549 487 665 548">
    <p class='ocr_par' dir='ltr' id='par_1_1' title="bbox 549 487 665 548">
     <span class='ocr_line' id='line_1_1' title="bbox 549 487 665 548; baseline 0 -1"><span class='ocrx_word' id='word_1_1' title='bbox 549 487 665 548; x_wconf 82' lang='lat'><strong>1⁷1</strong></span> 
     </span>
    </p>
   </div>
   <div class='ocr_carea' id='block_1_2' title="bbox 541 666 2489 906">
    <p class='ocr_par' dir='ltr' id='par_1_2' title="bbox 541 666 2489 906">
     <span class='ocr_line' id='line_1_2' title="bbox 541 666 2487 755; baseline -0.003 -18"><span class='ocrx_word' id='word_1_2' title='bbox 541 669 921 737; x_wconf 73' lang='lat' dir='ltr'><strong>Clarissimo</strong></span> <span class='ocrx_word' id='word_1_3' title='bbox 986 670 1129 733; x_wconf 86' lang='lat' dir='ltr'><strong>viro</strong></span> <span class='ocrx_word' id='word_1_4' title='bbox 1197 669 1277 735; x_wconf 91' lang='lat' dir='ltr'><strong>D.</strong></span> <span class='ocrx_word' id='word_1_5' title='bbox 1338 668 1725 755; x_wconf 78' lang='lat' dir='ltr'><strong>Heinrycho</strong></span> <span class='ocrx_word' id='word_1_6' title='bbox 1790 666 2180 752; x_wconf 89' lang='lat' dir='ltr'><strong>Bullingero</strong></span> <span class='ocrx_word' id='word_1_7' title='bbox 2243 668 2487 750; x_wconf 83' lang='lat' dir='ltr'><strong>pastori</strong></span> 
     </span>
     <span class='ocr_line' id='line_1_3' title="bbox 541 743 2489 855; baseline -0.003 -32"><span class='ocrx_word' id='word_1_8' title='bbox 541 743 847 823; x_wconf 82' lang='lat' dir='ltr'><strong>ecc&#39;lesiae</strong></span> <span class='ocrx_word' id='word_1_9' title='bbox 889 753 1245 839; x_wconf 73' lang='lat' dir='ltr'><strong>Tigurinae</strong></span> <span class='ocrx_word' id='word_1_10' title='bbox 1286 752 1664 855; x_wconf 78' lang='lat' dir='ltr'><strong>fidelissimo</strong></span> <span class='ocrx_word' id='word_1_11' title='bbox 1722 754 1984 818; x_wconf 91' lang='lat' dir='ltr'><strong>domino</strong></span> <span class='ocrx_word' id='word_1_12' title='bbox 2049 761 2119 819; x_wconf 89' lang='lat' dir='ltr'><strong>et</strong></span> <span class='ocrx_word' id='word_1_13' title='bbox 2169 754 2489 836; x_wconf 75' lang='lat' dir='ltr'><strong>compatri</strong></span> 
     </span>
     <span class='ocr_line' id='line_1_4' title="bbox 1258 860 1769 906; baseline -0.002 -2"><span class='ocrx_word' id='word_1_14' title='bbox 1258 861 1376 905; x_wconf 83' lang='lat' dir='ltr'><strong>suo</strong></span> <span class='ocrx_word' id='word_1_15' title='bbox 1419 860 1769 906; x_wconf 76' lang='lat' dir='ltr'><strong>carissimo.</strong></span> 
     </span>
    </p>
   </div>
   <div class='ocr_carea' id='block_1_3' title="bbox 550 1012 2482 1026">
    <p class='ocr_par' dir='ltr' id='par_1_3' title="bbox 550 1012 2482 1026">
     <span class='ocr_line' id='line_1_5' title="bbox 550 1012 2482 1026; baseline -0.002 0"><span class='ocrx_word' id='word_1_16' title='bbox 550 1017 624 1026; x_wconf 70' lang='grc' dir='ltr'><strong><em>σου..</em></strong></span> <span class='ocrx_word' id='word_1_17' title='bbox 700 1017 764 1024; x_wconf 67' lang='grc'><strong>..-</strong></span> <span class='ocrx_word' id='word_1_18' title='bbox 836 1015 904 1023; x_wconf 85' lang='lat'><strong>—-</strong></span> <span class='ocrx_word' id='word_1_19' title='bbox 960 1014 1029 1023; x_wconf 59' lang='grc' dir='ltr'><strong>ς·-</strong></span> <span class='ocrx_word' id='word_1_20' title='bbox 1102 1015 1168 1023; x_wconf 68' lang='lat' dir='ltr'><strong>‹n-o</strong></span> <span class='ocrx_word' id='word_1_21' title='bbox 1226 1015 1297 1023; x_wconf 80' lang='lat'><strong>-—</strong></span> <span class='ocrx_word' id='word_1_22' title='bbox 1368 1015 1439 1023; x_wconf 75' lang='grc' dir='ltr'><strong>ι-</strong></span> <span class='ocrx_word' id='word_1_23' title='bbox 1497 1015 1569 1023; x_wconf 58' lang='grc' dir='ltr'>...ι-</span> <span class='ocrx_word' id='word_1_24' title='bbox 1618 1013 1703 1023; x_wconf 87' lang='grc'>-</span> <span class='ocrx_word' id='word_1_25' title='bbox 1747 1012 1831 1024; x_wconf 77' lang='lat'><em>-</em></span> <span class='ocrx_word' id='word_1_26' title='bbox 1877 1014 1948 1021; x_wconf 83' lang='lat'><strong>-—--</strong></span> <span class='ocrx_word' id='word_1_27' title='bbox 2014 1014 2085 1022; x_wconf 79' lang='lat'><strong>—-</strong></span> <span class='ocrx_word' id='word_1_28' title='bbox 2141 1014 2213 1022; x_wconf 79' lang='lat'><strong>—-</strong></span> <span class='ocrx_word' id='word_1_29' title='bbox 2281 1014 2351 1023; x_wconf 77' lang='grc' dir='ltr'><strong>-ι-</strong></span> <span class='ocrx_word' id='word_1_30' title='bbox 2410 1014 2482 1023; x_wconf 83' lang='lat'><strong>——</strong></span> 
     </span>
    </p>
   </div>
   <div class='ocr_carea' id='block_1_4' title="bbox 541 1061 2494 4747">
    <p class='ocr_par' dir='ltr' id='par_1_4' title="bbox 542 1061 2492 2345">
     <span class='ocr_line' id='line_1_6' title="bbox 714 1061 2491 1144; baseline -0.002 -14"><span class='ocrx_word' id='word_1_31' title='bbox 714 1061 909 1144; x_wconf 79' lang='lat' dir='ltr'><strong>Quod</strong></span> <span class='ocrx_word' id='word_1_32' title='bbox 952 1061 1347 1128; x_wconf 65' lang='lat' dir='ltr'><strong>Mauri-sium</strong></span> <span class='ocrx_word' id='word_1_33' title='bbox 1399 1062 1584 1128; x_wconf 91' lang='lat' dir='ltr'><strong>illum</strong></span> <span class='ocrx_word' id='word_1_34' title='bbox 1629 1062 1868 1127; x_wconf 75' lang='lat' dir='ltr'><strong>attinet</strong></span> <span class='ocrx_word' id='word_1_35' title='bbox 1894 1061 1938 1138; x_wconf 88' lang='lat'><strong>¹)</strong></span> <span class='ocrx_word' id='word_1_36' title='bbox 1994 1082 2128 1127; x_wconf 91' lang='lat' dir='ltr'><strong>non</strong></span> <span class='ocrx_word' id='word_1_37' title='bbox 2181 1073 2282 1127; x_wconf 90' lang='lat' dir='ltr'><strong>est</strong></span> <span class='ocrx_word' id='word_1_38' title='bbox 2323 1062 2491 1126; x_wconf 86' lang='lat' dir='ltr'><strong>mihi</strong></span> 
     </span>
     <span class='ocr_line' id='line_1_7' title="bbox 543 1145 2486 1231; baseline -0.002 -16"><span class='ocrx_word' id='word_1_39' title='bbox 543 1161 743 1215; x_wconf 73' lang='lat' dir='ltr'><strong>notus</strong></span> <span class='ocrx_word' id='word_1_40' title='bbox 806 1147 1001 1225; x_wconf 87' lang='lat' dir='ltr'><strong>facie,</strong></span> <span class='ocrx_word' id='word_1_41' title='bbox 1081 1145 1254 1230; x_wconf 89' lang='lat' dir='ltr'><strong>quod</strong></span> <span class='ocrx_word' id='word_1_42' title='bbox 1317 1156 1493 1231; x_wconf 86' lang='lat' dir='ltr'><strong>puto.</strong></span> <span class='ocrx_word' id='word_1_43' title='bbox 1592 1145 1771 1214; x_wconf 60' lang='lat' dir='ltr'><strong>Bessa</strong></span> <span class='ocrx_word' id='word_1_44' title='bbox 1834 1146 1951 1211; x_wconf 88' lang='lat' dir='ltr'><strong>tibi</strong></span> <span class='ocrx_word' id='word_1_45' title='bbox 2016 1146 2176 1212; x_wconf 89' lang='lat' dir='ltr'><strong>haec</strong></span> <span class='ocrx_word' id='word_1_46' title='bbox 2240 1146 2486 1212; x_wconf 85' lang='lat' dir='ltr'><strong>retulit.</strong></span> 
     </span>
     <span class='ocr_line' id='line_1_8' title="bbox 543 1231 2489 1317; baseline -0.003 -16"><span class='ocrx_word' id='word_1_47' title='bbox 543 1235 717 1301; x_wconf 86' lang='lat' dir='ltr'><strong>Puto</strong></span> <span class='ocrx_word' id='word_1_48' title='bbox 773 1255 878 1299; x_wconf 91' lang='lat' dir='ltr'><strong>me</strong></span> <span class='ocrx_word' id='word_1_49' title='bbox 932 1253 1184 1317; x_wconf 90' lang='lat' dir='ltr'><strong>quoque</strong></span> <span class='ocrx_word' id='word_1_50' title='bbox 1238 1234 1589 1316; x_wconf 77' lang='lat' dir='ltr'>scripsisse.</span> <span class='ocrx_word' id='word_1_51' title='bbox 1690 1233 2078 1316; x_wconf 88' lang='lat' dir='ltr'><strong>Perquiram</strong></span> <span class='ocrx_word' id='word_1_52' title='bbox 2137 1231 2383 1315; x_wconf 86' lang='lat' dir='ltr'><strong>diligen</strong></span> <span class='ocrx_word' id='word_1_53' title='bbox 2391 1242 2489 1297; x_wconf 90' lang='lat' dir='ltr'><strong>ter</strong></span> 
     </span>
     <span class='ocr_line' id='line_1_9' title="bbox 544 1317 2490 1403; baseline -0.002 -17"><span class='ocrx_word' id='word_1_54' title='bbox 544 1321 766 1386; x_wconf 89' lang='lat' dir='ltr'><strong>omnia</strong></span> <span class='ocrx_word' id='word_1_55' title='bbox 827 1329 893 1384; x_wconf 91' lang='lat' dir='ltr'><strong>et</strong></span> <span class='ocrx_word' id='word_1_56' title='bbox 973 1319 1266 1403; x_wconf 86' lang='lat' dir='ltr'><strong>cogitabo</strong></span> <span class='ocrx_word' id='word_1_57' title='bbox 1340 1317 1421 1384; x_wconf 90' lang='lat' dir='ltr'><strong>de</strong></span> <span class='ocrx_word' id='word_1_58' title='bbox 1494 1318 1798 1383; x_wconf 88' lang='lat' dir='ltr'><strong>remedio.</strong></span> <span class='ocrx_word' id='word_1_59' title='bbox 1909 1317 2096 1383; x_wconf 76' lang='lat' dir='ltr'><strong>Talia</strong></span> <span class='ocrx_word' id='word_1_60' title='bbox 2174 1317 2490 1383; x_wconf 87' lang='lat' dir='ltr'><strong>habemus</strong></span> 
     </span>
     <span class='ocr_line' id='line_1_10' title="bbox 544 1404 2492 1487; baseline -0.002 -16"><span class='ocrx_word' id='word_1_61' title='bbox 544 1406 783 1482; x_wconf 87' lang='lat' dir='ltr'><strong>multa,</strong></span> <span class='ocrx_word' id='word_1_62' title='bbox 838 1405 1225 1486; x_wconf 89' lang='lat' dir='ltr'><strong>praesertim</strong></span> <span class='ocrx_word' id='word_1_63' title='bbox 1267 1405 1441 1468; x_wconf 89' lang='lat' dir='ltr'><strong>inter</strong></span> <span class='ocrx_word' id='word_1_64' title='bbox 1483 1404 1740 1481; x_wconf 77' lang='lat' dir='ltr'><strong>Gallos,</strong></span> <span class='ocrx_word' id='word_1_65' title='bbox 1805 1425 1925 1469; x_wconf 92' lang='lat' dir='ltr'><strong>nec</strong></span> <span class='ocrx_word' id='word_1_66' title='bbox 1970 1405 2115 1468; x_wconf 88' lang='lat' dir='ltr'><strong>fieri</strong></span> <span class='ocrx_word' id='word_1_67' title='bbox 2156 1414 2371 1487; x_wconf 86' lang='lat' dir='ltr'><strong>potest</strong></span> <span class='ocrx_word' id='word_1_68' title='bbox 2416 1415 2492 1468; x_wconf 86' lang='lat' dir='ltr'><strong>ut</strong></span> 
     </span>
     <span class='ocr_line' id='line_1_11' title="bbox 544 1489 2490 1573; baseline -0.002 -16"><span class='ocrx_word' id='word_1_69' title='bbox 544 1493 765 1557; x_wconf 89' lang='lat' dir='ltr'><strong>omnia</strong></span> <span class='ocrx_word' id='word_1_70' title='bbox 797 1492 866 1555; x_wconf 93' lang='lat' dir='ltr'><strong>in</strong></span> <span class='ocrx_word' id='word_1_71' title='bbox 901 1489 1196 1555; x_wconf 81' lang='lat' dir='ltr'><strong>ordinem</strong></span> <span class='ocrx_word' id='word_1_72' title='bbox 1233 1489 1631 1573; x_wconf 70' lang='lat' dir='ltr'><strong>redigantur,</strong></span> <span class='ocrx_word' id='word_1_73' title='bbox 1678 1489 2016 1571; x_wconf 79' lang='lat' dir='ltr'><strong>siquidem,</strong></span> <span class='ocrx_word' id='word_1_74' title='bbox 2062 1489 2119 1554; x_wconf 87' lang='lat' dir='ltr'><strong>si</strong></span> <span class='ocrx_word' id='word_1_75' title='bbox 2165 1490 2270 1554; x_wconf 82' lang='lat' dir='ltr'><strong>vel</strong></span> <span class='ocrx_word' id='word_1_76' title='bbox 2314 1489 2490 1572; x_wconf 90' lang='lat' dir='ltr'><strong>apud</strong></span> 
     </span>
     <span class='ocr_line' id='line_1_12' title="bbox 544 1574 2489 1658; baseline -0.001 -16"><span class='ocrx_word' id='word_1_77' title='bbox 544 1576 1027 1644; x_wconf 72' lang='lat' dir='ltr'><strong>comministros</strong></span> <span class='ocrx_word' id='word_1_78' title='bbox 1069 1597 1247 1641; x_wconf 90' lang='lat' dir='ltr'><strong>meos</strong></span> <span class='ocrx_word' id='word_1_79' title='bbox 1304 1576 1442 1641; x_wconf 85' lang='lat' dir='ltr'><strong>sive</strong></span> <span class='ocrx_word' id='word_1_80' title='bbox 1486 1575 1655 1658; x_wconf 89' lang='lat' dir='ltr'><strong>apud</strong></span> <span class='ocrx_word' id='word_1_81' title='bbox 1702 1587 2004 1642; x_wconf 84' lang='lat' dir='ltr'><strong>senatum</strong></span> <span class='ocrx_word' id='word_1_82' title='bbox 2060 1576 2247 1641; x_wconf 90' lang='lat' dir='ltr'><strong>fieret</strong></span> <span class='ocrx_word' id='word_1_83' title='bbox 2289 1574 2489 1641; x_wconf 88' lang='lat' dir='ltr'><strong>huius</strong></span> 
     </span>
     <span class='ocr_line' id='line_1_13' title="bbox 543 1658 2488 1738; baseline -0.002 -10"><span class='ocrx_word' id='word_1_84' title='bbox 543 1665 641 1729; x_wconf 86' lang='lat' dir='ltr'><strong>rei</strong></span> <span class='ocrx_word' id='word_1_85' title='bbox 684 1662 929 1727; x_wconf 89' lang='lat' dir='ltr'><strong>mentio</strong></span> <span class='ocrx_word' id='word_1_86' title='bbox 950 1713 964 1738; x_wconf 91' lang='lat'><strong>,</strong></span> <span class='ocrx_word' id='word_1_87' title='bbox 1010 1661 1234 1727; x_wconf 88' lang='lat' dir='ltr'><strong>statim</strong></span> <span class='ocrx_word' id='word_1_88' title='bbox 1280 1658 1649 1726; x_wconf 72' lang='lat' dir='ltr'><strong>Mauri-sius</strong></span> <span class='ocrx_word' id='word_1_89' title='bbox 1692 1661 1804 1726; x_wconf 90' lang='lat' dir='ltr'><strong>ille</strong></span> <span class='ocrx_word' id='word_1_90' title='bbox 1846 1662 2178 1727; x_wconf 80' lang='lat' dir='ltr'><strong>foveretur</strong></span> <span class='ocrx_word' id='word_1_91' title='bbox 2224 1662 2304 1727; x_wconf 87' lang='lat' dir='ltr'><strong>ab</strong></span> <span class='ocrx_word' id='word_1_92' title='bbox 2348 1682 2488 1726; x_wconf 91' lang='lat' dir='ltr'><strong>om-</strong></span> 
     </span>
     <span class='ocr_line' id='line_1_14' title="bbox 543 1745 2491 1825; baseline -0.001 -11"><span class='ocrx_word' id='word_1_93' title='bbox 543 1748 755 1825; x_wconf 87' lang='lat' dir='ltr'><strong>nibus,</strong></span> <span class='ocrx_word' id='word_1_94' title='bbox 802 1756 1054 1812; x_wconf 86' lang='lat' dir='ltr'><strong>tantum</strong></span> <span class='ocrx_word' id='word_1_95' title='bbox 1097 1747 1170 1811; x_wconf 90' lang='lat' dir='ltr'><strong>in</strong></span> <span class='ocrx_word' id='word_1_96' title='bbox 1212 1746 1431 1812; x_wconf 90' lang='lat' dir='ltr'><strong>odium</strong></span> <span class='ocrx_word' id='word_1_97' title='bbox 1479 1745 1757 1812; x_wconf 78' lang='lat' dir='ltr'><strong>Calvini:</strong></span> <span class='ocrx_word' id='word_1_98' title='bbox 1806 1757 1943 1812; x_wconf 88' lang='lat' dir='ltr'><strong>tam</strong></span> <span class='ocrx_word' id='word_1_99' title='bbox 1988 1747 2279 1812; x_wconf 90' lang='lat' dir='ltr'><strong>odiosum</strong></span> <span class='ocrx_word' id='word_1_100' title='bbox 2314 1746 2491 1813; x_wconf 89' lang='lat' dir='ltr'><strong>illius</strong></span> 
     </span>
     <span class='ocr_line' id='line_1_15' title="bbox 544 1832 2489 1917; baseline -0.002 -17"><span class='ocrx_word' id='word_1_101' title='bbox 544 1855 787 1900; x_wconf 89' lang='lat' dir='ltr'><strong>nomen</strong></span> <span class='ocrx_word' id='word_1_102' title='bbox 833 1834 938 1899; x_wconf 93' lang='lat' dir='ltr'><strong>hic</strong></span> <span class='ocrx_word' id='word_1_103' title='bbox 982 1842 1097 1898; x_wconf 89' lang='lat' dir='ltr'><strong>est.</strong></span> <span class='ocrx_word' id='word_1_104' title='bbox 1187 1832 1410 1898; x_wconf 82' lang='lat' dir='ltr'><strong>Satius</strong></span> <span class='ocrx_word' id='word_1_105' title='bbox 1468 1844 1570 1898; x_wconf 91' lang='lat' dir='ltr'><strong>est</strong></span> <span class='ocrx_word' id='word_1_106' title='bbox 1619 1854 1774 1917; x_wconf 87' lang='lat' dir='ltr'><strong>ergo</strong></span> <span class='ocrx_word' id='word_1_107' title='bbox 1832 1832 2033 1897; x_wconf 88' lang='lat' dir='ltr'><strong>alium</strong></span> <span class='ocrx_word' id='word_1_108' title='bbox 2078 1832 2343 1899; x_wconf 91' lang='lat' dir='ltr'><strong>modum</strong></span> <span class='ocrx_word' id='word_1_109' title='bbox 2387 1834 2489 1897; x_wconf 88' lang='lat' dir='ltr'><strong>in·</strong></span> 
     </span>
     <span class='ocr_line' id='line_1_16' title="bbox 545 1917 2490 2005; baseline 0 -21"><span class='ocrx_word' id='word_1_110' title='bbox 545 1918 751 2005; x_wconf 59' lang='lat' dir='ltr'><strong>mdi.</strong></span> <span class='ocrx_word' id='word_1_111' title='bbox 840 1918 1088 2001; x_wconf 77' lang='lat' dir='ltr'><strong>Scripsi</strong></span> <span class='ocrx_word' id='word_1_112' title='bbox 1131 1918 1266 1983; x_wconf 89' lang='lat' dir='ltr'><strong>iam</strong></span> <span class='ocrx_word' id='word_1_113' title='bbox 1320 1917 1510 1983; x_wconf 80' lang='lat' dir='ltr'><strong>classi</strong></span> <span class='ocrx_word' id='word_1_114' title='bbox 1556 1917 1863 1995; x_wconf 78' lang='lat' dir='ltr'><strong>Gaiensi,</strong></span> <span class='ocrx_word' id='word_1_115' title='bbox 1918 1919 1986 1982; x_wconf 91' lang='lat' dir='ltr'><strong>in</strong></span> <span class='ocrx_word' id='word_1_116' title='bbox 2030 1939 2161 2001; x_wconf 90' lang='lat' dir='ltr'><strong>qua</strong></span> <span class='ocrx_word' id='word_1_117' title='bbox 2204 1928 2305 1984; x_wconf 92' lang='lat' dir='ltr'><strong>est</strong></span> <span class='ocrx_word' id='word_1_118' title='bbox 2359 1918 2490 1996; x_wconf 87' lang='lat' dir='ltr'><strong>ille,</strong></span> 
     </span>
     <span class='ocr_line' id='line_1_17' title="bbox 543 2001 2492 2086; baseline -0.001 -16"><span class='ocrx_word' id='word_1_119' title='bbox 543 2019 620 2071; x_wconf 84' lang='lat' dir='ltr'><strong>ut</strong></span> <span class='ocrx_word' id='word_1_120' title='bbox 656 2004 1002 2070; x_wconf 88' lang='lat' dir='ltr'><strong>admoneat</strong></span> <span class='ocrx_word' id='word_1_121' title='bbox 1045 2025 1195 2068; x_wconf 90' lang='lat' dir='ltr'><strong>eum</strong></span> <span class='ocrx_word' id='word_1_122' title='bbox 1239 2005 1415 2086; x_wconf 90' lang='lat' dir='ltr'><strong>pacis</strong></span> <span class='ocrx_word' id='word_1_123' title='bbox 1457 2015 1523 2068; x_wconf 91' lang='lat' dir='ltr'><strong>et</strong></span> <span class='ocrx_word' id='word_1_124' title='bbox 1566 2011 1655 2083; x_wconf 90' lang='lat' dir='ltr'><strong>ut,</strong></span> <span class='ocrx_word' id='word_1_125' title='bbox 1702 2005 1760 2070; x_wconf 87' lang='lat' dir='ltr'><strong>si</strong></span> <span class='ocrx_word' id='word_1_126' title='bbox 1802 2001 1958 2086; x_wconf 90' lang='lat' dir='ltr'><strong>quid</strong></span> <span class='ocrx_word' id='word_1_127' title='bbox 1993 2003 2229 2069; x_wconf 89' lang='lat' dir='ltr'><strong>habeat</strong></span> <span class='ocrx_word' id='word_1_128' title='bbox 2262 2012 2492 2070; x_wconf 86' lang='lat' dir='ltr'><strong>contra</strong></span> 
     </span>
     <span class='ocr_line' id='line_1_18' title="bbox 550 2088 2489 2174; baseline -0.001 -19"><span class='ocrx_word' id='word_1_129' title='bbox 550 2089 911 2167; x_wconf 79' lang='lat' dir='ltr'><strong>Calvinum,</strong></span> <span class='ocrx_word' id='word_1_130' title='bbox 967 2111 1098 2154; x_wconf 91' lang='lat' dir='ltr'><strong>non</strong></span> <span class='ocrx_word' id='word_1_131' title='bbox 1137 2109 1256 2172; x_wconf 90' lang='lat' dir='ltr'><strong>per</strong></span> <span class='ocrx_word' id='word_1_132' title='bbox 1299 2110 1371 2153; x_wconf 89' lang='lat' dir='ltr'><strong>se</strong></span> <span class='ocrx_word' id='word_1_133' title='bbox 1408 2088 1529 2155; x_wconf 83' lang='lat' dir='ltr'><strong>hoc</strong></span> <span class='ocrx_word' id='word_1_134' title='bbox 1593 2098 1747 2174; x_wconf 88' lang='lat' dir='ltr'><strong>agat</strong></span> <span class='ocrx_word' id='word_1_135' title='bbox 1809 2089 1923 2155; x_wconf 91' lang='lat' dir='ltr'><strong>sed</strong></span> <span class='ocrx_word' id='word_1_136' title='bbox 1987 2090 2172 2156; x_wconf 90' lang='lat' dir='ltr'><strong>nobis</strong></span> <span class='ocrx_word' id='word_1_137' title='bbox 2225 2089 2489 2167; x_wconf 87' lang='lat' dir='ltr'><strong>indicet,</strong></span> 
     </span>
     <span class='ocr_line' id='line_1_19' title="bbox 543 2173 2490 2260; baseline -0.002 -18"><span class='ocrx_word' id='word_1_138' title='bbox 543 2189 613 2242; x_wconf 89' lang='lat' dir='ltr'><strong>et</strong></span> <span class='ocrx_word' id='word_1_139' title='bbox 669 2198 787 2241; x_wconf 91' lang='lat' dir='ltr'><strong>nos</strong></span> <span class='ocrx_word' id='word_1_140' title='bbox 846 2176 1237 2260; x_wconf 79' lang='lat' dir='ltr'><strong>cogitaturos</strong></span> <span class='ocrx_word' id='word_1_141' title='bbox 1278 2175 1432 2257; x_wconf 90' lang='lat' dir='ltr'><strong>quid</strong></span> <span class='ocrx_word' id='word_1_142' title='bbox 1490 2182 1557 2239; x_wconf 83' lang='lat' dir='ltr'><strong>et</strong></span> <span class='ocrx_word' id='word_1_143' title='bbox 1611 2173 1932 2256; x_wconf 90' lang='lat' dir='ltr'><strong>quomodo</strong></span> <span class='ocrx_word' id='word_1_144' title='bbox 1979 2175 2304 2259; x_wconf 90' lang='lat' dir='ltr'><strong>agendum</strong></span> <span class='ocrx_word' id='word_1_145' title='bbox 2325 2226 2339 2252; x_wconf 91' lang='lat'><strong>,</strong></span> <span class='ocrx_word' id='word_1_146' title='bbox 2405 2196 2490 2240; x_wconf 91' lang='lat' dir='ltr'><strong>ne</strong></span> 
     </span>
     <span class='ocr_line' id='line_1_20' title="bbox 542 2260 2079 2345; baseline -0.003 -17"><span class='ocrx_word' id='word_1_147' title='bbox 542 2263 656 2328; x_wconf 83' lang='lat' dir='ltr'><strong>ille</strong></span> <span class='ocrx_word' id='word_1_148' title='bbox 700 2263 957 2345; x_wconf 87' lang='lat' dir='ltr'><strong>privata</strong></span> <span class='ocrx_word' id='word_1_149' title='bbox 1000 2261 1348 2326; x_wconf 78' lang='lat' dir='ltr'><strong>autoritate</strong></span> <span class='ocrx_word' id='word_1_150' title='bbox 1392 2260 1620 2326; x_wconf 87' lang='lat' dir='ltr'><strong>turbas</strong></span> <span class='ocrx_word' id='word_1_151' title='bbox 1656 2272 1919 2326; x_wconf 83' lang='lat' dir='ltr'><strong>moveat</strong></span> <span class='ocrx_word' id='word_1_152' title='bbox 1961 2271 2079 2326; x_wconf 92' lang='lat' dir='ltr'><strong>etc.</strong></span> 
     </span>
    </p>

    <p class='ocr_par' dir='ltr' id='par_1_5' title="bbox 541 2345 2493 3802">
     <span class='ocr_line' id='line_1_21' title="bbox 716 2345 2491 2429; baseline 0 -17"><span class='ocrx_word' id='word_1_153' title='bbox 716 2348 971 2413; x_wconf 81' lang='lat' dir='ltr'><strong>Literas</strong></span> <span class='ocrx_word' id='word_1_154' title='bbox 1034 2347 1152 2411; x_wconf 87' lang='lat' dir='ltr'><strong>tibi</strong></span> <span class='ocrx_word' id='word_1_155' title='bbox 1218 2345 1508 2412; x_wconf 89' lang='lat' dir='ltr'><strong>nondum</strong></span> <span class='ocrx_word' id='word_1_156' title='bbox 1577 2346 1728 2412; x_wconf 91' lang='lat' dir='ltr'><strong>misi</strong></span> <span class='ocrx_word' id='word_1_157' title='bbox 1793 2369 1870 2412; x_wconf 89' lang='lat' dir='ltr'><strong>ea</strong></span> <span class='ocrx_word' id='word_1_158' title='bbox 1935 2345 2013 2410; x_wconf 93' lang='lat' dir='ltr'><strong>de</strong></span> <span class='ocrx_word' id='word_1_159' title='bbox 2087 2367 2281 2413; x_wconf 87' lang='lat' dir='ltr'><strong>causa</strong></span> <span class='ocrx_word' id='word_1_160' title='bbox 2334 2347 2491 2429; x_wconf 91' lang='lat' dir='ltr'><strong>quia</strong></span> 
     </span>
     <span class='ocr_line' id='line_1_22' title="bbox 542 2432 2484 2515; baseline -0.001 -16"><span class='ocrx_word' id='word_1_161' title='bbox 542 2433 736 2499; x_wconf 89' lang='lat' dir='ltr'><strong>hodie</strong></span> <span class='ocrx_word' id='word_1_162' title='bbox 784 2433 1044 2500; x_wconf 69' lang='lat' dir='ltr'><strong>Iudaeus</strong></span> <span class='ocrx_word' id='word_1_163' title='bbox 1079 2433 1231 2499; x_wconf 91' lang='lat' dir='ltr'><strong>hinc</strong></span> <span class='ocrx_word' id='word_1_164' title='bbox 1265 2433 1403 2498; x_wconf 86' lang='lat' dir='ltr'><strong>abit</strong></span> <span class='ocrx_word' id='word_1_165' title='bbox 1438 2432 1782 2498; x_wconf 84' lang='lat' dir='ltr'><strong>Genevam</strong></span> <span class='ocrx_word' id='word_1_166' title='bbox 1817 2433 2142 2515; x_wconf 90' lang='lat' dir='ltr'><strong>petiturus</strong></span> <span class='ocrx_word' id='word_1_167' title='bbox 2176 2442 2245 2497; x_wconf 93' lang='lat' dir='ltr'><strong>et</strong></span> <span class='ocrx_word' id='word_1_168' title='bbox 2278 2432 2484 2498; x_wconf 88' lang='lat' dir='ltr'><strong>filium</strong></span> 
     </span>
     <span class='ocr_line' id='line_1_23' title="bbox 542 2518 2485 2602; baseline -0.001 -17"><span class='ocrx_word' id='word_1_169' title='bbox 542 2518 631 2585; x_wconf 88' lang='lat' dir='ltr'><strong>D.</strong></span> <span class='ocrx_word' id='word_1_170' title='bbox 712 2519 930 2584; x_wconf 85' lang='lat' dir='ltr'><strong>lacobi</strong></span> <span class='ocrx_word' id='word_1_171' title='bbox 1012 2518 1334 2598; x_wconf 69' lang='lat' dir='ltr'><strong>Rordorfii</strong></span> <span class='ocrx_word' id='word_1_172' title='bbox 1409 2518 1709 2602; x_wconf 74' lang='lat' dir='ltr'><strong>Tigurini</strong></span> <span class='ocrx_word' id='word_1_173' title='bbox 1788 2518 1945 2584; x_wconf 92' lang='lat' dir='ltr'><strong>illuc</strong></span> <span class='ocrx_word' id='word_1_174' title='bbox 2037 2518 2485 2601; x_wconf 88' lang='lat' dir='ltr'><strong>perducturus.</strong></span> 
     </span>
     <span class='ocr_line' id='line_1_24' title="bbox 542 2603 2487 2688; baseline -0.001 -18"><span class='ocrx_word' id='word_1_175' title='bbox 542 2605 763 2687; x_wconf 77' lang='lat' dir='ltr'><strong>Quem</strong></span> <span class='ocrx_word' id='word_1_176' title='bbox 808 2605 863 2670; x_wconf 78' lang='lat' dir='ltr'><strong>si</strong></span> <span class='ocrx_word' id='word_1_177' title='bbox 906 2606 1069 2669; x_wconf 83' lang='lat' dir='ltr'><strong>forte</strong></span> <span class='ocrx_word' id='word_1_178' title='bbox 1114 2604 1543 2669; x_wconf 85' lang='lat' dir='ltr'><strong>convenirent</strong></span> <span class='ocrx_word' id='word_1_179' title='bbox 1583 2603 1823 2671; x_wconf 88' lang='lat' dir='ltr'><strong>fratres</strong></span> <span class='ocrx_word' id='word_1_180' title='bbox 1868 2605 1984 2681; x_wconf 90' lang='lat' dir='ltr'><strong>illi,</strong></span> <span class='ocrx_word' id='word_1_181' title='bbox 2031 2615 2137 2679; x_wconf 88' lang='lat' dir='ltr'><strong>(ut</strong></span> <span class='ocrx_word' id='word_1_182' title='bbox 2172 2626 2302 2670; x_wconf 91' lang='lat' dir='ltr'><strong>non</strong></span> <span class='ocrx_word' id='word_1_183' title='bbox 2338 2626 2487 2688; x_wconf 85' lang='lat' dir='ltr'><strong>pro·</strong></span> 
     </span>
     <span class='ocr_line' id='line_1_25' title="bbox 542 2689 2490 2770; baseline -0.001 -14"><span class='ocrx_word' id='word_1_184' title='bbox 542 2692 649 2756; x_wconf 80' lang='lat' dir='ltr'><strong>cul</strong></span> <span class='ocrx_word' id='word_1_185' title='bbox 693 2711 732 2754; x_wconf 88' lang='lat' dir='ltr'><strong>a</strong></span> <span class='ocrx_word' id='word_1_186' title='bbox 774 2691 1049 2756; x_wconf 83' lang='lat' dir='ltr'><strong>Geneva</strong></span> <span class='ocrx_word' id='word_1_187' title='bbox 1091 2690 1316 2756; x_wconf 89' lang='lat' dir='ltr'><strong>classis</strong></span> <span class='ocrx_word' id='word_1_188' title='bbox 1358 2690 1479 2755; x_wconf 89' lang='lat' dir='ltr'><strong>illa</strong></span> <span class='ocrx_word' id='word_1_189' title='bbox 1532 2689 1778 2770; x_wconf 87' lang='lat' dir='ltr'><strong>abest),</strong></span> <span class='ocrx_word' id='word_1_190' title='bbox 1836 2692 1970 2756; x_wconf 89' lang='lat' dir='ltr'><strong>scio</strong></span> <span class='ocrx_word' id='word_1_191' title='bbox 2014 2703 2303 2756; x_wconf 86' lang='lat' dir='ltr'><strong>armaret</strong></span> <span class='ocrx_word' id='word_1_192' title='bbox 2343 2691 2490 2755; x_wconf 93' lang='lat' dir='ltr'><strong>illos</strong></span> 
     </span>
     <span class='ocr_line' id='line_1_26' title="bbox 541 2775 2486 2853; baseline -0.002 -10"><span class='ocrx_word' id='word_1_193' title='bbox 541 2784 773 2843; x_wconf 85' lang='lat' dir='ltr'><strong>contra</strong></span> <span class='ocrx_word' id='word_1_194' title='bbox 821 2775 1169 2842; x_wconf 76' lang='lat' dir='ltr'><strong>Calvinum.</strong></span> <span class='ocrx_word' id='word_1_195' title='bbox 1259 2777 1424 2841; x_wconf 72' lang='lat' dir='ltr'><strong>&#39;l&#39;am</strong></span> <span class='ocrx_word' id='word_1_196' title='bbox 1490 2775 1668 2840; x_wconf 90' lang='lat' dir='ltr'><strong>enim</strong></span> <span class='ocrx_word' id='word_1_197' title='bbox 1722 2776 1817 2840; x_wconf 91' lang='lat' dir='ltr'><strong>illi</strong></span> <span class='ocrx_word' id='word_1_198' title='bbox 1874 2787 1973 2842; x_wconf 90' lang='lat' dir='ltr'><strong>est</strong></span> <span class='ocrx_word' id='word_1_199' title='bbox 2036 2777 2330 2843; x_wconf 86' lang='lat' dir='ltr'><strong>infensus</strong></span> <span class='ocrx_word' id='word_1_200' title='bbox 2393 2786 2486 2853; x_wconf 92' lang='lat' dir='ltr'><strong>ut,</strong></span> 
     </span>
     <span class='ocr_line' id='line_1_27' title="bbox 543 2861 2488 2946; baseline -0.001 -18"><span class='ocrx_word' id='word_1_201' title='bbox 543 2883 746 2946; x_wconf 87' lang='lat' dir='ltr'><strong>quum</strong></span> <span class='ocrx_word' id='word_1_202' title='bbox 789 2881 912 2945; x_wconf 87' lang='lat' dir='ltr'><strong>ego</strong></span> <span class='ocrx_word' id='word_1_203' title='bbox 956 2861 1196 2927; x_wconf 88' lang='lat' dir='ltr'><strong>nudius</strong></span> <span class='ocrx_word' id='word_1_204' title='bbox 1239 2863 1472 2927; x_wconf 88' lang='lat' dir='ltr'><strong>tertius</strong></span> <span class='ocrx_word' id='word_1_205' title='bbox 1524 2861 1716 2927; x_wconf 91' lang='lat' dir='ltr'><strong>illum</strong></span> <span class='ocrx_word' id='word_1_206' title='bbox 1761 2861 2181 2928; x_wconf 79' lang='lat' dir='ltr'><strong>admonerem</strong></span> <span class='ocrx_word' id='word_1_207' title='bbox 2238 2871 2311 2927; x_wconf 91' lang='lat' dir='ltr'><strong>ut</strong></span> <span class='ocrx_word' id='word_1_208' title='bbox 2352 2862 2488 2928; x_wconf 78' lang='lat' dir='ltr'><strong>Gre-</strong></span> 
     </span>
     <span class='ocr_line' id='line_1_28' title="bbox 544 2945 2490 3014; baseline 0 -1"><span class='ocrx_word' id='word_1_209' title='bbox 544 2968 784 3013; x_wconf 84' lang='lat' dir='ltr'><strong>nevam</strong></span> <span class='ocrx_word' id='word_1_210' title='bbox 841 2947 1109 3013; x_wconf 82' lang='lat' dir='ltr'><strong>veniens</strong></span> <span class='ocrx_word' id='word_1_211' title='bbox 1166 2947 1501 3014; x_wconf 74' lang='lat' dir='ltr'><strong>acoederet</strong></span> <span class='ocrx_word' id='word_1_212' title='bbox 1547 2945 1877 3013; x_wconf 71' lang='lat' dir='ltr'><strong>Calvinum</strong></span> <span class='ocrx_word' id='word_1_213' title='bbox 1935 2958 2002 3012; x_wconf 91' lang='lat' dir='ltr'><strong>et</strong></span> <span class='ocrx_word' id='word_1_214' title='bbox 2058 2969 2211 3014; x_wconf 89' lang='lat' dir='ltr'><strong>eum</strong></span> <span class='ocrx_word' id='word_1_215' title='bbox 2255 2970 2338 3013; x_wconf 79' lang='lat' dir='ltr'><strong>ex</strong></span> <span class='ocrx_word' id='word_1_216' title='bbox 2382 2969 2490 3013; x_wconf 89' lang='lat' dir='ltr'><strong>me</strong></span> 
     </span>
     <span class='ocr_line' id='line_1_29' title="bbox 541 3031 2490 3118; baseline -0.001 -18"><span class='ocrx_word' id='word_1_217' title='bbox 541 3033 879 3109; x_wconf 84' lang='lat' dir='ltr'><strong>salutaret,</strong></span> <span class='ocrx_word' id='word_1_218' title='bbox 912 3031 1448 3117; x_wconf 76' lang='lat' dir='ltr'><strong>indignabundus</strong></span> <span class='ocrx_word' id='word_1_219' title='bbox 1468 3033 1911 3116; x_wconf 86' lang='lat' dir='ltr'><strong>responderet,</strong></span> <span class='ocrx_word' id='word_1_220' title='bbox 1947 3055 2017 3101; x_wconf 90' lang='lat' dir='ltr'><strong>se</strong></span> <span class='ocrx_word' id='word_1_221' title='bbox 2052 3055 2186 3099; x_wconf 91' lang='lat' dir='ltr'><strong>non</strong></span> <span class='ocrx_word' id='word_1_222' title='bbox 2221 3042 2490 3118; x_wconf 89' lang='lat' dir='ltr'><strong>propter</strong></span> 
     </span>
     <span class='ocr_line' id='line_1_30' title="bbox 546 3118 2490 3202; baseline 0 -16"><span class='ocrx_word' id='word_1_223' title='bbox 546 3119 883 3192; x_wconf 75' lang='lat' dir='ltr'><strong>Calvinum</strong></span> <span class='ocrx_word' id='word_1_224' title='bbox 903 3118 1244 3185; x_wconf 76' lang='lat' dir='ltr'><strong>Genevam</strong></span> <span class='ocrx_word' id='word_1_225' title='bbox 1287 3129 1507 3202; x_wconf 87' lang='lat' dir='ltr'><strong>petere</strong></span> <span class='ocrx_word' id='word_1_226' title='bbox 1549 3129 1618 3184; x_wconf 91' lang='lat' dir='ltr'><strong>et</strong></span> <span class='ocrx_word' id='word_1_227' title='bbox 1658 3121 1825 3185; x_wconf 90' lang='lat' dir='ltr'><strong>nihil</strong></span> <span class='ocrx_word' id='word_1_228' title='bbox 1870 3121 1990 3186; x_wconf 90' lang='lat' dir='ltr'><strong>sibi</strong></span> <span class='ocrx_word' id='word_1_229' title='bbox 2033 3141 2183 3187; x_wconf 90' lang='lat' dir='ltr'><strong>cum</strong></span> <span class='ocrx_word' id='word_1_230' title='bbox 2231 3119 2490 3186; x_wconf 77' lang='lat' dir='ltr'><strong>Calvino</strong></span> 
     </span>
     <span class='ocr_line' id='line_1_31' title="bbox 543 3205 2490 3290; baseline -0.001 -17"><span class='ocrx_word' id='word_1_231' title='bbox 543 3226 688 3273; x_wconf 86' lang='lat' dir='ltr'><strong>esse</strong></span> <span class='ocrx_word' id='word_1_232' title='bbox 753 3205 999 3289; x_wconf 85' lang='lat' dir='ltr'><strong>negotii</strong></span> <span class='ocrx_word' id='word_1_233' title='bbox 1063 3213 1182 3271; x_wconf 88' lang='lat' dir='ltr'><strong>etc.</strong></span> <span class='ocrx_word' id='word_1_234' title='bbox 1286 3205 1377 3270; x_wconf 84' lang='lat' dir='ltr'><strong>Et</strong></span> <span class='ocrx_word' id='word_1_235' title='bbox 1442 3226 1645 3288; x_wconf 91' lang='lat' dir='ltr'><strong>quum</strong></span> <span class='ocrx_word' id='word_1_236' title='bbox 1703 3227 1823 3290; x_wconf 82' lang='lat' dir='ltr'><strong>ego</strong></span> <span class='ocrx_word' id='word_1_237' title='bbox 1879 3205 2241 3271; x_wconf 88' lang='lat' dir='ltr'><strong>rationibus</strong></span> <span class='ocrx_word' id='word_1_238' title='bbox 2295 3226 2490 3290; x_wconf 88' lang='lat' dir='ltr'><strong>agere</strong></span> 
     </span>
     <span class='ocr_line' id='line_1_32' title="bbox 543 3290 2486 3374; baseline -0.002 -15"><span class='ocrx_word' id='word_1_239' title='bbox 543 3313 698 3359; x_wconf 89' lang='lat' dir='ltr'><strong>cum</strong></span> <span class='ocrx_word' id='word_1_240' title='bbox 740 3292 882 3374; x_wconf 91' lang='lat' dir='ltr'><strong>ipso</strong></span> <span class='ocrx_word' id='word_1_241' title='bbox 936 3290 1290 3372; x_wconf 88' lang='lat' dir='ltr'><strong>inciperem</strong></span> <span class='ocrx_word' id='word_1_242' title='bbox 1305 3341 1319 3367; x_wconf 93' lang='lat'><strong>,</strong></span> <span class='ocrx_word' id='word_1_243' title='bbox 1373 3292 1516 3374; x_wconf 88' lang='lat' dir='ltr'><strong>ipse</strong></span> <span class='ocrx_word' id='word_1_244' title='bbox 1572 3290 2081 3374; x_wconf 86' lang='lat' dir='ltr'><strong>disputationem</strong></span> <span class='ocrx_word' id='word_1_245' title='bbox 2139 3291 2486 3357; x_wconf 89' lang='lat' dir='ltr'><strong>conclusit:</strong></span> 
     </span>
     <span class='ocr_line' id='line_1_33' title="bbox 542 3373 2492 3454; baseline -0.001 -10"><span class='ocrx_word' id='word_1_246' title='bbox 542 3378 698 3444; x_wconf 85' lang='lat' dir='ltr'><strong>Non</strong></span> <span class='ocrx_word' id='word_1_247' title='bbox 741 3374 972 3441; x_wconf 82' lang='lat' dir='ltr'><strong>videbo</strong></span> <span class='ocrx_word' id='word_1_248' title='bbox 1018 3373 1351 3442; x_wconf 76' lang='lat' dir='ltr'><strong>Calvinum</strong></span> <span class='ocrx_word' id='word_1_249' title='bbox 1369 3428 1384 3454; x_wconf 91' lang='lat'><strong>,</strong></span> <span class='ocrx_word' id='word_1_250' title='bbox 1445 3376 1701 3452; x_wconf 90' lang='lat' dir='ltr'><strong>dicens,</strong></span> <span class='ocrx_word' id='word_1_251' title='bbox 1766 3377 1911 3443; x_wconf 91' lang='lat' dir='ltr'><strong>sino</strong></span> <span class='ocrx_word' id='word_1_252' title='bbox 1952 3376 2142 3442; x_wconf 86' lang='lat' dir='ltr'><strong>illum</strong></span> <span class='ocrx_word' id='word_1_253' title='bbox 2191 3399 2296 3443; x_wconf 89' lang='lat' dir='ltr'><strong>res</strong></span> <span class='ocrx_word' id='word_1_254' title='bbox 2339 3398 2492 3443; x_wconf 88' lang='lat' dir='ltr'><strong>suas</strong></span> 
     </span>
     <span class='ocr_line' id='line_1_34' title="bbox 544 3462 2492 3548; baseline 0.001 -21"><span class='ocrx_word' id='word_1_255' title='bbox 544 3483 760 3548; x_wconf 84' lang='lat' dir='ltr'><strong>agere,</strong></span> <span class='ocrx_word' id='word_1_256' title='bbox 805 3482 926 3546; x_wconf 88' lang='lat' dir='ltr'><strong>ego</strong></span> <span class='ocrx_word' id='word_1_257' title='bbox 969 3481 1092 3545; x_wconf 82' lang='lat' dir='ltr'><strong>ago</strong></span> <span class='ocrx_word' id='word_1_258' title='bbox 1126 3481 1320 3527; x_wconf 90' lang='lat' dir='ltr'><strong>meas.</strong></span> <span class='ocrx_word' id='word_1_259' title='bbox 1388 3462 1481 3526; x_wconf 82' lang='lat' dir='ltr'><strong>Et</strong></span> <span class='ocrx_word' id='word_1_260' title='bbox 1520 3483 1723 3545; x_wconf 91' lang='lat' dir='ltr'><strong>quum</strong></span> <span class='ocrx_word' id='word_1_261' title='bbox 1766 3462 2111 3527; x_wconf 80' lang='lat' dir='ltr'><strong>adderem:</strong></span> <span class='ocrx_word' id='word_1_262' title='bbox 2158 3462 2253 3528; x_wconf 80' lang='lat' dir='ltr'><strong>At</strong></span> <span class='ocrx_word' id='word_1_263' title='bbox 2296 3483 2492 3548; x_wconf 88' lang='lat' dir='ltr'><strong>aegre</strong></span> 
     </span>
     <span class='ocr_line' id='line_1_35' title="bbox 544 3545 2493 3630; baseline -0.001 -16"><span class='ocrx_word' id='word_1_264' title='bbox 544 3550 733 3626; x_wconf 77' lang='lat' dir='ltr'><strong>feret,</strong></span> <span class='ocrx_word' id='word_1_265' title='bbox 776 3548 996 3625; x_wconf 86' lang='lat' dir='ltr'><strong>Ferat,</strong></span> <span class='ocrx_word' id='word_1_266' title='bbox 1042 3548 1289 3630; x_wconf 87' lang='lat' dir='ltr'><strong>inquit,</strong></span> <span class='ocrx_word' id='word_1_267' title='bbox 1335 3546 1491 3630; x_wconf 90' lang='lat' dir='ltr'><strong>quid</strong></span> <span class='ocrx_word' id='word_1_268' title='bbox 1536 3545 1620 3611; x_wconf 92' lang='lat' dir='ltr'><strong>ad</strong></span> <span class='ocrx_word' id='word_1_269' title='bbox 1661 3549 1814 3612; x_wconf 80' lang='lat' dir='ltr'><strong>me?</strong></span> <span class='ocrx_word' id='word_1_270' title='bbox 1904 3548 2088 3615; x_wconf 84' lang='lat' dir='ltr'><strong>Haec</strong></span> <span class='ocrx_word' id='word_1_271' title='bbox 2142 3570 2345 3630; x_wconf 89' lang='lat' dir='ltr'><strong>quum</strong></span> <span class='ocrx_word' id='word_1_272' title='bbox 2398 3553 2493 3612; x_wconf 85' lang='lat' dir='ltr'><strong>ita</strong></span> 
     </span>
     <span class='ocr_line' id='line_1_36' title="bbox 542 3632 2490 3716; baseline -0.001 -15"><span class='ocrx_word' id='word_1_273' title='bbox 542 3657 615 3700; x_wconf 89' lang='lat' dir='ltr'><strong>se</strong></span> <span class='ocrx_word' id='word_1_274' title='bbox 658 3634 963 3710; x_wconf 76' lang='lat' dir='ltr'><strong>habeant,</strong></span> <span class='ocrx_word' id='word_1_275' title='bbox 1007 3632 1327 3716; x_wconf 87' lang='lat' dir='ltr'><strong>quomodo</strong></span> <span class='ocrx_word' id='word_1_276' title='bbox 1364 3653 1591 3715; x_wconf 86' lang='lat' dir='ltr'><strong>speras</strong></span> <span class='ocrx_word' id='word_1_277' title='bbox 1625 3632 1732 3698; x_wconf 82' lang='lat' dir='ltr'><strong>vel</strong></span> <span class='ocrx_word' id='word_1_278' title='bbox 1776 3633 2171 3701; x_wconf 72' lang='lat' dir='ltr'><strong>Mam-isium</strong></span> <span class='ocrx_word' id='word_1_279' title='bbox 2215 3633 2490 3712; x_wconf 77' lang='lat' dir='ltr'><strong>Calvino,</strong></span> 
     </span>
     <span class='ocr_line' id='line_1_37' title="bbox 543 3718 2493 3802; baseline 0.001 -20"><span class='ocrx_word' id='word_1_280' title='bbox 543 3719 652 3785; x_wconf 80' lang='lat' dir='ltr'><strong>vel</strong></span> <span class='ocrx_word' id='word_1_281' title='bbox 712 3719 1087 3786; x_wconf 78' lang='lat' dir='ltr'><strong>Zebedaeum</strong></span> <span class='ocrx_word' id='word_1_282' title='bbox 1158 3718 1365 3784; x_wconf 71' lang='lat' dir='ltr'><strong>Virdo</strong></span> <span class='ocrx_word' id='word_1_283' title='bbox 1422 3719 1828 3785; x_wconf 88' lang='lat' dir='ltr'><strong>reconciliari</strong></span> <span class='ocrx_word' id='word_1_284' title='bbox 1884 3719 2115 3802; x_wconf 79' lang='lat' dir='ltr'><strong>posse?</strong></span> <span class='ocrx_word' id='word_1_285' title='bbox 2218 3718 2493 3787; x_wconf 78' lang='lat' dir='ltr'><strong>Accedit</strong></span> 
     </span>
    </p>

    <p class='ocr_par' dir='ltr' id='par_1_6' title="bbox 541 3804 2494 4747">
     <span class='ocr_line' id='line_1_38' title="bbox 664 3804 2493 3889; baseline 0.001 -19"><span class='ocrx_word' id='word_1_286' title='bbox 664 3805 890 3870; x_wconf 89' lang='lat' dir='ltr'><strong>uliaris</strong></span> <span class='ocrx_word' id='word_1_287' title='bbox 931 3804 1130 3871; x_wconf 89' lang='lat' dir='ltr'><strong>huius</strong></span> <span class='ocrx_word' id='word_1_288' title='bbox 1187 3805 1406 3888; x_wconf 86' lang='lat' dir='ltr'><strong>gentis</strong></span> <span class='ocrx_word' id='word_1_289' title='bbox 1448 3805 1707 3870; x_wconf 86' lang='lat' dir='ltr'><strong>affectio</strong></span> <span class='ocrx_word' id='word_1_290' title='bbox 1764 3826 1930 3888; x_wconf 89' lang='lat' dir='ltr'><strong>quae</strong></span> <span class='ocrx_word' id='word_1_291' title='bbox 1983 3806 2141 3872; x_wconf 85' lang='lat' dir='ltr'><strong>facit</strong></span> <span class='ocrx_word' id='word_1_292' title='bbox 2183 3814 2258 3870; x_wconf 94' lang='lat' dir='ltr'><strong>ut</strong></span> <span class='ocrx_word' id='word_1_293' title='bbox 2295 3805 2493 3889; x_wconf 88' lang='lat' dir='ltr'><strong>longe</strong></span> 
     </span>
     <span class='ocr_line' id='line_1_39' title="bbox 592 3889 2491 3973; baseline 0.001 -18"><span class='ocrx_word' id='word_1_294' title='bbox 592 3891 769 3973; x_wconf 90' lang='lat' dir='ltr'><strong>ispar</strong></span> <span class='ocrx_word' id='word_1_295' title='bbox 826 3889 1062 3973; x_wconf 85' lang='lat' dir='ltr'><strong>agendi</strong></span> <span class='ocrx_word' id='word_1_296' title='bbox 1120 3890 1210 3956; x_wconf 88' lang='lat' dir='ltr'><strong>sit</strong></span> <span class='ocrx_word' id='word_1_297' title='bbox 1251 3890 1421 3956; x_wconf 90' lang='lat' dir='ltr'><strong>ratio</strong></span> <span class='ocrx_word' id='word_1_298' title='bbox 1476 3911 1629 3956; x_wconf 92' lang='lat' dir='ltr'><strong>cum</strong></span> <span class='ocrx_word' id='word_1_299' title='bbox 1683 3891 1812 3955; x_wconf 92' lang='lat' dir='ltr'><strong>illis</strong></span> <span class='ocrx_word' id='word_1_300' title='bbox 1869 3912 2065 3972; x_wconf 90' lang='lat' dir='ltr'><strong>quam</strong></span> <span class='ocrx_word' id='word_1_301' title='bbox 2124 3912 2275 3958; x_wconf 91' lang='lat' dir='ltr'><strong>cum</strong></span> <span class='ocrx_word' id='word_1_302' title='bbox 2321 3891 2491 3958; x_wconf 80' lang='lat' dir='ltr'><strong>Ger-</strong></span> 
     </span>
     <span class='ocr_line' id='line_1_40' title="bbox 544 3975 2494 4058; baseline 0 -18"><span class='ocrx_word' id='word_1_303' title='bbox 544 3977 776 4040; x_wconf 89' lang='lat' dir='ltr'><strong>manis.</strong></span> <span class='ocrx_word' id='word_1_304' title='bbox 867 3975 1193 4058; x_wconf 84' lang='lat' dir='ltr'><strong>Propositi</strong></span> <span class='ocrx_word' id='word_1_305' title='bbox 1237 3987 1393 4041; x_wconf 91' lang='lat' dir='ltr'><strong>sunt</strong></span> <span class='ocrx_word' id='word_1_306' title='bbox 1433 3977 1538 4042; x_wconf 90' lang='lat' dir='ltr'><strong>sui</strong></span> <span class='ocrx_word' id='word_1_307' title='bbox 1580 3976 1996 4054; x_wconf 87' lang='lat' dir='ltr'><strong>tenacissimi,</strong></span> <span class='ocrx_word' id='word_1_308' title='bbox 2040 3977 2212 4042; x_wconf 88' lang='lat' dir='ltr'><strong>nihil</strong></span> <span class='ocrx_word' id='word_1_309' title='bbox 2261 3976 2494 4044; x_wconf 81' lang='lat' dir='ltr'><strong>volunt</strong></span> 
     </span>
     <span class='ocr_line' id='line_1_41' title="bbox 546 4060 2492 4147; baseline 0.001 -21"><span class='ocrx_word' id='word_1_310' title='bbox 546 4060 932 4138; x_wconf 87' lang='lat' dir='ltr'><strong>condonare,</strong></span> <span class='ocrx_word' id='word_1_311' title='bbox 977 4061 1194 4144; x_wconf 81' lang='lat' dir='ltr'><strong>quivis</strong></span> <span class='ocrx_word' id='word_1_312' title='bbox 1237 4082 1428 4126; x_wconf 92' lang='lat' dir='ltr'><strong>suum</strong></span> <span class='ocrx_word' id='word_1_313' title='bbox 1473 4061 1622 4126; x_wconf 81' lang='lat' dir='ltr'><strong>vult</strong></span> <span class='ocrx_word' id='word_1_314' title='bbox 1663 4062 1767 4128; x_wconf 89' lang='lat' dir='ltr'><strong>ius</strong></span> <span class='ocrx_word' id='word_1_315' title='bbox 1809 4063 2113 4147; x_wconf 88' lang='lat' dir='ltr'><strong>persequi</strong></span> <span class='ocrx_word' id='word_1_316' title='bbox 2132 4114 2146 4142; x_wconf 90' lang='lat'><strong>,</strong></span> <span class='ocrx_word' id='word_1_317' title='bbox 2212 4082 2334 4128; x_wconf 92' lang='lat' dir='ltr'><strong>nec</strong></span> <span class='ocrx_word' id='word_1_318' title='bbox 2373 4083 2492 4146; x_wconf 87' lang='lat' dir='ltr'><strong>pa-</strong></span> 
     </span>
     <span class='ocr_line' id='line_1_42' title="bbox 546 4146 2492 4230; baseline 0.001 -19"><span class='ocrx_word' id='word_1_319' title='bbox 546 4148 710 4211; x_wconf 84' lang='lat' dir='ltr'><strong>titur</strong></span> <span class='ocrx_word' id='word_1_320' title='bbox 763 4166 834 4211; x_wconf 89' lang='lat' dir='ltr'><strong>se</strong></span> <span class='ocrx_word' id='word_1_321' title='bbox 897 4147 968 4210; x_wconf 91' lang='lat' dir='ltr'><strong>in</strong></span> <span class='ocrx_word' id='word_1_322' title='bbox 1022 4146 1299 4230; x_wconf 86' lang='lat' dir='ltr'><strong>gratiam</strong></span> <span class='ocrx_word' id='word_1_323' title='bbox 1358 4167 1509 4211; x_wconf 92' lang='lat' dir='ltr'><strong>cum</strong></span> <span class='ocrx_word' id='word_1_324' title='bbox 1579 4146 1784 4212; x_wconf 86' lang='lat' dir='ltr'><strong>altero</strong></span> <span class='ocrx_word' id='word_1_325' title='bbox 1850 4147 2073 4215; x_wconf 86' lang='lat' dir='ltr'><strong>reduci</strong></span> <span class='ocrx_word' id='word_1_326' title='bbox 2141 4149 2269 4214; x_wconf 93' lang='lat' dir='ltr'><strong>nisi</strong></span> <span class='ocrx_word' id='word_1_327' title='bbox 2325 4147 2492 4213; x_wconf 87' lang='lat' dir='ltr'><strong>alter</strong></span> 
     </span>
     <span class='ocr_line' id='line_1_43' title="bbox 542 4231 2492 4316; baseline 0 -17"><span class='ocrx_word' id='word_1_328' title='bbox 542 4232 929 4316; x_wconf 84' lang='lat' dir='ltr'><strong>procumbat</strong></span> <span class='ocrx_word' id='word_1_329' title='bbox 971 4232 1155 4296; x_wconf 89' lang='lat' dir='ltr'><strong>humi</strong></span> <span class='ocrx_word' id='word_1_330' title='bbox 1200 4244 1269 4296; x_wconf 90' lang='lat' dir='ltr'><strong>et</strong></span> <span class='ocrx_word' id='word_1_331' title='bbox 1311 4253 1380 4298; x_wconf 89' lang='lat' dir='ltr'><strong>se</strong></span> <span class='ocrx_word' id='word_1_332' title='bbox 1424 4231 1693 4315; x_wconf 85' lang='lat' dir='ltr'><strong>pedibus</strong></span> <span class='ocrx_word' id='word_1_333' title='bbox 1738 4241 1997 4299; x_wconf 89' lang='lat' dir='ltr'><strong>tantum</strong></span> <span class='ocrx_word' id='word_1_334' title='bbox 2034 4256 2165 4299; x_wconf 92' lang='lat' dir='ltr'><strong>non</strong></span> <span class='ocrx_word' id='word_1_335' title='bbox 2200 4235 2492 4316; x_wconf 86' lang='lat' dir='ltr'><strong>patiatur</strong></span> 
     </span>
     <span class='ocr_line' id='line_1_44' title="bbox 542 4317 2491 4405; baseline -0.001 -19"><span class='ocrx_word' id='word_1_336' title='bbox 542 4318 924 4394; x_wconf 87' lang='lat' dir='ltr'><strong>conculcari,</strong></span> <span class='ocrx_word' id='word_1_337' title='bbox 971 4317 1145 4401; x_wconf 89' lang='lat' dir='ltr'><strong>quod</strong></span> <span class='ocrx_word' id='word_1_338' title='bbox 1191 4318 1489 4384; x_wconf 77' lang='lat' dir='ltr'><strong>Tridenti</strong></span> <span class='ocrx_word' id='word_1_339' title='bbox 1526 4338 1565 4382; x_wconf 88' lang='lat' dir='ltr'><strong>a</strong></span> <span class='ocrx_word' id='word_1_340' title='bbox 1600 4339 1868 4385; x_wconf 91' lang='lat' dir='ltr'><strong>romano</strong></span> <span class='ocrx_word' id='word_1_341' title='bbox 1914 4320 2246 4402; x_wconf 89' lang='lat' dir='ltr'><strong>pontifice:</strong></span> <span class='ocrx_word' id='word_1_342' title='bbox 2295 4341 2491 4405; x_wconf 89' lang='lat' dir='ltr'><strong>super</strong></span> 
     </span>
     <span class='ocr_line' id='line_1_45' title="bbox 546 4402 2490 4488; baseline 0.001 -18"><span class='ocrx_word' id='word_1_343' title='bbox 546 4403 839 4488; x_wconf 86' lang='lat' dir='ltr'><strong>aspidem</strong></span> <span class='ocrx_word' id='word_1_344' title='bbox 907 4417 974 4467; x_wconf 87' lang='lat' dir='ltr'><strong>et</strong></span> <span class='ocrx_word' id='word_1_345' title='bbox 1041 4402 1413 4469; x_wconf 88' lang='lat' dir='ltr'><strong>basiliscum</strong></span> <span class='ocrx_word' id='word_1_346' title='bbox 1485 4413 1604 4470; x_wconf 89' lang='lat' dir='ltr'><strong>etc.</strong></span> <span class='ocrx_word' id='word_1_347' title='bbox 1627 4407 1685 4488; x_wconf 82' lang='lat'><strong>²)</strong></span> <span class='ocrx_word' id='word_1_348' title='bbox 1802 4406 2053 4471; x_wconf 62' lang='lat' dir='ltr'><strong>Virdio-s*</strong></span> <span class='ocrx_word' id='word_1_349' title='bbox 2124 4415 2225 4471; x_wconf 89' lang='lat' dir='ltr'><strong>est</strong></span> <span class='ocrx_word' id='word_1_350' title='bbox 2280 4406 2490 4472; x_wconf 90' lang='lat' dir='ltr'><strong>bonus</strong></span> 
     </span>
     <span class='ocr_line' id='line_1_46' title="bbox 541 4488 2488 4572; baseline 0.001 -17"><span class='ocrx_word' id='word_1_351' title='bbox 541 4491 683 4567; x_wconf 77' lang='lat' dir='ltr'><strong>vir,</strong></span> <span class='ocrx_word' id='word_1_352' title='bbox 750 4488 863 4553; x_wconf 90' lang='lat' dir='ltr'><strong>sed</strong></span> <span class='ocrx_word' id='word_1_353' title='bbox 919 4502 1053 4553; x_wconf 86' lang='lat' dir='ltr'><strong>tam</strong></span> <span class='ocrx_word' id='word_1_354' title='bbox 1111 4491 1415 4572; x_wconf 84' lang='lat' dir='ltr'><strong>pertinax</strong></span> <span class='ocrx_word' id='word_1_355' title='bbox 1479 4499 1555 4555; x_wconf 89' lang='lat' dir='ltr'><strong>ut</strong></span> <span class='ocrx_word' id='word_1_356' title='bbox 1597 4490 1764 4556; x_wconf 88' lang='lat' dir='ltr'><strong>nihil</strong></span> <span class='ocrx_word' id='word_1_357' title='bbox 1822 4490 1903 4556; x_wconf 92' lang='lat' dir='ltr'><strong>de</strong></span> <span class='ocrx_word' id='word_1_358' title='bbox 1961 4513 2079 4556; x_wconf 92' lang='lat' dir='ltr'><strong>suo</strong></span> <span class='ocrx_word' id='word_1_359' title='bbox 2122 4490 2248 4556; x_wconf 85' lang='lat' dir='ltr'><strong>det.</strong></span> <span class='ocrx_word' id='word_1_360' title='bbox 2340 4492 2488 4556; x_wconf 92' lang='lat' dir='ltr'><strong>Non</strong></span> 
     </span>
     <span class='ocr_line' id='line_1_47' title="bbox 543 4573 2490 4660; baseline -0.001 -18"><span class='ocrx_word' id='word_1_361' title='bbox 543 4595 703 4660; x_wconf 82' lang='lat' dir='ltr'><strong>ergo</strong></span> <span class='ocrx_word' id='word_1_362' title='bbox 760 4573 950 4642; x_wconf 79' lang='lat' dir='ltr'><strong>video</strong></span> <span class='ocrx_word' id='word_1_363' title='bbox 1006 4576 1235 4642; x_wconf 89' lang='lat' dir='ltr'><strong>melius</strong></span> <span class='ocrx_word' id='word_1_364' title='bbox 1300 4575 1441 4640; x_wconf 86' lang='lat' dir='ltr'><strong>tolli</strong></span> <span class='ocrx_word' id='word_1_365' title='bbox 1496 4596 1683 4658; x_wconf 89' lang='lat' dir='ltr'><strong>posse</strong></span> <span class='ocrx_word' id='word_1_366' title='bbox 1740 4578 1903 4644; x_wconf 88' lang='lat' dir='ltr'><strong>haec</strong></span> <span class='ocrx_word' id='word_1_367' title='bbox 1976 4576 2242 4643; x_wconf 86' lang='lat' dir='ltr'><strong>dissidia</strong></span> <span class='ocrx_word' id='word_1_368' title='bbox 2296 4599 2490 4660; x_wconf 80' lang='lat' dir='ltr'><strong>quam</strong></span> 
     </span>
     <span class='ocr_line' id='line_1_48' title="bbox 544 4661 2491 4747; baseline 0.001 -19"><span class='ocrx_word' id='word_1_369' title='bbox 544 4681 732 4728; x_wconf 86' lang='lat' dir='ltr'><strong>mora</strong></span> <span class='ocrx_word' id='word_1_370' title='bbox 775 4669 843 4727; x_wconf 90' lang='lat' dir='ltr'><strong>et</strong></span> <span class='ocrx_word' id='word_1_371' title='bbox 878 4662 1155 4745; x_wconf 77' lang='lat' dir='ltr'><strong>privatis</strong></span> <span class='ocrx_word' id='word_1_372' title='bbox 1212 4661 1791 4741; x_wconf 77' lang='lat' dir='ltr'><strong>admonitionibus,</strong></span> <span class='ocrx_word' id='word_1_373' title='bbox 1850 4663 2083 4747; x_wconf 84' lang='lat' dir='ltr'><strong>quibus</strong></span> <span class='ocrx_word' id='word_1_374' title='bbox 2140 4671 2316 4730; x_wconf 82' lang='lat' dir='ltr'><strong>certo</strong></span> <span class='ocrx_word' id='word_1_375' title='bbox 2360 4685 2491 4729; x_wconf 89' lang='lat' dir='ltr'><strong>non</strong></span> 
     </span>
    </p>
   </div>
   <div class='ocr_carea' id='block_1_5' title="bbox 541 4749 2021 4916">
    <p class='ocr_par' dir='ltr' id='par_1_7' title="bbox 541 4749 2021 4916">
     <span class='ocr_line' id='line_1_49' title="bbox 541 4749 2021 4833; baseline -0.001 -19"><span class='ocrx_word' id='word_1_376' title='bbox 541 4769 743 4833; x_wconf 81' lang='lat' dir='ltr'><strong>parco</strong></span> <span class='ocrx_word' id='word_1_377' title='bbox 798 4749 1119 4830; x_wconf 84' lang='lat' dir='ltr'><strong>utrinque.</strong></span> <span class='ocrx_word' id='word_1_378' title='bbox 1174 4785 2021 4797; x_wconf 75' lang='lat'>———————</span> 
     </span>
     <span class='ocr_line' id='line_1_50' title="bbox 543 4833 1261 4916; baseline -0.003 -18"><span class='ocrx_word' id='word_1_379' title='bbox 543 4837 707 4898; x_wconf 81' lang='lat' dir='ltr'><strong>tima</strong></span> <span class='ocrx_word' id='word_1_380' title='bbox 752 4833 1029 4916; x_wconf 81' lang='lat' dir='ltr'><strong>Augusti</strong></span> <span class='ocrx_word' id='word_1_381' title='bbox 1083 4840 1261 4897; x_wconf 76' lang='lat'>1551.</span> 
     </span>
    </p>
   </div>
   <div class='ocr_carea' id='block_1_6' title="bbox 2072 4749 2490 4816">
    <p class='ocr_par' dir='ltr' id='par_1_8' title="bbox 2072 4749 2490 4816">
     <span class='ocr_line' id='line_1_51' title="bbox 2072 4749 2490 4816; baseline -0.002 -2"><span class='ocrx_word' id='word_1_382' title='bbox 2072 4749 2333 4816; x_wconf 85' lang='lat' dir='ltr'><strong>Bernae</strong></span> <span class='ocrx_word' id='word_1_383' title='bbox 2391 4749 2490 4813; x_wconf 86' lang='lat' dir='ltr'><strong>ul-</strong></span> 
     </span>
    </p>
   </div>
   <div class='ocr_carea' id='block_1_7' title="bbox 1671 4921 2312 5005">
    <p class='ocr_par' dir='ltr' id='par_1_9' title="bbox 1671 4921 2312 5005">
     <span class='ocr_line' id='line_1_52' title="bbox 1671 4921 2312 5005; baseline 0.003 -22"><span class='ocrx_word' id='word_1_384' title='bbox 1671 4921 1853 4984; x_wconf 82' lang='lat' dir='ltr'><strong>&#39;Pnus</strong></span> <span class='ocrx_word' id='word_1_385' title='bbox 1888 4941 2079 5005; x_wconf 84' lang='lat' dir='ltr'><strong>quem</strong></span> <span class='ocrx_word' id='word_1_386' title='bbox 2125 4923 2312 4986; x_wconf 86' lang='lat' dir='ltr'><strong>nosti.</strong></span> 
     </span>
    </p>
   </div>
   <div class='ocr_carea' id='block_1_8' title="bbox 864 5044 955 5051">
    <p class='ocr_par' dir='ltr' id='par_1_10' title="bbox 864 5044 955 5051">
     <span class='ocr_line' id='line_1_53' title="bbox 864 5044 955 5051; baseline 0 -1"><span class='ocrx_word' id='word_1_387' title='bbox 864 5044 955 5051; x_wconf 77' lang='lat'>---—-</span> 
     </span>
    </p>
   </div>
   <div class='ocr_carea' id='block_1_9' title="bbox 551 5101 2488 5301">
    <p class='ocr_par' dir='ltr' id='par_1_11' title="bbox 551 5101 2488 5301">
     <span class='ocr_line' id='line_1_54' title="bbox 551 5101 2429 5189; baseline 0.002 -27"><span class='ocrx_word' id='word_1_388' title='bbox 551 5105 723 5162; x_wconf 73' lang='lat'>1525.</span> <span class='ocrx_word' id='word_1_389' title='bbox 750 5107 808 5170; x_wconf 84' lang='lat'><strong>1)</strong></span> <span class='ocrx_word' id='word_1_390' title='bbox 852 5101 991 5162; x_wconf 69' lang='lat' dir='ltr'><strong>Vide</strong></span> <span class='ocrx_word' id='word_1_391' title='bbox 1022 5106 1247 5188; x_wconf 70' lang='lat' dir='ltr'><strong>omnino</strong></span> <span class='ocrx_word' id='word_1_392' title='bbox 1280 5103 1359 5162; x_wconf 72' lang='grc' dir='ltr'><strong>Π.</strong></span> <span class='ocrx_word' id='word_1_393' title='bbox 1397 5106 1532 5162; x_wconf 79' lang='lat'>1519</span> <span class='ocrx_word' id='word_1_394' title='bbox 1562 5112 1674 5164; x_wconf 75' lang='lat' dir='ltr'><strong>not.</strong></span> <span class='ocrx_word' id='word_1_395' title='bbox 1708 5107 1744 5163; x_wconf 84' lang='lat'><strong>3</strong></span> <span class='ocrx_word' id='word_1_396' title='bbox 1776 5113 1829 5164; x_wconf 67' lang='lat' dir='ltr'><strong>d.</strong></span> <span class='ocrx_word' id='word_1_397' title='bbox 1863 5107 2012 5164; x_wconf 75' lang='lat'><strong>1526.</strong></span> <span class='ocrx_word' id='word_1_398' title='bbox 2419 5178 2429 5189; x_wconf 43' lang='lat'><strong>·</strong></span> 
     </span>
     <span class='ocr_line' id='line_1_55' title="bbox 754 5172 2488 5301; baseline 0.004 -70"><span class='ocrx_word' id='word_1_399' title='bbox 754 5176 1005 5301; x_wconf 56' lang='lat' dir='ltr'><strong><em>w</em></strong></span> <span class='ocrx_word' id='word_1_400' title='bbox 1030 5182 1349 5246; x_wconf 68' lang='lat' dir='ltr'><strong>postumo-a</strong></span> <span class='ocrx_word' id='word_1_401' title='bbox 1382 5177 1552 5232; x_wconf 75' lang='lat' dir='ltr'><strong>verba</strong></span> <span class='ocrx_word' id='word_1_402' title='bbox 1585 5172 1966 5235; x_wconf 65' lang='grc' dir='ltr'><strong>ἅναολοόθως</strong></span> <span class='ocrx_word' id='word_1_403' title='bbox 2014 5180 2257 5249; x_wconf 66' lang='lat' dir='ltr'><strong>satisque</strong></span> <span class='ocrx_word' id='word_1_404' title='bbox 2300 5193 2488 5247; x_wconf 66' lang='lat' dir='ltr'><strong>aetua-</strong></span> 
     </span>
    </p>
   </div>
   <div class='ocr_carea' id='block_1_10' title="bbox 2046 477 3038 546">
    <p class='ocr_par' dir='ltr' id='par_1_12' title="bbox 2046 477 3038 546">
     <span class='ocr_line' id='line_1_56' title="bbox 2046 477 3038 546; baseline -0.004 0"><span class='ocrx_word' id='word_1_405' title='bbox 2046 477 2566 546; x_wconf 76' lang='lat' dir='ltr'><strong>EPISTOLAE</strong></span> <span class='ocrx_word' id='word_1_406' title='bbox 2616 479 3038 545; x_wconf 79' lang='lat'>1525-1526</span> 
     </span>
    </p>
   </div>
   <div class='ocr_carea' id='block_1_11' title="bbox 2538 679 2547 5449">
    <p class='ocr_par' dir='ltr' id='par_1_13' title="bbox 2538 679 2547 5449">
     <span class='ocr_line' id='line_1_57' title="bbox 2538 679 2547 5449; baseline 0 0"><span class='ocrx_word' id='word_1_407' title='bbox 2538 679 2547 5449; x_wconf 95' lang='lat' dir='ltr'><strong> </strong></span> 
     </span>
    </p>
   </div>
   <div class='ocr_carea' id='block_1_12' title="bbox 4432 483 4545 543">
    <p class='ocr_par' dir='ltr' id='par_1_14' title="bbox 4432 483 4545 543">
     <span class='ocr_line' id='line_1_58' title="bbox 4432 483 4545 543; baseline 0.009 -2"><span class='ocrx_word' id='word_1_408' title='bbox 4432 483 4545 543; x_wconf 79' lang='lat'><strong>172</strong></span> 
     </span>
    </p>
   </div>
   <div class='ocr_carea' id='block_1_13' title="bbox 2714 664 4431 872">
    <p class='ocr_par' dir='ltr' id='par_1_15' title="bbox 2714 664 4431 872">
     <span class='ocr_line' id='line_1_59' title="bbox 3470 664 3664 737; baseline 0.021 -4"><span class='ocrx_word' id='word_1_409' title='bbox 3470 664 3664 737; x_wconf 72' lang='lat'><strong>1526.</strong></span> 
     </span>
     <span class='ocr_line' id='line_1_60' title="bbox 2714 800 4431 872; baseline 0.002 -4"><span class='ocrx_word' id='word_1_410' title='bbox 2714 800 3183 869; x_wconf 75' lang='lat' dir='ltr'>GALVINUS</span> <span class='ocrx_word' id='word_1_411' title='bbox 3228 802 3708 870; x_wconf 77' lang='lat' dir='ltr'>MINIS&#39;PRIS</span> <span class='ocrx_word' id='word_1_412' title='bbox 3752 802 4431 872; x_wconf 80' lang='lat' dir='ltr'>BERNENSIBUS.</span> 
     </span>
    </p>
   </div>
   <div class='ocr_carea' id='block_1_14' title="bbox 2591 956 4551 1193">
    <p class='ocr_par' dir='ltr' id='par_1_16' title="bbox 2591 956 4551 1193">
     <span class='ocr_line' id='line_1_61' title="bbox 2765 956 4551 1040; baseline 0.002 -20"><span class='ocrx_word' id='word_1_413' title='bbox 2765 956 3088 1022; x_wconf 71' lang='lat' dir='ltr'><strong>Iniuriam</strong></span> <span class='ocrx_word' id='word_1_414' title='bbox 3135 957 3336 1024; x_wconf 76' lang='lat' dir='ltr'><strong>tribus</strong></span> <span class='ocrx_word' id='word_1_415' title='bbox 3400 957 3615 1025; x_wconf 71' lang='lat' dir='ltr'><strong>Gallis</strong></span> <span class='ocrx_word' id='word_1_416' title='bbox 3667 958 3978 1025; x_wconf 70' lang='lat' dir='ltr'><strong>nobilibus</strong></span> <span class='ocrx_word' id='word_1_417' title='bbox 4032 965 4090 1025; x_wconf 74' lang='lat' dir='ltr'><strong>et</strong></span> <span class='ocrx_word' id='word_1_418' title='bbox 4144 958 4270 1024; x_wconf 75' lang='lat' dir='ltr'><strong>sibi</strong></span> <span class='ocrx_word' id='word_1_419' title='bbox 4321 959 4454 1040; x_wconf 71' lang='lat' dir='ltr'><strong>ipsi</strong></span> <span class='ocrx_word' id='word_1_420' title='bbox 4504 980 4551 1024; x_wconf 78' lang='lat' dir='ltr'><strong>a</strong></span> 
     </span>
     <span class='ocr_line' id='line_1_62' title="bbox 2591 1039 4550 1193; baseline 0.002 -87"><span class='ocrx_word' id='word_1_421' title='bbox 2591 1039 2917 1193; x_wconf 42' lang='lat' dir='ltr'><strong>§ww</strong></span> <span class='ocrx_word' id='word_1_422' title='bbox 2958 1042 3205 1107; x_wconf 76' lang='lat' dir='ltr'><strong>illatam</strong></span> <span class='ocrx_word' id='word_1_423' title='bbox 3237 1044 3534 1126; x_wconf 75' lang='lat' dir='ltr'><strong>pluribus</strong></span> <span class='ocrx_word' id='word_1_424' title='bbox 3574 1047 3826 1125; x_wconf 73' lang='lat' dir='ltr'><strong>exponit</strong></span> <span class='ocrx_word' id='word_1_425' title='bbox 3844 1050 3899 1110; x_wconf 69' lang='lat' dir='ltr'><strong>d</strong></span> <span class='ocrx_word' id='word_1_426' title='bbox 3931 1046 4117 1112; x_wconf 80' lang='lat' dir='ltr'><strong>talem</strong></span> <span class='ocrx_word' id='word_1_427' title='bbox 4150 1045 4550 1111; x_wconf 76' lang='lat' dir='ltr'><strong>coercendum</strong></span> 
     </span>
    </p>
   </div>
   <div class='ocr_carea' id='block_1_15' title="bbox 2595 1299 2869 1362">
    <p class='ocr_par' dir='ltr' id='par_1_17' title="bbox 2595 1299 2869 1362">
     <span class='ocr_line' id='line_1_63' title="bbox 2595 1299 2869 1362; baseline 0.004 -11"><span class='ocrx_word' id='word_1_428' title='bbox 2595 1299 2705 1362; x_wconf 78' lang='lat' dir='ltr'><strong>(Ex</strong></span> <span class='ocrx_word' id='word_1_429' title='bbox 2741 1305 2869 1352; x_wconf 77' lang='lat' dir='ltr'><strong>auto</strong></span> 
     </span>
    </p>
   </div>
   <div class='ocr_carea' id='block_1_16' title="bbox 2593 1298 4544 1433">
    <p class='ocr_par' dir='ltr' id='par_1_18' title="bbox 2593 1298 4544 1433">
     <span class='ocr_line' id='line_1_64' title="bbox 2593 1298 4544 1421; baseline -0.036 -1"><span class='ocrx_word' id='word_1_430' title='bbox 2593 1368 2666 1420; x_wconf 77' lang='lat' dir='ltr'><strong>fl</strong></span> <span class='ocrx_word' id='word_1_431' title='bbox 2716 1365 2787 1421; x_wconf 80' lang='lat'><strong>95</strong></span> <span class='ocrx_word' id='word_1_432' title='bbox 2969 1299 3078 1368; x_wconf 64' lang='lat'><strong>9¹¹⁰</strong></span> <span class='ocrx_word' id='word_1_433' title='bbox 3114 1299 3237 1354; x_wconf 66' lang='lat'><strong>00⁶·</strong></span> <span class='ocrx_word' id='word_1_434' title='bbox 3283 1300 3483 1355; x_wconf 54' lang='grc' dir='ltr'><strong>(ἔθυον.</strong></span> <span class='ocrx_word' id='word_1_435' title='bbox 3524 1298 3665 1364; x_wconf 71' lang='grc' dir='ltr'>ιοτι,</span> <span class='ocrx_word' id='word_1_436' title='bbox 3704 1301 3793 1355; x_wconf 68' lang='grc' dir='ltr'>τοι.</span> <span class='ocrx_word' id='word_1_437' title='bbox 3828 1299 3948 1366; x_wconf 82' lang='lat'><strong>292,</strong></span> <span class='ocrx_word' id='word_1_438' title='bbox 3985 1303 4105 1356; x_wconf 78' lang='lat'><strong>0011.</strong></span> <span class='ocrx_word' id='word_1_439' title='bbox 4142 1319 4187 1356; x_wconf 53' lang='lat'><strong>0„</strong></span> <span class='ocrx_word' id='word_1_440' title='bbox 4223 1301 4352 1356; x_wconf 81' lang='lat' dir='ltr'><strong>Cod.</strong></span> <span class='ocrx_word' id='word_1_441' title='bbox 4390 1300 4544 1364; x_wconf 71' lang='lat'><strong>10712,</strong></span> 
     </span>
     <span class='ocr_line' id='line_1_65' title="bbox 2615 1384 2809 1433; baseline -0.046 -11"><span class='ocrx_word' id='word_1_442' title='bbox 2615 1384 2648 1421; x_wconf 92' lang='lat' dir='ltr'><strong>o</strong></span> <span class='ocrx_word' id='word_1_443' title='bbox 2671 1407 2683 1419; x_wconf 91' lang='lat'><strong>.</strong></span> <span class='ocrx_word' id='word_1_444' title='bbox 2796 1407 2809 1433; x_wconf 90' lang='lat'><strong>,</strong></span> 
     </span>
    </p>
   </div>
   <div class='ocr_carea' id='block_1_17' title="bbox 2594 1367 4548 1646">
    <p class='ocr_par' dir='ltr' id='par_1_19' title="bbox 2594 1367 4548 1646">
     <span class='ocr_line' id='line_1_66' title="bbox 2898 1367 4546 1437; baseline 0.002 -16"><span class='ocrx_word' id='word_1_445' title='bbox 2898 1385 2934 1437; x_wconf 90' lang='lat' dir='ltr'><strong>p</strong></span> <span class='ocrx_word' id='word_1_446' title='bbox 2975 1408 2987 1421; x_wconf 95' lang='lat'><strong>.</strong></span> <span class='ocrx_word' id='word_1_447' title='bbox 3023 1369 3183 1423; x_wconf 87' lang='lat' dir='ltr'><strong>Bern.</strong></span> <span class='ocrx_word' id='word_1_448' title='bbox 3233 1368 3355 1423; x_wconf 87' lang='lat' dir='ltr'>VII.</span> <span class='ocrx_word' id='word_1_449' title='bbox 3391 1386 3441 1437; x_wconf 88' lang='lat' dir='ltr'><strong>p.</strong></span> <span class='ocrx_word' id='word_1_450' title='bbox 3478 1367 3578 1423; x_wconf 76' lang='lat'><strong>‘181</strong></span> <span class='ocrx_word' id='word_1_451' title='bbox 3654 1375 3711 1424; x_wconf 83' lang='lat' dir='ltr'><strong>et</strong></span> <span class='ocrx_word' id='word_1_452' title='bbox 3746 1371 3960 1424; x_wconf 88' lang='lat' dir='ltr'><strong>Simleri</strong></span> <span class='ocrx_word' id='word_1_453' title='bbox 3999 1371 4118 1425; x_wconf 83' lang='lat' dir='ltr'><strong>Vol.</strong></span> <span class='ocrx_word' id='word_1_454' title='bbox 4170 1368 4254 1424; x_wconf 77' lang='lat'><strong>75.</strong></span> <span class='ocrx_word' id='word_1_455' title='bbox 4328 1370 4546 1425; x_wconf 83' lang='lat' dir='ltr'><strong>calvini</strong></span> 
     </span>
     <span class='ocr_line' id='line_1_67' title="bbox 2594 1384 4547 1517; baseline 0.003 -29"><span class='ocrx_word' id='word_1_456' title='bbox 2594 1436 2856 1517; x_wconf 74' lang='lat' dir='ltr'><strong>scriptum</strong></span> <span class='ocrx_word' id='word_1_457' title='bbox 2900 1384 3242 1491; x_wconf 53' lang='lat' dir='ltr'><strong>adumbratio</strong></span> <span class='ocrx_word' id='word_1_458' title='bbox 3288 1439 3552 1507; x_wconf 84' lang='lat' dir='ltr'><strong>quaedam</strong></span> <span class='ocrx_word' id='word_1_459' title='bbox 3594 1410 3868 1508; x_wconf 71' lang='lat' dir='ltr'><strong>’epistolae</strong></span> <span class='ocrx_word' id='word_1_460' title='bbox 3915 1438 4130 1493; x_wconf 82' lang='lat' dir='ltr'><strong>videtur</strong></span> <span class='ocrx_word' id='word_1_461' title='bbox 4176 1457 4315 1508; x_wconf 85' lang='lat' dir='ltr'><strong>quae</strong></span> <span class='ocrx_word' id='word_1_462' title='bbox 4362 1456 4547 1493; x_wconf 84' lang='lat' dir='ltr'><strong>emen-</strong></span> 
     </span>
     <span class='ocr_line' id='line_1_68' title="bbox 2594 1505 4548 1576; baseline 0.001 -18"><span class='ocrx_word' id='word_1_463' title='bbox 2594 1505 2858 1559; x_wconf 76' lang='lat' dir='ltr'><strong>datricem</strong></span> <span class='ocrx_word' id='word_1_464' title='bbox 2894 1505 3068 1559; x_wconf 87' lang='lat' dir='ltr'><strong>adhnc</strong></span> <span class='ocrx_word' id='word_1_465' title='bbox 3104 1508 3454 1576; x_wconf 83' lang='lat' dir='ltr'><strong>exspectabat</strong></span> <span class='ocrx_word' id='word_1_466' title='bbox 3490 1525 3721 1560; x_wconf 89' lang='lat' dir='ltr'><strong>manum.</strong></span> <span class='ocrx_word' id='word_1_467' title='bbox 3793 1506 3844 1560; x_wconf 84' lang='lat' dir='ltr'>N</span> <span class='ocrx_word' id='word_1_468' title='bbox 3847 1525 3934 1561; x_wconf 83' lang='lat' dir='ltr'><strong>am</strong></span> <span class='ocrx_word' id='word_1_469' title='bbox 3978 1508 4105 1562; x_wconf 87' lang='lat' dir='ltr'><strong>hinc</strong></span> <span class='ocrx_word' id='word_1_470' title='bbox 4148 1507 4276 1562; x_wconf 88' lang='lat' dir='ltr'><strong>inde</strong></span> <span class='ocrx_word' id='word_1_471' title='bbox 4309 1508 4417 1576; x_wconf 73' lang='lat' dir='ltr'><strong>¹vix</strong></span> <span class='ocrx_word' id='word_1_472' title='bbox 4452 1526 4548 1561; x_wconf 80' lang='lat' dir='ltr'><strong>au·</strong></span> 
     </span>
     <span class='ocr_line' id='line_1_69' title="bbox 3189 1576 3932 1646; baseline 0.004 -17"><span class='ocrx_word' id='word_1_473' title='bbox 3189 1576 3328 1629; x_wconf 78' lang='lat' dir='ltr'><strong>toris</strong></span> <span class='ocrx_word' id='word_1_474' title='bbox 3363 1576 3564 1646; x_wconf 78' lang='lat' dir='ltr'><strong>stylum</strong></span> <span class='ocrx_word' id='word_1_475' title='bbox 3602 1577 3932 1646; x_wconf 82' lang='lat' dir='ltr'><strong>agnoveris.)</strong></span> 
     </span>
    </p>
   </div>
   <div class='ocr_carea' id='block_1_18' title="bbox 2590 1727 4550 4559">
    <p class='ocr_par' dir='ltr' id='par_1_20' title="bbox 2593 1727 4550 2413">
     <span class='ocr_line' id='line_1_70' title="bbox 2766 1727 4548 1815; baseline 0.001 -21"><span class='ocrx_word' id='word_1_476' title='bbox 2766 1728 2840 1794; x_wconf 81' lang='lat' dir='ltr'><strong>S.</strong></span> <span class='ocrx_word' id='word_1_477' title='bbox 2905 1729 3167 1794; x_wconf 81' lang='lat' dir='ltr'><strong>Invitus</strong></span> <span class='ocrx_word' id='word_1_478' title='bbox 3210 1727 3474 1812; x_wconf 89' lang='lat' dir='ltr'><strong>quidem</strong></span> <span class='ocrx_word' id='word_1_479' title='bbox 3517 1731 3684 1796; x_wconf 67' lang='lat' dir='ltr'><strong>facio</strong></span> <span class='ocrx_word' id='word_1_480' title='bbox 3729 1740 3802 1796; x_wconf 89' lang='lat' dir='ltr'><strong>ut</strong></span> <span class='ocrx_word' id='word_1_481' title='bbox 3847 1752 3957 1797; x_wconf 87' lang='lat' dir='ltr'><strong>vos</strong></span> <span class='ocrx_word' id='word_1_482' title='bbox 4003 1732 4168 1796; x_wconf 92' lang='lat' dir='ltr'><strong>meis</strong></span> <span class='ocrx_word' id='word_1_483' title='bbox 4215 1733 4548 1815; x_wconf 82' lang='lat' dir='ltr'><strong>querimo—</strong></span> 
     </span>
     <span class='ocr_line' id='line_1_71' title="bbox 2595 1813 4550 1899; baseline 0.003 -22"><span class='ocrx_word' id='word_1_484' title='bbox 2595 1814 2724 1879; x_wconf 89' lang='lat' dir='ltr'><strong>niis</strong></span> <span class='ocrx_word' id='word_1_485' title='bbox 2766 1813 3054 1899; x_wconf 83' lang='lat' dir='ltr'><strong>fatigem.</strong></span> <span class='ocrx_word' id='word_1_486' title='bbox 3143 1814 3313 1880; x_wconf 88' lang='lat' dir='ltr'><strong>Nam</strong></span> <span class='ocrx_word' id='word_1_487' title='bbox 3370 1823 3436 1880; x_wconf 91' lang='lat' dir='ltr'><strong>et</strong></span> <span class='ocrx_word' id='word_1_488' title='bbox 3489 1814 3638 1899; x_wconf 90' lang='lat' dir='ltr'><strong>plus</strong></span> <span class='ocrx_word' id='word_1_489' title='bbox 3682 1817 3844 1883; x_wconf 85' lang='lat' dir='ltr'><strong>satis</strong></span> <span class='ocrx_word' id='word_1_490' title='bbox 3899 1816 4342 1883; x_wconf 82' lang='lat' dir='ltr'><strong>molestiarum</strong></span> <span class='ocrx_word' id='word_1_491' title='bbox 4397 1818 4550 1883; x_wconf 87' lang='lat' dir='ltr'><strong>istic</strong></span> 
     </span>
     <span class='ocr_line' id='line_1_72' title="bbox 2596 1899 4550 1987; baseline 0.002 -24"><span class='ocrx_word' id='word_1_492' title='bbox 2596 1899 2779 1966; x_wconf 83' lang='lat' dir='ltr'><strong>vobis</strong></span> <span class='ocrx_word' id='word_1_493' title='bbox 2837 1921 2978 1967; x_wconf 90' lang='lat' dir='ltr'><strong>esse</strong></span> <span class='ocrx_word' id='word_1_494' title='bbox 3036 1902 3168 1968; x_wconf 89' lang='lat' dir='ltr'><strong>scio</strong></span> <span class='ocrx_word' id='word_1_495' title='bbox 3185 1953 3201 1980; x_wconf 94' lang='lat'><strong>,</strong></span> <span class='ocrx_word' id='word_1_496' title='bbox 3256 1910 3325 1966; x_wconf 91' lang='lat' dir='ltr'><strong>et</strong></span> <span class='ocrx_word' id='word_1_497' title='bbox 3379 1922 3570 1968; x_wconf 89' lang='lat' dir='ltr'><strong>aures</strong></span> <span class='ocrx_word' id='word_1_498' title='bbox 3625 1911 3880 1969; x_wconf 87' lang='lat' dir='ltr'><strong>vestras</strong></span> <span class='ocrx_word' id='word_1_499' title='bbox 3934 1904 4133 1970; x_wconf 90' lang='lat' dir='ltr'><strong>nimis</strong></span> <span class='ocrx_word' id='word_1_500' title='bbox 4190 1924 4384 1987; x_wconf 90' lang='lat' dir='ltr'><strong>saepe</strong></span> <span class='ocrx_word' id='word_1_501' title='bbox 4428 1922 4550 1967; x_wconf 90' lang='lat' dir='ltr'><strong>au-</strong></span> 
     </span>
     <span class='ocr_line' id='line_1_73' title="bbox 2596 1984 4548 2070; baseline 0.003 -22"><span class='ocrx_word' id='word_1_502' title='bbox 2596 1984 2850 2051; x_wconf 90' lang='lat' dir='ltr'><strong>diendis</strong></span> <span class='ocrx_word' id='word_1_503' title='bbox 2891 1986 3085 2052; x_wconf 89' lang='lat' dir='ltr'><strong>huius</strong></span> <span class='ocrx_word' id='word_1_504' title='bbox 3130 1987 3501 2070; x_wconf 83' lang='lat' dir='ltr'><strong>provinciae</strong></span> <span class='ocrx_word' id='word_1_505' title='bbox 3558 1988 3722 2054; x_wconf 81' lang='lat' dir='ltr'><strong>rixis</strong></span> <span class='ocrx_word' id='word_1_506' title='bbox 3778 1989 3979 2054; x_wconf 85' lang='lat' dir='ltr'><strong>fuisse</strong></span> <span class='ocrx_word' id='word_1_507' title='bbox 4035 1989 4316 2056; x_wconf 90' lang='lat' dir='ltr'><strong>obtusas.</strong></span> <span class='ocrx_word' id='word_1_508' title='bbox 4405 1988 4548 2053; x_wconf 88' lang='lat' dir='ltr'><strong>Ita-</strong></span> 
     </span>
     <span class='ocr_line' id='line_1_74' title="bbox 2594 2072 4549 2158; baseline 0.002 -24"><span class='ocrx_word' id='word_1_509' title='bbox 2594 2092 2754 2152; x_wconf 87' lang='lat' dir='ltr'><strong>que,</strong></span> <span class='ocrx_word' id='word_1_510' title='bbox 2815 2082 2890 2135; x_wconf 90' lang='lat' dir='ltr'><strong>ut</strong></span> <span class='ocrx_word' id='word_1_511' title='bbox 2933 2072 3117 2138; x_wconf 83' lang='lat' dir='ltr'><strong>vobis</strong></span> <span class='ocrx_word' id='word_1_512' title='bbox 3161 2093 3457 2156; x_wconf 87' lang='lat' dir='ltr'><strong>parcam,</strong></span> <span class='ocrx_word' id='word_1_513' title='bbox 3519 2073 3708 2155; x_wconf 87' lang='lat' dir='ltr'><strong>plura</strong></span> <span class='ocrx_word' id='word_1_514' title='bbox 3749 2075 4155 2158; x_wconf 89' lang='lat' dir='ltr'><strong>supprimere</strong></span> <span class='ocrx_word' id='word_1_515' title='bbox 4198 2084 4265 2142; x_wconf 83' lang='lat' dir='ltr'><strong>et</strong></span> <span class='ocrx_word' id='word_1_516' title='bbox 4306 2075 4549 2140; x_wconf 67' lang='lat' dir='ltr'><strong>tacitus</strong></span> 
     </span>
     <span class='ocr_line' id='line_1_75' title="bbox 2594 2158 4548 2245; baseline 0.002 -26"><span class='ocrx_word' id='word_1_517' title='bbox 2594 2177 2830 2222; x_wconf 86' lang='lat' dir='ltr'><strong>vorare</strong></span> <span class='ocrx_word' id='word_1_518' title='bbox 2875 2158 3047 2223; x_wconf 91' lang='lat' dir='ltr'><strong>solco</strong></span> <span class='ocrx_word' id='word_1_519' title='bbox 3091 2179 3289 2241; x_wconf 91' lang='lat' dir='ltr'><strong>quam</strong></span> <span class='ocrx_word' id='word_1_520' title='bbox 3332 2158 3632 2225; x_wconf 89' lang='lat' dir='ltr'><strong>credatis.</strong></span> <span class='ocrx_word' id='word_1_521' title='bbox 3713 2158 3847 2225; x_wconf 86' lang='lat' dir='ltr'><strong>Sed</strong></span> <span class='ocrx_word' id='word_1_522' title='bbox 3892 2168 4123 2225; x_wconf 91' lang='lat' dir='ltr'><strong>mutua</strong></span> <span class='ocrx_word' id='word_1_523' title='bbox 4159 2179 4324 2245; x_wconf 86' lang='lat' dir='ltr'><strong>quae</strong></span> <span class='ocrx_word' id='word_1_524' title='bbox 4363 2161 4548 2225; x_wconf 80' lang='lat' dir='ltr'><strong>inter</strong></span> 
     </span>
     <span class='ocr_line' id='line_1_76' title="bbox 2593 2240 4548 2313; baseline 0.002 -7"><span class='ocrx_word' id='word_1_525' title='bbox 2593 2264 2714 2307; x_wconf 90' lang='lat' dir='ltr'><strong>nos</strong></span> <span class='ocrx_word' id='word_1_526' title='bbox 2756 2263 2902 2308; x_wconf 90' lang='lat' dir='ltr'><strong>esse</strong></span> <span class='ocrx_word' id='word_1_527' title='bbox 2936 2240 3131 2310; x_wconf 89' lang='lat' dir='ltr'><strong>debet</strong></span> <span class='ocrx_word' id='word_1_528' title='bbox 3164 2246 3232 2309; x_wconf 92' lang='lat' dir='ltr'><strong>in</strong></span> <span class='ocrx_word' id='word_1_529' title='bbox 3267 2243 3574 2311; x_wconf 87' lang='lat' dir='ltr'><strong>curandis</strong></span> <span class='ocrx_word' id='word_1_530' title='bbox 3608 2246 3844 2312; x_wconf 83' lang='lat' dir='ltr'><strong>vicinis</strong></span> <span class='ocrx_word' id='word_1_531' title='bbox 3877 2245 4166 2313; x_wconf 90' lang='lat' dir='ltr'><strong>ecclesiis</strong></span> <span class='ocrx_word' id='word_1_532' title='bbox 4200 2247 4548 2312; x_wconf 89' lang='lat' dir='ltr'><strong>consensio</strong></span> 
     </span>
     <span class='ocr_line' id='line_1_77' title="bbox 2593 2329 3686 2413; baseline 0.005 -22"><span class='ocrx_word' id='word_1_533' title='bbox 2593 2349 2697 2392; x_wconf 89' lang='lat' dir='ltr'><strong>me</strong></span> <span class='ocrx_word' id='word_1_534' title='bbox 2741 2350 2874 2394; x_wconf 89' lang='lat' dir='ltr'><strong>non</strong></span> <span class='ocrx_word' id='word_1_535' title='bbox 2919 2332 3141 2395; x_wconf 88' lang='lat' dir='ltr'><strong>omnia</strong></span> <span class='ocrx_word' id='word_1_536' title='bbox 3180 2329 3376 2396; x_wconf 90' lang='lat' dir='ltr'><strong>silere</strong></span> <span class='ocrx_word' id='word_1_537' title='bbox 3418 2332 3686 2413; x_wconf 87' lang='lat' dir='ltr'><strong>patitur.</strong></span> 
     </span>
    </p>

    <p class='ocr_par' dir='ltr' id='par_1_21' title="bbox 2590 2415 4550 3525">
     <span class='ocr_line' id='line_1_78' title="bbox 2763 2415 4546 2500; baseline 0.002 -20"><span class='ocrx_word' id='word_1_538' title='bbox 2763 2415 3131 2496; x_wconf 86' lang='lat' dir='ltr'><strong>Aliquando</strong></span> <span class='ocrx_word' id='word_1_539' title='bbox 3183 2416 3356 2499; x_wconf 89' lang='lat' dir='ltr'><strong>apud</strong></span> <span class='ocrx_word' id='word_1_540' title='bbox 3412 2418 3728 2500; x_wconf 85' lang='lat' dir='ltr'><strong>optimum</strong></span> <span class='ocrx_word' id='word_1_541' title='bbox 3785 2418 4053 2483; x_wconf 81' lang='lat' dir='ltr'><strong>fratrem</strong></span> <span class='ocrx_word' id='word_1_542' title='bbox 4110 2430 4409 2483; x_wconf 90' lang='lat' dir='ltr'><strong>nostrum</strong></span> <span class='ocrx_word' id='word_1_543' title='bbox 4454 2418 4546 2484; x_wconf 90' lang='lat' dir='ltr'><strong>D.</strong></span> 
     </span>
     <span class='ocr_line' id='line_1_79' title="bbox 2593 2499 4546 2586; baseline 0.003 -22"><span class='ocrx_word' id='word_1_544' title='bbox 2593 2499 2941 2579; x_wconf 79' lang='lat' dir='ltr'><strong>Hallerum,</strong></span> <span class='ocrx_word' id='word_1_545' title='bbox 2976 2523 3182 2584; x_wconf 89' lang='lat' dir='ltr'><strong>quum</strong></span> <span class='ocrx_word' id='word_1_546' title='bbox 3216 2501 3323 2568; x_wconf 91' lang='lat' dir='ltr'><strong>hic</strong></span> <span class='ocrx_word' id='word_1_547' title='bbox 3358 2515 3551 2582; x_wconf 91' lang='lat' dir='ltr'><strong>esset,</strong></span> <span class='ocrx_word' id='word_1_548' title='bbox 3577 2505 3628 2586; x_wconf 87' lang='lat'><strong>¹)</strong></span> <span class='ocrx_word' id='word_1_549' title='bbox 3674 2505 3905 2569; x_wconf 81' lang='lat' dir='ltr'><strong>leviter</strong></span> <span class='ocrx_word' id='word_1_550' title='bbox 3940 2525 4085 2568; x_wconf 91' lang='lat' dir='ltr'><strong>sum</strong></span> <span class='ocrx_word' id='word_1_551' title='bbox 4122 2513 4546 2586; x_wconf 83' lang='lat' dir='ltr'><strong>conquestus,</strong></span> 
     </span>
     <span class='ocr_line' id='line_1_80' title="bbox 2591 2586 4547 2672; baseline 0.003 -22"><span class='ocrx_word' id='word_1_552' title='bbox 2591 2606 2733 2651; x_wconf 85' lang='lat' dir='ltr'><strong>esse</strong></span> <span class='ocrx_word' id='word_1_553' title='bbox 2776 2586 2844 2650; x_wconf 93' lang='lat' dir='ltr'><strong>in</strong></span> <span class='ocrx_word' id='word_1_554' title='bbox 2885 2588 3198 2669; x_wconf 84' lang='lat' dir='ltr'><strong>proximis</strong></span> <span class='ocrx_word' id='word_1_555' title='bbox 3231 2591 3419 2672; x_wconf 85' lang='lat' dir='ltr'><strong>pagis</strong></span> <span class='ocrx_word' id='word_1_556' title='bbox 3453 2590 3596 2672; x_wconf 86' lang='lat' dir='ltr'><strong>agri</strong></span> <span class='ocrx_word' id='word_1_557' title='bbox 3618 2588 3974 2654; x_wconf 85' lang='lat' dir='ltr'><strong>Beruensis</strong></span> <span class='ocrx_word' id='word_1_558' title='bbox 4007 2590 4319 2672; x_wconf 90' lang='lat' dir='ltr'><strong>quosdam</strong></span> <span class='ocrx_word' id='word_1_559' title='bbox 4356 2589 4547 2655; x_wconf 84' lang='lat' dir='ltr'><strong>vorbi</strong></span> 
     </span>
     <span class='ocr_line' id='line_1_81' title="bbox 2590 2672 4548 2758; baseline 0.003 -24"><span class='ocrx_word' id='word_1_560' title='bbox 2590 2672 2929 2738; x_wconf 89' lang='lat' dir='ltr'><strong>ministros</strong></span> <span class='ocrx_word' id='word_1_561' title='bbox 2950 2674 3058 2755; x_wconf 92' lang='lat' dir='ltr'><strong>qui</strong></span> <span class='ocrx_word' id='word_1_562' title='bbox 3092 2674 3377 2758; x_wconf 89' lang='lat' dir='ltr'><strong>pessime</strong></span> <span class='ocrx_word' id='word_1_563' title='bbox 3419 2675 3631 2741; x_wconf 89' lang='lat' dir='ltr'><strong>officio</strong></span> <span class='ocrx_word' id='word_1_564' title='bbox 3674 2694 3794 2740; x_wconf 91' lang='lat' dir='ltr'><strong>suo</strong></span> <span class='ocrx_word' id='word_1_565' title='bbox 3836 2675 4319 2757; x_wconf 85' lang='lat' dir='ltr'><strong>responderent.</strong></span> <span class='ocrx_word' id='word_1_566' title='bbox 4393 2675 4548 2742; x_wconf 88' lang='lat' dir='ltr'><strong>Uti-</strong></span> 
     </span>
     <span class='ocr_line' id='line_1_82' title="bbox 2592 2757 4546 2844; baseline 0.002 -24"><span class='ocrx_word' id='word_1_567' title='bbox 2592 2777 2748 2821; x_wconf 88' lang='lat' dir='ltr'><strong>nam</strong></span> <span class='ocrx_word' id='word_1_568' title='bbox 2790 2757 2872 2821; x_wconf 85' lang='lat' dir='ltr'><strong>ab</strong></span> <span class='ocrx_word' id='word_1_569' title='bbox 2915 2780 2990 2823; x_wconf 93' lang='lat' dir='ltr'><strong>eo</strong></span> <span class='ocrx_word' id='word_1_570' title='bbox 3037 2768 3326 2844; x_wconf 89' lang='lat' dir='ltr'><strong>tempore</strong></span> <span class='ocrx_word' id='word_1_571' title='bbox 3381 2781 3488 2826; x_wconf 90' lang='lat' dir='ltr'><strong>res</strong></span> <span class='ocrx_word' id='word_1_572' title='bbox 3544 2761 3613 2825; x_wconf 90' lang='lat' dir='ltr'><strong>in</strong></span> <span class='ocrx_word' id='word_1_573' title='bbox 3670 2761 3904 2826; x_wconf 91' lang='lat' dir='ltr'><strong>melius</strong></span> <span class='ocrx_word' id='word_1_574' title='bbox 3962 2771 4253 2826; x_wconf 87' lang='lat' dir='ltr'><strong>mutatae</strong></span> <span class='ocrx_word' id='word_1_575' title='bbox 4296 2773 4546 2827; x_wconf 83' lang='lat' dir='ltr'><strong>essent.</strong></span> 
     </span>
     <span class='ocr_line' id='line_1_83' title="bbox 2593 2841 4548 2932; baseline 0.003 -26"><span class='ocrx_word' id='word_1_576' title='bbox 2593 2841 2992 2926; x_wconf 80' lang='lat' dir='ltr'><strong>Quanquam</strong></span> <span class='ocrx_word' id='word_1_577' title='bbox 3035 2854 3274 2932; x_wconf 76' lang='lat' dir='ltr'><strong>autem,</strong></span> <span class='ocrx_word' id='word_1_578' title='bbox 3322 2846 3380 2911; x_wconf 91' lang='lat' dir='ltr'><strong>si</strong></span> <span class='ocrx_word' id='word_1_579' title='bbox 3415 2846 3581 2911; x_wconf 92' lang='lat' dir='ltr'><strong>bene</strong></span> <span class='ocrx_word' id='word_1_580' title='bbox 3617 2864 3692 2909; x_wconf 89' lang='lat' dir='ltr'><strong>ac</strong></span> <span class='ocrx_word' id='word_1_581' title='bbox 3727 2846 3986 2929; x_wconf 89' lang='lat' dir='ltr'><strong>penitus</strong></span> <span class='ocrx_word' id='word_1_582' title='bbox 4022 2847 4259 2912; x_wconf 89' lang='lat' dir='ltr'><strong>animis</strong></span> <span class='ocrx_word' id='word_1_583' title='bbox 4295 2848 4548 2912; x_wconf 88' lang='lat' dir='ltr'><strong>nostris</strong></span> 
     </span>
     <span class='ocr_line' id='line_1_84' title="bbox 2592 2929 4550 3014; baseline 0.003 -22"><span class='ocrx_word' id='word_1_584' title='bbox 2592 2929 2869 2993; x_wconf 83' lang='lat' dir='ltr'><strong>infixum</strong></span> <span class='ocrx_word' id='word_1_585' title='bbox 2913 2940 3087 2996; x_wconf 91' lang='lat' dir='ltr'><strong>esset</strong></span> <span class='ocrx_word' id='word_1_586' title='bbox 3126 2931 3297 3014; x_wconf 93' lang='lat' dir='ltr'><strong>quod</strong></span> <span class='ocrx_word' id='word_1_587' title='bbox 3339 2952 3452 2997; x_wconf 91' lang='lat' dir='ltr'><strong>ore</strong></span> <span class='ocrx_word' id='word_1_588' title='bbox 3487 2931 3770 3013; x_wconf 86' lang='lat' dir='ltr'><strong>quotidie</strong></span> <span class='ocrx_word' id='word_1_589' title='bbox 3804 2932 4102 3009; x_wconf 87' lang='lat' dir='ltr'><strong>fatemur,</strong></span> <span class='ocrx_word' id='word_1_590' title='bbox 4146 2953 4354 2997; x_wconf 86' lang='lat' dir='ltr'><strong>unum</strong></span> <span class='ocrx_word' id='word_1_591' title='bbox 4398 2953 4550 2998; x_wconf 84' lang='lat' dir='ltr'><strong>esse</strong></span> 
     </span>
     <span class='ocr_line' id='line_1_85' title="bbox 2594 3014 4547 3099; baseline 0 -19"><span class='ocrx_word' id='word_1_592' title='bbox 2594 3014 2905 3081; x_wconf 90' lang='lat' dir='ltr'><strong>ecclesiae</strong></span> <span class='ocrx_word' id='word_1_593' title='bbox 2948 3036 3216 3099; x_wconf 88' lang='lat' dir='ltr'><strong>corpus,</strong></span> <span class='ocrx_word' id='word_1_594' title='bbox 3262 3017 3518 3082; x_wconf 90' lang='lat' dir='ltr'><strong>nullum</strong></span> <span class='ocrx_word' id='word_1_595' title='bbox 3562 3019 3699 3082; x_wconf 90' lang='lat' dir='ltr'><strong>eius</strong></span> <span class='ocrx_word' id='word_1_596' title='bbox 3742 3017 4225 3083; x_wconf 90' lang='lat' dir='ltr'><strong>incommodum</strong></span> <span class='ocrx_word' id='word_1_597' title='bbox 4269 3016 4547 3084; x_wconf 81' lang='lat' dir='ltr'><strong>decebat</strong></span> 
     </span>
     <span class='ocr_line' id='line_1_86' title="bbox 2594 3100 4550 3186; baseline 0.003 -22"><span class='ocrx_word' id='word_1_598' title='bbox 2594 3122 2634 3164; x_wconf 91' lang='lat' dir='ltr'><strong>a</strong></span> <span class='ocrx_word' id='word_1_599' title='bbox 2689 3100 2876 3166; x_wconf 92' lang='lat' dir='ltr'><strong>nobis</strong></span> <span class='ocrx_word' id='word_1_600' title='bbox 2931 3101 3216 3168; x_wconf 89' lang='lat' dir='ltr'><strong>alienum</strong></span> <span class='ocrx_word' id='word_1_601' title='bbox 3275 3116 3610 3186; x_wconf 85' lang='lat' dir='ltr'><strong>reputare,</strong></span> <span class='ocrx_word' id='word_1_602' title='bbox 3683 3103 3813 3168; x_wconf 90' lang='lat' dir='ltr'><strong>alia</strong></span> <span class='ocrx_word' id='word_1_603' title='bbox 3872 3113 4090 3169; x_wconf 87' lang='lat' dir='ltr'><strong>tamen</strong></span> <span class='ocrx_word' id='word_1_604' title='bbox 4109 3155 4123 3180; x_wconf 92' lang='lat'><strong>,</strong></span> <span class='ocrx_word' id='word_1_605' title='bbox 4185 3125 4351 3186; x_wconf 89' lang='lat' dir='ltr'><strong>quae</strong></span> <span class='ocrx_word' id='word_1_606' title='bbox 4406 3123 4550 3170; x_wconf 86' lang='lat' dir='ltr'><strong>non</strong></span> 
     </span>
     <span class='ocr_line' id='line_1_87' title="bbox 2594 3184 4544 3269; baseline 0.001 -18"><span class='ocrx_word' id='word_1_607' title='bbox 2594 3184 2756 3251; x_wconf 91' lang='lat' dir='ltr'><strong>adeo</strong></span> <span class='ocrx_word' id='word_1_608' title='bbox 2799 3200 3021 3269; x_wconf 86' lang='lat' dir='ltr'><strong>aperte</strong></span> <span class='ocrx_word' id='word_1_609' title='bbox 3077 3188 3248 3255; x_wconf 88' lang='lat' dir='ltr'><strong>hanc</strong></span> <span class='ocrx_word' id='word_1_610' title='bbox 3308 3189 3649 3255; x_wconf 88' lang='lat' dir='ltr'><strong>ecclesiam</strong></span> <span class='ocrx_word' id='word_1_611' title='bbox 3703 3187 4004 3263; x_wconf 87' lang='lat' dir='ltr'><strong>laedunt,</strong></span> <span class='ocrx_word' id='word_1_612' title='bbox 4068 3210 4248 3255; x_wconf 91' lang='lat' dir='ltr'><strong>nnnc</strong></span> <span class='ocrx_word' id='word_1_613' title='bbox 4289 3189 4544 3255; x_wconf 89' lang='lat' dir='ltr'><strong>omitto.</strong></span> 
     </span>
     <span class='ocr_line' id='line_1_88' title="bbox 2594 3269 4544 3358; baseline 0.003 -22"><span class='ocrx_word' id='word_1_614' title='bbox 2594 3269 2730 3337; x_wconf 80' lang='lat' dir='ltr'><strong>Sed</strong></span> <span class='ocrx_word' id='word_1_615' title='bbox 2753 3273 3024 3338; x_wconf 89' lang='lat' dir='ltr'><strong>offensio</strong></span> <span class='ocrx_word' id='word_1_616' title='bbox 3047 3282 3165 3354; x_wconf 90' lang='lat' dir='ltr'><strong>est,</strong></span> <span class='ocrx_word' id='word_1_617' title='bbox 3201 3273 3283 3340; x_wconf 89' lang='lat' dir='ltr'><strong>de</strong></span> <span class='ocrx_word' id='word_1_618' title='bbox 3306 3296 3434 3358; x_wconf 88' lang='lat' dir='ltr'><strong>qua</strong></span> <span class='ocrx_word' id='word_1_619' title='bbox 3457 3296 3630 3342; x_wconf 89' lang='lat' dir='ltr'><strong>nunc</strong></span> <span class='ocrx_word' id='word_1_620' title='bbox 3653 3274 3826 3358; x_wconf 91' lang='lat' dir='ltr'><strong>apud</strong></span> <span class='ocrx_word' id='word_1_621' title='bbox 3852 3295 3964 3340; x_wconf 85' lang='lat' dir='ltr'><strong>vos</strong></span> <span class='ocrx_word' id='word_1_622' title='bbox 3985 3276 4293 3357; x_wconf 87' lang='lat' dir='ltr'><strong>conqueri</strong></span> <span class='ocrx_word' id='word_1_623' title='bbox 4316 3276 4544 3351; x_wconf 77' lang='lat' dir='ltr'><strong>statui,</strong></span> 
     </span>
     <span class='ocr_line' id='line_1_89' title="bbox 2593 3359 4550 3445; baseline 0.002 -23"><span class='ocrx_word' id='word_1_624' title='bbox 2593 3359 2886 3441; x_wconf 83' lang='lat' dir='ltr'><strong>gravior,</strong></span> <span class='ocrx_word' id='word_1_625' title='bbox 2942 3380 3174 3443; x_wconf 89' lang='lat' dir='ltr'><strong>meque</strong></span> <span class='ocrx_word' id='word_1_626' title='bbox 3212 3361 3422 3445; x_wconf 87' lang='lat' dir='ltr'><strong>magis</strong></span> <span class='ocrx_word' id='word_1_627' title='bbox 3479 3360 3722 3443; x_wconf 88' lang='lat' dir='ltr'><strong>premit</strong></span> <span class='ocrx_word' id='word_1_628' title='bbox 3762 3380 3954 3443; x_wconf 90' lang='lat' dir='ltr'><strong>quam</strong></span> <span class='ocrx_word' id='word_1_629' title='bbox 4008 3367 4086 3424; x_wconf 91' lang='lat' dir='ltr'><strong>ut</strong></span> <span class='ocrx_word' id='word_1_630' title='bbox 4139 3359 4550 3426; x_wconf 82' lang='lat' dir='ltr'><strong>dissimulari</strong></span> 
     </span>
     <span class='ocr_line' id='line_1_90' title="bbox 2595 3454 2805 3525; baseline -0.005 -18"><span class='ocrx_word' id='word_1_631' title='bbox 2595 3454 2805 3525; x_wconf 90' lang='lat' dir='ltr'><strong>queat.</strong></span> 
     </span>
    </p>

    <p class='ocr_par' dir='ltr' id='par_1_22' title="bbox 2592 3530 4550 4559">
     <span class='ocr_line' id='line_1_91' title="bbox 2765 3530 4546 3616; baseline 0.002 -21"><span class='ocrx_word' id='word_1_632' title='bbox 2765 3530 2891 3595; x_wconf 84' lang='lat' dir='ltr'><strong>Est</strong></span> <span class='ocrx_word' id='word_1_633' title='bbox 2947 3530 3211 3614; x_wconf 89' lang='lat' dir='ltr'><strong>quidam</strong></span> <span class='ocrx_word' id='word_1_634' title='bbox 3276 3532 3350 3596; x_wconf 90' lang='lat' dir='ltr'><strong>in</strong></span> <span class='ocrx_word' id='word_1_635' title='bbox 3409 3552 3577 3615; x_wconf 84' lang='lat' dir='ltr'><strong>pago</strong></span> <span class='ocrx_word' id='word_1_636' title='bbox 3640 3533 3850 3597; x_wconf 82' lang='lat' dir='ltr'><strong>vicino</strong></span> <span class='ocrx_word' id='word_1_637' title='bbox 3871 3534 3927 3604; x_wconf 73' lang='grc'><strong>2)</strong></span> <span class='ocrx_word' id='word_1_638' title='bbox 3988 3534 4131 3616; x_wconf 78' lang='lat' dir='ltr'><strong>agri</strong></span> <span class='ocrx_word' id='word_1_639' title='bbox 4179 3533 4546 3599; x_wconf 85' lang='lat' dir='ltr'><strong>Beruensis</strong></span> 
     </span>
     <span class='ocr_line' id='line_1_92' title="bbox 2593 3615 4543 3697; baseline 0.003 -19"><span class='ocrx_word' id='word_1_640' title='bbox 2593 3615 2779 3679; x_wconf 82' lang='lat' dir='ltr'><strong>verbi</strong></span> <span class='ocrx_word' id='word_1_641' title='bbox 2815 3617 3137 3694; x_wconf 87' lang='lat' dir='ltr'><strong>minister,</strong></span> <span class='ocrx_word' id='word_1_642' title='bbox 3183 3619 3284 3683; x_wconf 91' lang='lat' dir='ltr'><strong>cui</strong></span> <span class='ocrx_word' id='word_1_643' title='bbox 3322 3639 3561 3684; x_wconf 89' lang='lat' dir='ltr'><strong>nomen</strong></span> <span class='ocrx_word' id='word_1_644' title='bbox 3597 3626 3699 3682; x_wconf 87' lang='lat' dir='ltr'><strong>est</strong></span> <span class='ocrx_word' id='word_1_645' title='bbox 3720 3617 4115 3684; x_wconf 84' lang='lat' dir='ltr'><strong>Franciscus</strong></span> <span class='ocrx_word' id='word_1_646' title='bbox 4153 3616 4543 3697; x_wconf 65' lang='lat' dir='ltr'><strong>Mauris-ius,</strong></span> 
     </span>
     <span class='ocr_line' id='line_1_93' title="bbox 2593 3699 4550 3788; baseline 0.003 -24"><span class='ocrx_word' id='word_1_647' title='bbox 2593 3699 2788 3767; x_wconf 89' lang='lat' dir='ltr'><strong>homo</strong></span> <span class='ocrx_word' id='word_1_648' title='bbox 2823 3702 3014 3784; x_wconf 89' lang='lat' dir='ltr'><strong>plane</strong></span> <span class='ocrx_word' id='word_1_649' title='bbox 3051 3704 3274 3769; x_wconf 83' lang='lat' dir='ltr'><strong>servili</strong></span> <span class='ocrx_word' id='word_1_650' title='bbox 3309 3704 3588 3788; x_wconf 86' lang='lat' dir='ltr'><strong>ingeni0.</strong></span> <span class='ocrx_word' id='word_1_651' title='bbox 3663 3703 3834 3768; x_wconf 88' lang='lat' dir='ltr'><strong>Nam</strong></span> <span class='ocrx_word' id='word_1_652' title='bbox 3877 3724 4073 3786; x_wconf 91' lang='lat' dir='ltr'><strong>quum</strong></span> <span class='ocrx_word' id='word_1_653' title='bbox 4121 3702 4244 3769; x_wconf 90' lang='lat' dir='ltr'><strong>sibi</strong></span> <span class='ocrx_word' id='word_1_654' title='bbox 4284 3704 4550 3770; x_wconf 86' lang='lat' dir='ltr'><strong>videtur</strong></span> 
     </span>
     <span class='ocr_line' id='line_1_94' title="bbox 2595 3786 4549 3872; baseline 0.003 -22"><span class='ocrx_word' id='word_1_655' title='bbox 2595 3786 2841 3870; x_wconf 87' lang='lat' dir='ltr'><strong>aliquid</strong></span> <span class='ocrx_word' id='word_1_656' title='bbox 2876 3808 3079 3870; x_wconf 83' lang='lat' dir='ltr'><strong>posse,</strong></span> <span class='ocrx_word' id='word_1_657' title='bbox 3121 3789 3288 3854; x_wconf 88' lang='lat' dir='ltr'><strong>nihil</strong></span> <span class='ocrx_word' id='word_1_658' title='bbox 3320 3788 3706 3856; x_wconf 88' lang='lat' dir='ltr'><strong>insolentius</strong></span> <span class='ocrx_word' id='word_1_659' title='bbox 3742 3809 3863 3855; x_wconf 88' lang='lat' dir='ltr'><strong>nec</strong></span> <span class='ocrx_word' id='word_1_660' title='bbox 3897 3791 4255 3872; x_wconf 88' lang='lat' dir='ltr'><strong>superbius.</strong></span> <span class='ocrx_word' id='word_1_661' title='bbox 4315 3789 4549 3872; x_wconf 82' lang='lat' dir='ltr'><strong>Quum</strong></span> 
     </span>
     <span class='ocr_line' id='line_1_95' title="bbox 2593 3873 4547 3958; baseline 0.002 -23"><span class='ocrx_word' id='word_1_662' title='bbox 2593 3873 2833 3936; x_wconf 87' lang='lat' dir='ltr'><strong>metuit</strong></span> <span class='ocrx_word' id='word_1_663' title='bbox 2866 3873 3199 3956; x_wconf 86' lang='lat' dir='ltr'><strong>speculum</strong></span> <span class='ocrx_word' id='word_1_664' title='bbox 3222 3883 3324 3940; x_wconf 86' lang='lat' dir='ltr'><strong>est</strong></span> <span class='ocrx_word' id='word_1_665' title='bbox 3343 3874 3606 3958; x_wconf 89' lang='lat' dir='ltr'><strong>putidae</strong></span> <span class='ocrx_word' id='word_1_666' title='bbox 3640 3887 3708 3939; x_wconf 89' lang='lat' dir='ltr'><strong>et</strong></span> <span class='ocrx_word' id='word_1_667' title='bbox 3740 3877 4010 3940; x_wconf 90' lang='lat' dir='ltr'><strong>caninae</strong></span> <span class='ocrx_word' id='word_1_668' title='bbox 4046 3874 4460 3941; x_wconf 85' lang='lat' dir='ltr'><strong>adulationis.</strong></span> <span class='ocrx_word' id='word_1_669' title='bbox 4488 3878 4547 3950; x_wconf 81' lang='lat'><strong>⁸)</strong></span> 
     </span>
     <span class='ocr_line' id='line_1_96' title="bbox 2597 3958 4547 4044; baseline 0.003 -22"><span class='ocrx_word' id='word_1_670' title='bbox 2597 3958 2813 4040; x_wconf 83' lang='lat' dir='ltr'><strong>Atque</strong></span> <span class='ocrx_word' id='word_1_671' title='bbox 2854 3980 2976 4044; x_wconf 84' lang='lat' dir='ltr'><strong>ego</strong></span> <span class='ocrx_word' id='word_1_672' title='bbox 3033 3959 3283 4043; x_wconf 87' lang='lat' dir='ltr'><strong>perfida</strong></span> <span class='ocrx_word' id='word_1_673' title='bbox 3333 3962 3471 4026; x_wconf 91' lang='lat' dir='ltr'><strong>eius</strong></span> <span class='ocrx_word' id='word_1_674' title='bbox 3525 3960 3770 4026; x_wconf 86' lang='lat' dir='ltr'><strong>astutia</strong></span> <span class='ocrx_word' id='word_1_675' title='bbox 3824 3959 4175 4043; x_wconf 87' lang='lat' dir='ltr'><strong>aliquando</strong></span> <span class='ocrx_word' id='word_1_676' title='bbox 4232 3962 4547 4044; x_wconf 85' lang='lat' dir='ltr'><strong>deceptus</strong></span> 
     </span>
     <span class='ocr_line' id='line_1_97' title="bbox 2595 4045 4544 4129; baseline 0.002 -22"><span class='ocrx_word' id='word_1_677' title='bbox 2595 4051 2735 4107; x_wconf 88' lang='lat' dir='ltr'><strong>tum</strong></span> <span class='ocrx_word' id='word_1_678' title='bbox 2793 4045 3021 4110; x_wconf 90' lang='lat' dir='ltr'><strong>multis</strong></span> <span class='ocrx_word' id='word_1_679' title='bbox 3077 4046 3305 4111; x_wconf 88' lang='lat' dir='ltr'><strong>officiis</strong></span> <span class='ocrx_word' id='word_1_680' title='bbox 3358 4055 3504 4111; x_wconf 88' lang='lat' dir='ltr'><strong>tum</strong></span> <span class='ocrx_word' id='word_1_681' title='bbox 3561 4047 3841 4129; x_wconf 87' lang='lat' dir='ltr'><strong>pecunia</strong></span> <span class='ocrx_word' id='word_1_682' title='bbox 3910 4067 4062 4111; x_wconf 87' lang='lat' dir='ltr'><strong>eum</strong></span> <span class='ocrx_word' id='word_1_683' title='bbox 4117 4048 4287 4125; x_wconf 74' lang='lat' dir='ltr'><strong>iuvi,</strong></span> <span class='ocrx_word' id='word_1_684' title='bbox 4349 4046 4544 4114; x_wconf 89' lang='lat' dir='ltr'><strong>cuius</strong></span> 
     </span>
     <span class='ocr_line' id='line_1_98' title="bbox 2594 4129 4547 4214; baseline 0.004 -22"><span class='ocrx_word' id='word_1_685' title='bbox 2594 4129 2905 4195; x_wconf 88' lang='lat' dir='ltr'><strong>maiorem</strong></span> <span class='ocrx_word' id='word_1_686' title='bbox 2941 4130 3156 4196; x_wconf 91' lang='lat' dir='ltr'><strong>adhuc</strong></span> <span class='ocrx_word' id='word_1_687' title='bbox 3185 4140 3437 4214; x_wconf 86' lang='lat' dir='ltr'><strong>partem</strong></span> <span class='ocrx_word' id='word_1_688' title='bbox 3470 4131 3636 4196; x_wconf 89' lang='lat' dir='ltr'><strong>mihi</strong></span> <span class='ocrx_word' id='word_1_689' title='bbox 3670 4130 3879 4197; x_wconf 91' lang='lat' dir='ltr'><strong>debet.</strong></span> <span class='ocrx_word' id='word_1_690' title='bbox 3950 4131 4272 4198; x_wconf 84' lang='lat' dir='ltr'><strong>Habitant</strong></span> <span class='ocrx_word' id='word_1_691' title='bbox 4315 4143 4547 4199; x_wconf 87' lang='lat' dir='ltr'><strong>autem</strong></span> 
     </span>
     <span class='ocr_line' id='line_1_99' title="bbox 2592 4215 4544 4300; baseline 0.003 -20"><span class='ocrx_word' id='word_1_692' title='bbox 2592 4215 2663 4280; x_wconf 89' lang='lat' dir='ltr'><strong>in</strong></span> <span class='ocrx_word' id='word_1_693' title='bbox 2707 4216 2847 4281; x_wconf 90' lang='lat' dir='ltr'><strong>eius</strong></span> <span class='ocrx_word' id='word_1_694' title='bbox 2887 4216 3200 4300; x_wconf 88' lang='lat' dir='ltr'><strong>parochia</strong></span> <span class='ocrx_word' id='word_1_695' title='bbox 3257 4227 3391 4283; x_wconf 88' lang='lat' dir='ltr'><strong>tres</strong></span> <span class='ocrx_word' id='word_1_696' title='bbox 3447 4216 3832 4282; x_wconf 88' lang='lat' dir='ltr'><strong>nobilissimi</strong></span> <span class='ocrx_word' id='word_1_697' title='bbox 3888 4217 4012 4283; x_wconf 84' lang='lat' dir='ltr'><strong>viri</strong></span> <span class='ocrx_word' id='word_1_698' title='bbox 4068 4239 4148 4283; x_wconf 86' lang='lat' dir='ltr'><strong>ex</strong></span> <span class='ocrx_word' id='word_1_699' title='bbox 4210 4218 4544 4285; x_wconf 87' lang='lat' dir='ltr'><strong>nobilibus</strong></span> 
     </span>
     <span class='ocr_line' id='line_1_100' title="bbox 2592 4301 4546 4388; baseline 0.002 -24"><span class='ocrx_word' id='word_1_700' title='bbox 2592 4311 2659 4364; x_wconf 88' lang='lat' dir='ltr'><strong>et</strong></span> <span class='ocrx_word' id='word_1_701' title='bbox 2702 4301 2989 4385; x_wconf 85' lang='lat' dir='ltr'><strong>antiquis</strong></span> <span class='ocrx_word' id='word_1_702' title='bbox 3031 4303 3294 4367; x_wconf 87' lang='lat' dir='ltr'><strong>familiis</strong></span> <span class='ocrx_word' id='word_1_703' title='bbox 3336 4304 3462 4368; x_wconf 90' lang='lat' dir='ltr'><strong>orti</strong></span> <span class='ocrx_word' id='word_1_704' title='bbox 3483 4354 3498 4380; x_wconf 92' lang='lat'><strong>,</strong></span> <span class='ocrx_word' id='word_1_705' title='bbox 3543 4323 3817 4385; x_wconf 92' lang='lat' dir='ltr'><strong>quorum</strong></span> <span class='ocrx_word' id='word_1_706' title='bbox 3863 4324 4035 4368; x_wconf 90' lang='lat' dir='ltr'><strong>unus</strong></span> <span class='ocrx_word' id='word_1_707' title='bbox 4078 4304 4362 4388; x_wconf 90' lang='lat' dir='ltr'><strong>episcopi</strong></span> <span class='ocrx_word' id='word_1_708' title='bbox 4407 4305 4546 4369; x_wconf 84' lang='lat' dir='ltr'><strong>No-</strong></span> 
     </span>
     <span class='ocr_line' id='line_1_101' title="bbox 2592 4388 4544 4467; baseline 0.003 -17"><span class='ocrx_word' id='word_1_709' title='bbox 2592 4388 2992 4467; x_wconf 74' lang='lat' dir='ltr'><strong>viodunensis</strong></span> <span class='ocrx_word' id='word_1_710' title='bbox 3034 4389 3461 4454; x_wconf 90' lang='lat' dir='ltr'><strong>consobrinus</strong></span> <span class='ocrx_word' id='word_1_711' title='bbox 3516 4398 3619 4453; x_wconf 90' lang='lat' dir='ltr'><strong>est</strong></span> <span class='ocrx_word' id='word_1_712' title='bbox 3635 4439 3651 4464; x_wconf 92' lang='lat'><strong>,</strong></span> <span class='ocrx_word' id='word_1_713' title='bbox 3707 4388 3873 4454; x_wconf 86' lang='lat' dir='ltr'><strong>alter</strong></span> <span class='ocrx_word' id='word_1_714' title='bbox 3915 4389 4000 4454; x_wconf 89' lang='lat' dir='ltr'><strong>D.</strong></span> <span class='ocrx_word' id='word_1_715' title='bbox 4049 4389 4318 4456; x_wconf 73' lang='lat' dir='ltr'><strong>Fallesii</strong></span> <span class='ocrx_word' id='word_1_716' title='bbox 4358 4411 4544 4456; x_wconf 92' lang='lat' dir='ltr'><strong>soro-</strong></span> 
     </span>
     <span class='ocr_line' id='line_1_102' title="bbox 2592 4472 4542 4559; baseline 0.003 -23"><span class='ocrx_word' id='word_1_717' title='bbox 2592 4489 2734 4537; x_wconf 77' lang='lat' dir='ltr'><strong>rem</strong></span> <span class='ocrx_word' id='word_1_718' title='bbox 2752 4474 2812 4553; x_wconf 79' lang='lat'><strong>⁴)</strong></span> <span class='ocrx_word' id='word_1_719' title='bbox 2869 4472 3067 4539; x_wconf 90' lang='lat' dir='ltr'><strong>habet</strong></span> <span class='ocrx_word' id='word_1_720' title='bbox 3123 4493 3397 4539; x_wconf 79' lang='lat' dir='ltr'><strong>uxorem</strong></span> <span class='ocrx_word' id='word_1_721' title='bbox 3416 4524 3430 4550; x_wconf 91' lang='lat'><strong>,</strong></span> <span class='ocrx_word' id='word_1_722' title='bbox 3486 4473 3719 4538; x_wconf 90' lang='lat' dir='ltr'><strong>tertius</strong></span> <span class='ocrx_word' id='word_1_723' title='bbox 3774 4475 4012 4541; x_wconf 85' lang='lat' dir='ltr'><strong>Lazari</strong></span> <span class='ocrx_word' id='word_1_724' title='bbox 4056 4474 4267 4556; x_wconf 70' lang='lat' dir='ltr'><strong>Baifii</strong></span> <span class='ocrx_word' id='word_1_725' title='bbox 4331 4496 4542 4559; x_wconf 89' lang='lat' dir='ltr'><strong>nepos</strong></span> 
     </span>
    </p>
   </div>
   <div class='ocr_carea' id='block_1_19' title="bbox 2596 4613 3000 4624">
    <p class='ocr_par' dir='ltr' id='par_1_23' title="bbox 2596 4613 3000 4624">
     <span class='ocr_line' id='line_1_103' title="bbox 2596 4613 3000 4624; baseline 0 1543"><span class='ocrx_word' id='word_1_726' title='bbox 2596 4613 3000 4624; x_wconf 95' lang='lat' dir='ltr'><strong> </strong></span> 
     </span>
    </p>
   </div>
   <div class='ocr_carea' id='block_1_20' title="bbox 2590 4710 4548 5476">
    <p class='ocr_par' dir='ltr' id='par_1_24' title="bbox 2593 4710 4544 5068">
     <span class='ocr_line' id='line_1_104' title="bbox 2593 4710 4544 4794; baseline 0.002 -28"><span class='ocrx_word' id='word_1_727' title='bbox 2593 4711 2773 4769; x_wconf 67' lang='lat' dir='ltr'><strong>leae.</strong></span> <span class='ocrx_word' id='word_1_728' title='bbox 2797 4712 2855 4778; x_wconf 88' lang='lat'><strong>1)</strong></span> <span class='ocrx_word' id='word_1_729' title='bbox 2892 4712 3178 4768; x_wconf 71' lang='lat' dir='ltr'><strong>Hauon-um</strong></span> <span class='ocrx_word' id='word_1_730' title='bbox 3226 4728 3278 4767; x_wconf 84' lang='lat' dir='ltr'><strong>a.</strong></span> <span class='ocrx_word' id='word_1_731' title='bbox 3329 4710 3463 4766; x_wconf 78' lang='lat'>1549</span> <span class='ocrx_word' id='word_1_732' title='bbox 3515 4711 3763 4768; x_wconf 63' lang='lat' dir='ltr'><strong>aenaeae</strong></span> <span class='ocrx_word' id='word_1_733' title='bbox 3801 4711 3976 4794; x_wconf 57' lang='lat' dir='ltr'><strong>fuisse</strong></span> <span class='ocrx_word' id='word_1_734' title='bbox 4021 4714 4250 4775; x_wconf 72' lang='grc' dir='ltr'>οαήιαες</span> <span class='ocrx_word' id='word_1_735' title='bbox 4298 4714 4364 4769; x_wconf 79' lang='lat' dir='ltr'><strong>de</strong></span> <span class='ocrx_word' id='word_1_736' title='bbox 4404 4730 4544 4783; x_wconf 76' lang='lat' dir='ltr'><strong>pos·</strong></span> 
     </span>
     <span class='ocr_line' id='line_1_105' title="bbox 2594 4781 4402 4875; baseline 0.001 -40"><span class='ocrx_word' id='word_1_737' title='bbox 2594 4782 3016 4875; x_wconf 55' lang='lat' dir='ltr'><strong>teriore‘iu&#39;nere</strong></span> <span class='ocrx_word' id='word_1_738' title='bbox 3047 4781 3188 4865; x_wconf 56' lang='lat' dir='ltr'><strong>„iqua</strong></span> <span class='ocrx_word' id='word_1_739' title='bbox 3218 4797 3448 4863; x_wconf 69' lang='lat' dir='ltr'><strong>usquam</strong></span> <span class='ocrx_word' id='word_1_740' title='bbox 3481 4781 3670 4849; x_wconf 67' lang='lat' dir='ltr'><strong>leys&#39;sse</strong></span> <span class='ocrx_word' id='word_1_741' title='bbox 3702 4796 4058 4863; x_wconf 50' lang='lat' dir='ltr'><strong>mammutius.</strong></span> <span class='ocrx_word' id='word_1_742' title='bbox 4391 4853 4402 4864; x_wconf 90' lang='lat'>.</span> 
     </span>
     <span class='ocr_line' id='line_1_106' title="bbox 2595 4849 4544 5043; baseline 0.003 -71"><span class='ocrx_word' id='word_1_743' title='bbox 2595 4849 3136 5041; x_wconf 52' lang='lat' dir='ltr'><strong>quadrefss‘egj&#39;ffi</strong></span> <span class='ocrx_word' id='word_1_744' title='bbox 3161 4855 3237 4974; x_wconf 63' lang='grc' dir='ltr'><strong>’ἑξ</strong></span> <span class='ocrx_word' id='word_1_745' title='bbox 3254 4850 3510 5043; x_wconf 42' lang='lat' dir='ltr'><strong>ff&amp;</strong></span> <span class='ocrx_word' id='word_1_746' title='bbox 3541 4849 4544 5000; x_wconf 44' lang='lat' dir='ltr'><strong>ffa&#39;ssffiffpmfflhfflffl</strong></span> 
     </span>
     <span class='ocr_line' id='line_1_107' title="bbox 2595 4989 4001 5068; baseline 0 -27"><span class='ocrx_word' id='word_1_747' title='bbox 2595 5004 2703 5041; x_wconf 77' lang='lat' dir='ltr'><strong>assi</strong></span> <span class='ocrx_word' id='word_1_748' title='bbox 2741 5004 2840 5041; x_wconf 90' lang='lat' dir='ltr'><strong>uus</strong></span> <span class='ocrx_word' id='word_1_749' title='bbox 3011 5027 3023 5039; x_wconf 95' lang='lat'><strong>.</strong></span> <span class='ocrx_word' id='word_1_750' title='bbox 3061 5026 3074 5041; x_wconf 92' lang='lat'><strong>.</strong></span> <span class='ocrx_word' id='word_1_751' title='bbox 3112 5028 3123 5039; x_wconf 91' lang='lat'><strong><em>.</em></strong></span> <span class='ocrx_word' id='word_1_752' title='bbox 3161 5027 3178 5044; x_wconf 85' lang='lat'><strong>.</strong></span> <span class='ocrx_word' id='word_1_753' title='bbox 3209 5003 3281 5056; x_wconf 80' lang='lat' dir='ltr'><strong>po</strong></span> <span class='ocrx_word' id='word_1_754' title='bbox 3360 5005 3397 5044; x_wconf 83' lang='lat' dir='ltr'><strong>a</strong></span> <span class='ocrx_word' id='word_1_755' title='bbox 3432 4989 3635 5042; x_wconf 66' lang='lat' dir='ltr'><strong>deleant.</strong></span> <span class='ocrx_word' id='word_1_756' title='bbox 3991 5056 4001 5068; x_wconf 31' lang='lat'>‘</span> 
     </span>
    </p>

    <p class='ocr_par' dir='ltr' id='par_1_25' title="bbox 2590 5054 4548 5476">
     <span class='ocr_line' id='line_1_108' title="bbox 2592 5054 4541 5206; baseline 0.003 -29"><span class='ocrx_word' id='word_1_757' title='bbox 2592 5125 2703 5178; x_wconf 56' lang='lat' dir='ltr'><strong>fiae</strong></span> <span class='ocrx_word' id='word_1_758' title='bbox 2748 5054 3230 5206; x_wconf 54' lang='grc' dir='ltr'><strong>ῳῗὶωέἕάρΐέῑῒ</strong></span> <span class='ocrx_word' id='word_1_759' title='bbox 3249 5058 3464 5182; x_wconf 52' lang='lat'><strong>1332</strong></span> <span class='ocrx_word' id='word_1_760' title='bbox 3496 5059 3896 5194; x_wconf 46' lang='lat' dir='ltr'><strong>233³&amp;ss</strong></span> <span class='ocrx_word' id='word_1_761' title='bbox 3921 5056 4353 5198; x_wconf 56' lang='lat' dir='ltr'><strong>⁰fflqu¹¹⁸⁰</strong></span> <span class='ocrx_word' id='word_1_762' title='bbox 4388 5067 4541 5183; x_wconf 55' lang='grc' dir='ltr'><strong>2ῗί</strong></span> 
     </span>
     <span class='ocr_line' id='line_1_109' title="bbox 2590 5192 4548 5330; baseline 0.003 -16"><span class='ocrx_word' id='word_1_763' title='bbox 2590 5192 2859 5324; x_wconf 47' lang='lat' dir='ltr'><strong>mummi)</strong></span> <span class='ocrx_word' id='word_1_764' title='bbox 2894 5261 3061 5315; x_wconf 74' lang='lat' dir='ltr'><strong>Hanc</strong></span> <span class='ocrx_word' id='word_1_765' title='bbox 3104 5262 3164 5316; x_wconf 73' lang='lat' dir='ltr'><strong>in</strong></span> <span class='ocrx_word' id='word_1_766' title='bbox 3209 5263 3397 5316; x_wconf 69' lang='lat' dir='ltr'><strong>tabula</strong></span> <span class='ocrx_word' id='word_1_767' title='bbox 3438 5261 3783 5330; x_wconf 56' lang='lat' dir='ltr'><strong>quodecim</strong></span> <span class='ocrx_word' id='word_1_768' title='bbox 3823 5259 4092 5330; x_wconf 69' lang='lat' dir='ltr'><strong>Epis-totis</strong></span> <span class='ocrx_word' id='word_1_769' title='bbox 4127 5263 4202 5317; x_wconf 81' lang='lat' dir='ltr'><strong>ad</strong></span> <span class='ocrx_word' id='word_1_770' title='bbox 4239 5263 4548 5319; x_wconf 53' lang='lat' dir='ltr'><strong>Fannium</strong></span> 
     </span>
     <span class='ocr_line' id='line_1_110' title="bbox 2596 5329 4547 5452; baseline 0.003 -69"><span class='ocrx_word' id='word_1_771' title='bbox 2596 5330 2986 5412; x_wconf 64' lang='lat' dir='ltr'><strong>Amstelofiomi</strong></span> <span class='ocrx_word' id='word_1_772' title='bbox 3028 5329 3190 5386; x_wconf 73' lang='lat' dir='ltr'><strong>editis</strong></span> <span class='ocrx_word' id='word_1_773' title='bbox 3299 5332 3480 5412; x_wconf 62' lang='lat' dir='ltr'><strong>aefiaea</strong></span> <span class='ocrx_word' id='word_1_774' title='bbox 3512 5346 3625 5382; x_wconf 67' lang='lat' dir='ltr'><strong>non</strong></span> <span class='ocrx_word' id='word_1_775' title='bbox 3657 5332 3975 5452; x_wconf 52' lang='lat' dir='ltr'><strong>‚Epen‘mua</strong></span> <span class='ocrx_word' id='word_1_776' title='bbox 4055 5332 4239 5388; x_wconf 71' lang='lat' dir='ltr'><strong>Tertia</strong></span> <span class='ocrx_word' id='word_1_777' title='bbox 4271 5349 4397 5403; x_wconf 67' lang='lat' dir='ltr'><strong>erqo</strong></span> <span class='ocrx_word' id='word_1_778' title='bbox 4432 5336 4547 5388; x_wconf 73' lang='lat' dir='ltr'><strong>als·-</strong></span> 
     </span>
     <span class='ocr_line' id='line_1_111' title="bbox 2594 5399 4548 5476; baseline 0.002 -22"><span class='ocrx_word' id='word_1_779' title='bbox 2594 5415 2706 5469; x_wconf 73' lang='lat' dir='ltr'><strong>qua</strong></span> <span class='ocrx_word' id='word_1_780' title='bbox 2751 5400 2862 5466; x_wconf 68' lang='lat' dir='ltr'><strong>funt</strong></span> <span class='ocrx_word' id='word_1_781' title='bbox 2916 5405 3134 5467; x_wconf 68' lang='lat' dir='ltr'><strong>praeter</strong></span> <span class='ocrx_word' id='word_1_782' title='bbox 3257 5401 3517 5455; x_wconf 67' lang='lat' dir='ltr'><strong>bamam</strong></span> <span class='ocrx_word' id='word_1_783' title='bbox 3563 5407 3612 5452; x_wconf 69' lang='lat' dir='ltr'><strong>et</strong></span> <span class='ocrx_word' id='word_1_784' title='bbox 3725 5440 3740 5453; x_wconf 90' lang='lat'><strong>.</strong></span> <span class='ocrx_word' id='word_1_785' title='bbox 3793 5401 3860 5453; x_wconf 81' lang='lat' dir='ltr'><strong>de</strong></span> <span class='ocrx_word' id='word_1_786' title='bbox 3913 5399 4155 5472; x_wconf 65' lang='lat' dir='ltr'><strong>steenoy</strong></span> <span class='ocrx_word' id='word_1_787' title='bbox 4201 5400 4548 5476; x_wconf 59' lang='grc' dir='ltr'>(Τηπιομὲ)</span> 
     </span>
    </p>
   </div>
  </div>
 </body>
</html>
