4900 6167
253 443 362 511 481
2005 450 2169 514 1553
2211 446 2499 516 MART.

252 633 403 700 dcxe
444 642 895 700 conservatam
942 633 1157 702 video.
1244 633 1337 700 Et
1380 634 1552 701 banc
1594 636 1862 719 quidem
1920 646 2191 704 senten-

249 728 394 791 n‘am
437 722 513 786 in
554 719 740 787 libris
781 721 945 785 meis
987 720 1302 803 proposui
1321 771 1335 794 ,
1395 741 1597 803 quum
1642 721 2078 790 Melandathon
2118 724 2189 789 in

248 812 393 879 locis
437 807 578 873 suis
618 807 941 890 prioribus
977 806 1193 873 adhuc
1228 816 1496 890 urgeret
1537 806 1827 893 rigidum
1871 810 2060 893 quasi
2093 810 2191 875 fa-

247 909 379 964 tum
420 904 491 960 et
531 891 850 958 adimeret
890 891 1144 958 homini
1187 891 1463 958 liberum
1511 893 1875 960 arbitrium.
1966 896 2198 974 Toties

249 985 408 1049 enim
443 981 620 1046 locos
653 979 801 1044 illos
836 999 989 1045 suos
1023 977 1327 1056 mut-avit,
1366 980 1678 1046 tractavit
1703 991 1768 1045 et
1803 982 2192 1047 retractavit

248 1083 315 1135 ut
354 1066 731 1133 meminisse
773 1086 899 1130 non
944 1065 1155 1130 liceat.

401 1151 838 1219 Providentia
874 1151 1002 1216 Dei
1046 1172 1127 1216 ea
1168 1157 1270 1215 est
1307 1150 1379 1214 in
1422 1152 1567 1217 Deo
1610 1153 2024 1220 conservatio
2067 1176 2189 1238 gu-

246 1240 662 1322 bernatioque
719 1258 851 1321 qua
904 1257 1131 1305 curam
1192 1238 1364 1320 gerit
1417 1246 1872 1303 creaturarum
1917 1259 2189 1305 suarum

247 1327 529 1392 omnium
550 1376 566 1402 ,
623 1344 730 1389 res
776 1324 1052 1406 inquam
1110 1329 1414 1405 potenter
1468 1322 1917 1391 conservando
1975 1335 2042 1390 et
2083 1345 2187 1390 sa-

244 1417 492 1499 pienter
528 1421 598 1475 et
629 1411 800 1475 iuste
836 1405 1281 1493 gubernando.
1351 1406 1698 1491 Scriptura
1740 1411 1915 1475 enim
1960 1421 2190 1477 contra

245 1500 635 1583 Epicuraeos
678 1505 745 1559 et
787 1494 1068 1560 stultum
1108 1496 1325 1562 carnis
1369 1494 1681 1560 iudicium
1725 1503 2027 1575 testatur,
2073 1518 2189 1562 ne·

245 1607 361 1669 que
404 1582 731 1648 mundum
777 1592 893 1663 aut
929 1600 1008 1646 ea
1059 1602 1225 1664 quae
1268 1592 1425 1645 sunt
1467 1582 1537 1645 in
1581 1579 1829 1647 mundo
1873 1603 1990 1648 suo
2034 1581 2189 1648 sub-

241 1673 464 1737 sistere
520 1668 820 1744 arbitrio,
867 1686 1081 1750 neque
1125 1667 1483 1750 gubernari
1537 1664 1837 1745 fortuito,
1899 1669 2012 1734 sed
2057 1667 2189 1734 Dei

243 1759 479 1823 virtute
525 1755 803 1839 sapienti
848 1753 1278 1836 omnipotenti
1323 1764 1394 1818 et
1447 1752 1618 1818 iusta
1661 1755 1883 1821 omnia
1926 1775 2190 1821 conser-

242 1844 375 1909 vari
417 1852 486 1907 et
525 1843 682 1924 regi.
747 1839 1151 1904 Testimonia
1193 1839 1436 1921 passim
1480 1851 1749 1904 exstant
1781 1840 1853 1904 in
1899 1840 2187 1923 psalmis,

241 1929 622 2013 praesertim
686 1946 845 1990 vero
909 1926 1175 1991 cxxxix.
1234 1920 1312 1989 'et
1373 1926 1495 1990 civ.
1562 1925 1707 2010 cvij.
1773 1926 1989 2011 cxlvij.
2051 1924 2187 1992 Iob.

241 2015 509 2098 xxxviij.
557 2028 625 2078 et
666 2012 900 2087 xxxix,
947 2009 1225 2094 denique
1270 2008 1444 2094 apud
1480 2010 1896 2077 Matthaeum
1938 2032 2077 2096 cap.
2104 2014 2195 2097 vj.

241 2113 303 2168 et
353 2100 576 2167 Iacob.
632 2100 718 2163 iv.

239 2184 766 2273 elegantissimus
821 2185 931 2250 Ps.
1000 2182 1244 2268 cxlviij.
1315 2184 1383 2247 in
1455 2182 1616 2248 haec
1686 2184 1918 2250 verba:
1988 2185 2189 2269 IyniS,

239 2275 475 2358 yrando
495 2324 511 2350 ,
586 2272 703 2337 nix
717 2321 732 2349 ,
793 2269 1025 2354 yzacies
1088 2274 1142 2335 et
1206 2269 1475 2350 spiritus
1533 2268 1953 2351 procellarum
2029 2291 2191 2353 quae

237 2362 476 2514 §oomni
522 2356 778 2423 verbum
835 2356 1003 2432 eiu-3,
1074 2375 1267 2437 quem
1323 2354 1564 2439 legisse
1623 2377 1755 2420 non
1814 2356 2189 2440 poenitebit.

295 2468 366 2513 ec
409 2442 712 2510 modicus
755 2441 1010 2508 fructus
1052 2442 1383 2506 enascitur
1425 2462 1510 2506 ex
1554 2440 1679 2507 hac
1729 2439 1996 2508 divinae
2041 2464 2190 2527 pro·

237 2532 564 2599 videntiae
609 2526 1143 2596 consideratione.
1221 2525 1395 2593 Nam
1440 2525 1813 2593 consolatur
1855 2527 2188 2595 hominem

236 2620 301 2685 in
337 2616 648 2683 omnibus
693 2614 1017 2700 adversis:
1078 2613 1321 2697 cogitat
1378 2612 1555 2677 enim
1609 2632 1688 2677 ea
1736 2633 1902 2696 quae
1946 2616 2193 2698 patitur

238 2704 356 2772 sibi
397 2702 712 2786 imposita
753 2720 894 2766 esse
951 2721 992 2766 a
1049 2705 1236 2781 patre
1280 2698 1747 2764 amantissimo.
1838 2698 2193 2784 Utcunque

239 2811 383 2875 ergo
428 2787 684 2853 malum
730 2786 976 2852 cruciet
1019 2794 1113 2860 te,
1178 2786 1428 2868 cogitas
1477 2793 1699 2849 tamen
1742 2797 2060 2870 perpetuo
2110 2785 2192 2851 ab

240 2898 308 2942 eo
349 2875 736 2958 impositum
779 2891 955 2947 esse,
1013 2871 1128 2954 qui
1184 2870 1351 2937 bene
1396 2869 1548 2949 tibi,
1606 2891 1738 2936 non
1797 2872 1969 2937 male
2025 2871 2188 2939 vult.

240 2960 520 3029 cohibet
580 2960 757 3023 enim
811 2957 1151 3023 hominem
1207 2977 1291 3022 ne
1345 2957 1658 3023 efferatur
1715 2957 1785 3023 in
1843 2959 2191 3042 prosperis.

241 3048 507 3114 Etenim
553 3048 626 3111 in
666 3066 867 3110 manu
904 3042 1052 3120 Dei,
1099 3065 1233 3108 non
1277 3044 1345 3106 in
1382 3063 1584 3107 manu
1630 3054 1743 3109 tua
1778 3056 1880 3109 est
1922 3063 2187 3128 prospe-

242 3137 409 3199 ritas.
503 3132 633 3197 Ille
676 3151 833 3214 ergo
875 3130 1175 3207 timetur,
1240 3127 1353 3194 ille
1412 3130 1756 3195 invocatur
1809 3139 1876 3195 et
1933 3131 2186 3197 colitur.

238 3221 590 3285 Praeterea
636 3231 827 3302 urget
870 3235 954 3281 ne
998 3216 1274 3280 nimium
1335 3214 1698 3281 tribuamus
1741 3215 1999 3296 mediis,
2046 3217 2190 3283 Deo

241 3316 458 3390 utpote
495 3305 714 3390 prima
748 3323 945 3368 causa
982 3301 1364 3384 praeterito:
1403 3321 1486 3365 ne
1523 3299 1710 3366 nobis
1750 3303 2190 3369 attribuamus

243 3392 405 3474 quod
453 3389 668 3456 divini
715 3389 1006 3454 muneris
1051 3395 1179 3452 est:
1241 3408 1324 3452 ne
1380 3386 1660 3452 fidamus
1717 3387 1913 3453 rebus
1968 3388 2187 3455 fluxis.

240 3481 449 3561 Atque
497 3476 664 3543 adeo
710 3474 933 3539 omnia
976 3494 1143 3557 quae
1188 3471 1360 3537 fiunt
1393 3474 1464 3537 in
1499 3472 1638 3538 vita
1670 3471 2036 3553 hominum,
2083 3496 2189 3540 oc-

238 3566 564 3630 casionem
598 3560 786 3626 nobis
828 3558 1147 3626 obiiciunt
1180 3555 1571 3644 agnoscendi
1604 3577 1801 3641 opera
1844 3559 2003 3639 eius,
2047 3560 2192 3626 lau·

242 3649 432 3716 dandi
478 3650 891 3713 maiestatem
931 3647 1071 3711 eius
1113 3652 1179 3709 et
1213 3645 1457 3730 gratias
1502 3643 1741 3728 agendi
1787 3665 1903 3729 pro
1946 3646 2188 3712 benefi-

241 3736 376 3814 ciis,
436 3731 837 3818 deprecandi
881 3730 1087 3808 mala,
1147 3751 1312 3814 quae
1355 3730 1768 3815 agnoscimus
1812 3732 2029 3797 Deum
2075 3754 2191 3797 no-

243 3820 333 3885 bis
371 3822 553 3887 iusto
598 3819 842 3884 inferre
886 3817 1143 3883 iudicio.

398 3908 565 3973 Duo
634 3905 739 3970 his
812 3903 1027 3969 solent
1091 3904 1348 3986 opponi.
1455 3900 1532 3967 Si
1597 3902 1822 3966 omnia
1885 3912 2192 3985 operatur

242 3992 415 4058 Deus
461 3993 538 4057 in
586 3988 908 4068 omnibus,
954 4002 1130 4055 certe
1173 3988 1345 4054 nihil
1387 3988 1780 4071 relinquitur
1815 3988 2191 4055 hominibus

837 2098 1068 2162 Exstat
1129 2095 1302 2181 apud
1371 2097 1443 2163 S.
1500 2098 1945 2181 Augustinum
2006 2098 2190 2165 locus

213 4079 402 4162 'quod
448 4086 676 4163 agant,
725 4087 791 4141 et
831 4077 927 4141 ita
968 4074 1223 4141 tollitur
1281 4075 1493 4141 omnis
1551 4081 1824 4140 conatus
1878 4084 1945 4138 et
1988 4074 2188 4141 labor.

244 4163 609 4231 Posterius:
667 4163 724 4227 si
779 4163 1002 4227 omnia
1057 4169 1364 4244 operatur
1422 4160 1605 4225 Deus
1662 4160 1733 4224 in
1791 4160 2190 4238 hominibus,

245 4271 388 4334 ergo
435 4261 508 4315 et
554 4257 854 4333 peecata,
912 4267 1080 4330 quae
1124 4257 1282 4312 sunt
1333 4254 1401 4311 et
1456 4247 1625 4311 fiunt
1665 4246 1738 4310 in
1784 4246 1971 4312 nobis
2015 4247 2192 4331 cogi-

246 4336 456 4414 tando,
504 4334 854 4419 loquendo,
899 4331 1173 4418 agendo,
1217 4332 1505 4416 adeoque
1549 4341 1807 4414 stupra,
1852 4331 2193 4412 adulteria,

244 4422 465 4488 caedes
512 4429 583 4487 et
624 4420 876 4504 reliqua
915 4419 1210 4485 flacinora
1264 4439 1429 4502 quae
1489 4418 1591 4485 vol
1636 4417 1750 4483 alii
1793 4417 1985 4484 nobis
2026 4418 2193 4484 infe-

244 4518 392 4572 runt
433 4508 549 4574 vel
590 4528 712 4573 nos
755 4507 936 4591 ipsis,
981 4515 1207 4571 autore
1250 4503 1396 4569 Deo
1440 4506 1628 4582 fiunt,
1672 4503 1851 4570 unde
1895 4512 1964 4571 et
2007 4504 2193 4571 Deus

245 4613 433 4659 causa
476 4603 548 4659 et
591 4601 785 4658 autor
828 4590 988 4657 mali
1031 4590 1469 4656 constituitur.
1998 4655 2005 4666 ,

405 4679 521 4745 Ad
566 4681 851 4762 priorem
899 4677 1369 4760 oppositionem
1415 4673 1722 4743 dicimus:
1772 4697 2035 4743 omnem
2084 4698 2191 4742 ve·

245 4777 553 4831 tustatem
608 4764 897 4830 iudicare
948 4760 1317 4828 istiusmodi
1371 4762 1799 4829 obiectionem
1857 4761 2193 4827 fatuorum

245 4861 306 4914 et
353 4853 771 4936 impurorum
832 4871 974 4915 esse
1044 4848 1401 4913 hominum.
1506 4847 1751 4913 Omnia
1822 4849 2000 4914 enim
2057 4849 2195 4933 agit

247 4934 421 5001 Deus
484 4937 604 5002 sed
665 4957 782 5020 per
841 4935 1089 5012 media,
1158 4933 1313 5000 licet
1366 4932 1471 4998 his
1526 4954 1662 4998 non
1720 4934 1810 4998 sit
1866 4934 2188 5018 alligatus.

247 5018 406 5087 Nam
452 5024 601 5088 sinc
646 5020 878 5087 mediis
921 5029 1228 5105 operatur
1269 5018 1441 5103 quod
1480 5018 1643 5097 vult,
1688 5028 1765 5085 ut
1807 5042 2008 5104 quum
2044 5020 2191 5085 Mo-

251 5124 352 5170 sen
398 5110 572 5173 citra
610 5109 831 5175 cibum
876 5117 942 5172 et
985 5114 1211 5192 potum
1246 5117 1468 5171 servat
1505 5104 1578 5169 xl
1622 5103 1777 5170 dies.
1851 5101 2191 5188 Quaedam

253 5193 378 5275 agit
417 5205 655 5260 contra
688 5193 912 5258 omnia
954 5192 1188 5270 media,
1232 5200 1305 5256 ut
1338 5212 1546 5276 quum
1579 5189 1930 5257 Danielem
1974 5202 2194 5257 servat

251 5277 313 5341 in
357 5278 501 5344 lacu
549 5280 811 5345 leonum
870 5289 937 5344 et
992 5278 1198 5344 socios
1253 5281 1391 5344 eius
1450 5278 1520 5341 in
1568 5277 1826 5343 fornace
1865 5277 2038 5361 ignis
2084 5297 2190 5342 ar-

253 5360 476 5430 dentis.
569 5365 726 5432 Ideo
769 5378 993 5433 tamen
1037 5385 1169 5430 non
1212 5365 1508 5450 sequitur
1558 5361 1824 5431 inutilia
1863 5384 2008 5431 esse
2051 5384 2189 5431 me-

456 5463 679 5523 Oalviai
709 5485 895 5540 opera.
977 5467 1091 5525 vot
1129 5467 1224 5523 xl
1237 5469 1298 5526 V.

4116 458 4251 521 482
4276 457 4279 460 “

2292 637 2402 704 dia
2445 647 2511 703 et
2555 636 2969 721 aspernanda
3011 639 3400 706 hominibus.
3492 641 3664 706 Nam
3706 642 3845 709 fere
3892 644 3995 708 his
4039 645 4253 710 utitur

2292 724 2498 797 Deus.
2543 745 2679 790 non
2723 724 2893 809 quod
2930 725 3122 791 aliter
3156 747 3285 791 non
3323 727 3543 810 possit,
3591 727 3703 792 sed
3746 729 3918 813 quod
3958 730 4052 796 sic
4087 751 4251 797 con-

2294 807 2490 876 ducat
2549 818 2618 875 et
2677 810 2840 877 utile
2897 811 2986 876 sit
3043 812 3435 879 hominibus.
3524 813 3790 879 Etenim
3835 813 4251 898 providentia

2292 896 2423 962 Dei
2480 896 2777 961 ordinem
2828 919 3050 962 rerum
3104 919 3237 964 non
3298 899 3551 976 turbat,
3609 900 3819 965 officia
3876 902 4051 966 vitae
4109 922 4247 967 non

2293 982 2528 1063 abolet,
2573 1001 2693 1047 nec
2735 982 2908 1047 tollit
2946 1004 2986 1048 e
3027 982 3245 1049 medio
3291 983 3680 1050 industriam
3725 996 4014 1051 nostram
4060 1008 4246 1054 oeco-

2291 1069 2618 1134 nomicam
2663 1077 2781 1134 aut
2820 1068 3184 1153 politicam,
3240 1069 3353 1134 sed
3409 1091 3528 1154 per
3570 1071 3684 1135 illa
3727 1083 4034 1156 operatur
4077 1095 4245 1158 quae

2293 1153 2443 1219 vult
2485 1156 2552 1219 in
2598 1154 2973 1221 hominibus
3012 1156 3177 1222 fieri.
3249 1155 3377 1222 His
3424 1155 3702 1239 denique
3748 1157 3980 1223 mediis
4024 1179 4096 1223 se
4140 1181 4244 1225 ac·
4320 1233 4323 1236 ,

2292 1239 2711 1305 commodant
2744 1239 3060 1319 homines,
3104 1249 3535 1326 agnoscentes
3569 1242 3635 1307 id
3662 1243 3874 1308 Deum
3914 1246 4245 1327 requirere

2291 1336 2361 1391 et
2402 1325 2528 1391 hoc
2569 1324 2760 1391 modo
2803 1326 2871 1391 in
2916 1326 3078 1410 ipsis
3135 1328 3415 1411 operari.
3508 1326 3698 1394 Sicut
3735 1350 3890 1414 ergo
3925 1330 4015 1413 pii
4050 1350 4244 1414 prop-

2292 1422 2393 1477 ter
2438 1412 2924 1496 providentiam
2969 1413 3095 1478 Dei
3150 1434 3284 1478 non
3328 1414 3503 1478 fiunt
3546 1435 3806 1497 segnes,
3865 1415 3959 1481 sic
3998 1415 4244 1481 medio-

2291 1518 2443 1563 rum
2487 1518 2651 1579 opus
2694 1498 2935 1563 bonum
2992 1498 3153 1564 utile
3207 1507 3276 1564 et
3331 1499 3679 1566 honestum
3721 1499 3866 1565 Deo
3921 1500 4240 1567 tribuunt.

2293 1581 2692 1667 Quanquam
2736 1584 2914 1648 enim
2958 1595 3319 1669 agnoscant
3335 1635 3349 1662 ,
3402 1596 3706 1669 parentes
3761 1607 4023 1653 servare
4069 1586 4243 1654 alere

2293 1670 2464 1734 tueri
2507 1668 2780 1746 liberos,
2841 1669 3007 1735 vites
3063 1672 3353 1756 proferre
3400 1671 3624 1763 vinum
3646 1722 3661 1750 ,
3719 1692 3909 1756 agros
3963 1672 4244 1739 fundere

2291 1756 2654 1835 ftumenta,
2715 1758 2977 1840 proprie
3034 1767 3254 1822 tamen
3313 1753 3637 1839 loquendo
3697 1778 3922 1823 omnes
3967 1756 4246 1825 dicimus

2291 1841 2410 1906 illa
2464 1840 2608 1906 fieri
2666 1862 2707 1906 a
2749 1843 2894 1908 Deo
2950 1862 3067 1928 per
3110 1850 3448 1926 parentes»,
3508 1842 3706 1921 vites,
3769 1864 3979 1928 agros.
4067 1844 4247 1910 Vicit

2292 1925 2514 1993 hostes
2555 1927 2795 2006 David,
2842 1928 3121 1993 redemit
3163 1949 3245 1994 ex
3293 1931 3600 2012 Aegypto
3644 1929 3960 1994 Israelem
4003 1930 4245 2011 MoseS,

2293 2009 2363 2077 id
2407 2022 2536 2090 est,
2605 2012 2788 2079 Deus
2833 2011 3016 2078 dedit
3056 2014 3396 2081 victoriam
3443 2035 3559 2097 per
3601 2013 3930 2079 Davidem
3974 2026 4043 2081 et
4085 2016 4243 2083 libe·

2293 2099 2616 2163 rationem
2660 2098 2928 2164 Israelis
2969 2120 3091 2183 per
3125 2100 3373 2165 Mosen.
3466 2099 3615 2165 Non
3657 2102 3988 2185 ignoravit
4023 2102 4242 2168 David

2295 2184 2523 2250 divina
2591 2184 3007 2269 providentia
3063 2197 3266 2251 totam
3337 2206 3523 2250 suam
3592 2188 3793 2251 vitam
3853 2187 4240 2271 gubernari:

2293 2291 2426 2336 non
2470 2268 2614 2336 ideo
2660 2278 2881 2337 tamen
2925 2272 3134 2338 factus
3178 2283 3279 2337 est
3323 2271 3538 2348 deses,
3598 2271 3712 2337 sed
3757 2272 3929 2356 fugit
3971 2271 4241 2340 Saulem

2294 2367 2363 2422 et
2405 2378 2665 2422 omnem
2711 2357 2779 2421 in
2824 2357 3437 2441 persequutionibus
3472 2365 3696 2423 movet
3736 2356 4040 2444 lapidem.
4129 2358 4246 2426 Sic

2293 2442 2547 2508 faciunt
2589 2443 2798 2510 sancti
2842 2465 3099 2521 omnes,
3157 2443 3456 2528 inprimis
3500 2444 3832 2527 apostolus
3876 2443 4128 2511 Paulus
4169 2446 4246 2510 in

2295 2547 2415 2592 sua
2456 2528 2574 2593 illa
2615 2528 2993 2612 captivitate
3021 2531 3336 2595 Actorum
3370 2529 3535 2613 xxiij
3574 2540 3643 2595 et
3677 2529 3878 2613 xxvij.
3973 2530 4239 2596 Etenim

2294 2614 2363 2678 in
2385 2613 2906 2681 consideratione
2930 2613 3191 2681 divinae
3227 2614 3676 2697 providentiae
3698 2616 3906 2682 sancti
3929 2624 4245 2699 perpetuo

2294 2700 2653 2784 inspiciunt
2695 2699 2967 2766 verbum
3003 2702 3151 2780 Dei,
3197 2698 3356 2784 quid
3399 2701 3640 2778 iubeat,
3686 2700 3840 2785 quid
3883 2701 4243 2785 prohibeat.

2294 2785 2441 2852 Hoc
2487 2787 2663 2852 enim
2698 2787 2987 2853 maxime
3023 2787 3398 2854 continetur
3438 2788 3511 2852 in
3556 2784 3781 2853 divina
3810 2786 4242 2871 providentia.

2293 2871 2583 2938 Proinde
2627 2874 2738 2955 qui
2783 2873 2906 2939 sibi
2950 2872 3095 2939 vult
3137 2873 3507 2939 consultum
3553 2872 3855 2956 dispiciat
3896 2872 4249 2957 diligenter

2295 2978 2492 3040 quem
2535 2957 2829 3024 ordinem
2878 2960 3076 3026 verbo
3119 2980 3236 3025 suo
3279 2957 3466 3024 Deus
3511 2957 4031 3037 adumbraverit,
4090 2959 4247 3042 quid

2294 3043 2664 3130 scripserit,
2721 3051 2789 3110 et
2830 3065 2958 3129 qua
3013 3046 3122 3110 via
3165 3042 3633 3110 ambulandum
3676 3047 4079 3128 praeceperit
4097 3096 4111 3123 ,
4167 3067 4248 3111 ea

2292 3128 2586 3206 incedat,
2644 3150 2767 3196 nec
2810 3139 3071 3215 separet
3114 3131 3241 3197 Dei
3286 3140 3634 3214 praccepta
3692 3149 3768 3195 ac
3825 3130 4026 3197 verba
4063 3149 4104 3194 a
4147 3130 4245 3196 di-

2292 3216 2457 3282 vina
2499 3215 2930 3299 providentia.

2466 3301 2548 3367 In
2593 3301 2802 3367 altera
2853 3301 3258 3387 oppositione
3310 3301 3529 3384 plures
3586 3321 3657 3367 se
3755 3300 4068 3367 lurimum
4111 3309 4247 3367 tor-

2293 3394 2539 3453 serunt.
2628 3385 2917 3469 Quidam
2960 3387 3134 3454 enim
3180 3385 3479 3453 videntes
3516 3386 3715 3452 absur
3758 3387 4063 3454 issimum
4109 3389 4247 3454 fore

2296 3473 2353 3538 si
2415 3472 2622 3539 Deum
2694 3476 3098 3540 constituant
3154 3481 3448 3538 autorem
3509 3472 3700 3549 mali,
3760 3471 4247 3559 providentiam

2294 3557 2426 3624 Dei
2470 3568 2814 3644 negarunt.
2888 3559 3025 3626 Alii
3068 3580 3300 3625 rursus
3336 3560 3615 3625 convicti
3653 3566 3754 3623 tot
3788 3559 3982 3625 claris
4025 3578 4248 3625 sacrae

2295 3646 2660 3729 scripturae
2725 3646 3119 3711 testimoniis
3136 3697 3151 3724 ‚
3237 3645 3628 3711 testantibus
3700 3644 3918 3709 Deum
3988 3647 4248 3727 operari

2295 3732 2517 3797 omnia
2552 3732 2623 3796 in
2664 3731 3002 3809 omnibus,
3046 3731 3265 3797 Deum
3317 3750 3573 3815 quoque
3630 3729 3860 3796 caedes
3904 3736 3971 3794 et
4014 3738 4249 3813 stupra

2295 3818 2528 3896 facere,
2573 3815 2643 3881 id
2687 3827 2819 3897 est,
2863 3817 3112 3901 peccati
3168 3827 3461 3882 autorem
3508 3837 3650 3881 esse
3693 3815 4021 3904 dixerunt.
4111 3814 4246 3883 Sed

2293 3922 2504 3986 prava
2546 3912 2645 3969 est
2687 3902 2851 3969 haec
2896 3903 3212 3969 doctrina.
3298 3901 3487 3967 Deus
3543 3901 3720 3967 enim
3776 3903 3922 3967 fons
3965 3909 4085 3967 est*
4107 3922 4249 3967 om-

2294 3990 2401 4055 nis
2441 3989 2596 4054 boni
2640 3997 2708 4053 et
2749 3988 2995 4054 malum
3042 4011 3177 4054 non
3221 3989 3402 4068 facit,
3461 4009 3585 4055 nec
3643 3988 3712 4052 in
3757 3987 4003 4053 malum
4046 3985 4246 4053 desti-

2295 4084 2414 4140 nat
2456 4075 2560 4140 vel
2606 4074 2912 4159 impellit;
2953 4074 3196 4159 alioqui
3240 4071 3562 4158 quomodo
3603 4073 3815 4141 iustus
3851 4073 4033 4140 Deus
4076 4073 4250 4139 iudi-

2296 4175 2478 4228 caret
2520 4160 2790 4226 orbem?
2880 4162 3180 4227 Dicimus
3224 4179 3412 4246 ergo:
3458 4158 3678 4223 Deum
3724 4158 4045 4241 quaedam
4091 4180 4247 4243 ope-

2296 4248 2429 4312 rari
2474 4266 2595 4331 per
2635 4246 2936 4313 homines
2981 4255 3057 4312 ut
3099 4248 3194 4311 eis
3237 4267 3356 4311 ceu
3400 4245 3612 4310 causis
3654 4243 3955 4311 secundis
3998 4253 4245 4324 utatur,

2300 4340 2525 4416 utpote
2568 4333 2712 4399 Deo
2769 4332 3297 4416 cooperantibus,
3344 4330 3488 4396 Deo
3543 4339 3767 4396 autem
3821 4330 4038 4414 ipsum
4084 4352 4251 4415 opus

2295 4419 2705 4501 potissimum
2742 4420 3125 4495 sustinente,
3170 4432 3245 4483 ut
3279 4438 3480 4500 quum
3520 4417 3854 4500 apostolus
3891 4417 4015 4482 ait:
4058 4417 4251 4484 Deus

2294 4505 2436 4589 agit
2478 4503 2548 4569 in
2593 4503 2778 4570 vobis
2824 4515 2901 4570 ut
2942 4502 3160 4570 velitis
3197 4513 3262 4567 et
3298 4502 3618 4581 efficiatis,
3663 4524 3782 4586 pro
3827 4501 3998 4567 bono
4043 4503 4247 4568 animi

2295 4591 2643 4676 proposito.
2715 4590 2823 4655 En
2869 4591 3006 4675 agit
3046 4590 3150 4654 vel
3188 4599 3498 4673 operatur
3533 4588 3738 4668 Deus,
3786 4588 3897 4655 sed
3943 4588 4014 4653 in
4060 4588 4249 4653 nobis
4357 4668 4361 4671 .

2295 4697 2430 4741 non
2485 4687 2677 4741 extra
2729 4696 2851 4741 nos
2907 4682 3024 4741 aut
3076 4677 3216 4742 sine
3274 4674 3485 4741 nobis.
3589 4673 4033 4758 Oooperamur
4088 4695 4247 4757 ergo

2294 4763 2439 4828 Deo
2484 4762 2607 4828 hoc
2649 4762 2790 4846 ipso
2833 4763 2969 4827 vim
3026 4773 3094 4829 et
3144 4760 3414 4828 volendi
3455 4767 3522 4826 et
3564 4759 3876 4845 operandi
3922 4758 4106 4824 nobis
4141 4759 4244 4822 in-

2296 4856 2555 4915 serente
2598 4868 2716 4931 pro
2761 4867 2879 4914 sua
2936 4848 3007 4913 in
3064 4869 3183 4913 nos
3240 4847 3583 4913 voluntate
3638 4865 3980 4930 propensa.
4069 4843 4247 4909 Nam

2295 4936 2437 5001 sine
2473 4934 2586 4999 illo
2622 4933 2789 4999 nihil
2825 4933 2982 5000 boni
3017 4953 3387 5018 possumus,
3423 4953 3540 5016 per
3583 4952 3777 5015 quem
3801 4931 4018 4996 omnia
4056 4950 4245 4996 sanc-

2294 5030 2520 5086 torum
2563 5020 2733 5085 bona
2777 5041 2977 5104 opera
3018 5020 3187 5085 facta
3221 5028 3397 5083 sunt.
3473 5017 3649 5083 Alibi
3693 5014 3866 5081 idem
3911 5014 4246 5098 apostolus

2296 5107 2418 5171 ait:
2477 5105 2607 5171 Dei
2665 5127 2891 5172 sumus
2935 5103 3296 5191 cooperarii
3354 5104 3698 5181 (nimirum
3756 5102 3830 5165 in
3873 5101 4244 5166 ministerio

2296 5201 2583 5272 sancto),
2639 5192 3016 5277 agricolatio
3073 5192 3199 5257 Dei
3218 5243 3234 5269 ,
3295 5189 3657 5257 aedificatio
3701 5186 3828 5254 Dei
3885 5209 4004 5253 vos
4062 5188 4257 5264 estis‚.

2292 5279 2483 5343 iuxta
2524 5280 2805 5363 gratiam
2850 5278 2979 5344 Dei
3022 5298 3187 5361 quae
3230 5276 3385 5342 data
3423 5283 3527 5341 est
3566 5273 3747 5339 mihi.
3835 5274 3961 5353 En,
4007 5274 4248 5360 inquit,

2294 5365 2653 5449 cooperarii
2716 5384 2973 5446 sumus,
3042 5363 3158 5431 sed
3227 5364 3417 5429 iuxta
3489 5360 3771 5447 gratiam
3840 5381 4249 5441 concessam,
