4900 6167
626 397 715 461 99

624 584 737 649 rio
774 581 1087 650 ecclesiae
1103 579 1526 660 insti-uotum,
1568 597 1734 644 sana
1772 576 2173 644 conscientia
2212 576 2394 645 hssce
2434 599 2587 645 ves-

628 669 809 736 tibus
861 669 935 733 in
987 666 1358 733 ministerio
1412 663 1723 732 ecclesiae
1777 663 1881 728 uti
1921 682 2055 729 non
2097 684 2317 746 posse,
2384 684 2586 747 quum

640 753 817 838 qnod
860 753 1242 839 opinionem
1285 751 1533 830 meriti,
1576 748 1999 834 hypocrisim,
2045 749 2226 814 mille
2270 749 2585 832 supersti-

637 841 897 905 tionum
976 836 1646 918 offendiculorumque
1708 855 1931 900 secum
1993 833 2262 899 trahant
2369 856 2584 915 enera,

624 935 777 991 tum
818 925 1021 991 etiam
1062 921 1240 1008 quod
1282 920 1716 989 sacerdotium
1776 919 2031 986 Christi
2072 918 2343 985 Domim
2385 921 2585 987 nimis

630 1031 793 1076 vere
857 1009 1221 1077 obscurent.
1322 1008 1511 1073 Inter
1578 1004 1895 1071 doctiores
1954 1026 2111 1070 vero
2182 1006 2448 1071 unicum
2495 1004 2579 1070 D.

628 1118 674 1162 a
717 1096 923 1163 Lusco
977 1116 1135 1162 suae
1191 1094 1707 1177 patrocinantem
1749 1090 1981 1157 habuit
2021 1092 2412 1170 sententiae,
2470 1093 2582 1175 qui

628 1202 764 1247 non
798 1181 1049 1247 veritus
1081 1180 1213 1245 fuit
1244 1200 1419 1244 unus
1441 1178 1686 1260 scripto
1705 1176 1790 1242 D.
1817 1177 2059 1257 Hoperi
2080 1176 2504 1242 subscribere.
2524 1176 2581 1262 Β)

628 1267 923 1334 Bucerus
974 1267 1121 1351 piae
1163 1263 1518 1330 memoriae
1576 1284 1652 1328 ac
1699 1262 1929 1328 Petrus
1970 1261 2243 1346 Martyr,
2262 1265 2324 1339 ⁴)
2367 1264 2582 1346 rogati

628 1352 786 1437 quid
854 1353 962 1418 hic
1026 1351 1382 1427 sentirent,
1460 1349 1868 1432 scripserunt
1924 1370 1994 1414 se
2049 1347 2313 1430 quidem
2354 1357 2581 1429 optare

624 1439 837 1505 modis
880 1437 1183 1504 omnibus
1226 1433 1618 1501 eiuscemodi
1659 1441 1879 1499 vestes
1921 1435 2003 1499 ab
2046 1431 2315 1499 ecclesia
2360 1432 2579 1498 subla-

620 1535 727 1590 tas
769 1545 944 1601 esse,
987 1521 1114 1588 sibi
1154 1529 1381 1587 tamen
1425 1540 1559 1585 non
1603 1517 1813 1584 videri
1857 1519 2089 1602 (quum
2130 1519 2352 1583 omnia
2389 1540 2582 1583 mun·

624 1610 727 1675 dis
770 1606 1019 1674 munda
1074 1623 1216 1673 esse
1253 1605 1540 1686 constet)
1584 1604 1756 1687 quod
1798 1605 1891 1687 pii
1934 1603 2016 1669 de
2057 1604 2391 1685 impietate
2434 1626 2581 1670 ves-

628 1696 801 1761 tium
859 1695 932 1759 in
996 1693 1361 1758 ministerio
1431 1689 1742 1757 ecclesiae
1801 1690 2042 1771 alioqui
2099 1691 2403 1754 instructi
2450 1690 2583 1755 illis

625 1781 733 1845 uti
775 1802 908 1846 non
951 1780 1220 1863 possint.
1309 1777 1473 1843 Post
1524 1774 1907 1841 diuturnam
1950 1782 2168 1838 autem
2212 1774 2583 1839 reluctatio-

626 1886 784 1932 nem
823 1867 1271 1931 incarceratus
1314 1873 1416 1928 est
1458 1861 1780 1942 Repente,
1840 1879 1917 1926 ac
1968 1866 2041 1923 15
2087 1862 2253 1925 forte
2294 1869 2445 1944 post
2482 1861 2583 1924 in-

626 1951 1141 2018 carcerationem
1186 1948 1414 2015 diebus
1456 1947 1822 2032 pervicacia
1872 1945 2325 2029 episcoporum
2368 1947 2586 2011 victus

625 2037 839 2103 bonus
882 2036 1179 2118 Hoperus
1234 2056 1306 2101 se
1362 2052 1755 2115 causamque
1808 2052 1994 2097 suam
2039 2030 2110 2096 S.
2154 2031 2238 2096 R.
2285 2030 2585 2097 submisit

522 2187 527 2198 ,
627 2122 934 2189 arbitrio:
981 2143 1057 2187 ac
1100 2122 1194 2186 ita
1236 2122 1482 2185 factum
1525 2126 1628 2184 est
1668 2125 1745 2182 ut
1778 2117 1890 2181 via
1932 2116 2047 2181 illa
2082 2115 2413 2181 ordinaria
2446 2138 2585 2182 me-

626 2207 739 2273 dia
773 2207 1272 2292 quadragesima
1308 2207 1747 2288 inauguratus
1768 2203 1982 2282 fuerit,
2005 2223 2142 2267 non
2162 2203 2303 2268 sine
2326 2223 2584 2268 summo

628 2303 859 2360 nostro
903 2295 1287 2376 piorumque
1332 2291 1626 2354 omnium
1673 2286 1892 2353 dolore
1914 2297 2153 2366 tamen,
2197 2309 2409 2371 neque
2444 2289 2588 2353 sine

628 2380 1025 2464 gravissimo
1067 2378 1427 2443 multorum
1470 2374 1815 2438 hominum
1851 2394 1927 2438 ac
1984 2374 2264 2438 fratrum
2308 2373 2584 2438 offendi-

626 2465 793 2531 culo.
895 2462 1089 2545 Quod
1145 2483 1266 2547 ego
1323 2471 1390 2525 te
1452 2459 1735 2526 celatum
1802 2458 2021 2535 nolui,
2087 2479 2457 2542 quanquam
2515 2457 2583 2524 id

624 2571 747 2634 pro
791 2570 939 2615 meo
976 2549 1048 2614 in
1093 2548 1179 2614 D.
1225 2547 1552 2629 Hoperum
1596 2547 1816 2609 animo
1848 2544 2101 2609 invitus
2136 2546 2386 2610 faciam.
2446 2544 2581 2610 Ne·

627 2656 757 2719 que
802 2643 982 2702 certe
1026 2635 1305 2698 facerem
1349 2631 1418 2697 id
1462 2652 1657 2708 nunc,
1702 2631 1830 2696 nisi
1877 2639 1943 2695 te
1985 2631 2217 2696 scirem
2260 2632 2330 2695 in
2376 2630 2581 2711 Πορε-

627 2741 775 2785 rum
819 2721 1040 2785 animo
1086 2741 1226 2783 esse
1283 2716 1811 2801 propensissimo‚
1872 2725 2068 2799 atque
2127 2715 2315 2795 adeo,
2377 2726 2441 2782 te
2484 2716 2579 2780 al-

622 2813 835 2871 terum
876 2805 1199 2887 Hoperum
1242 2824 1401 2868 esse.

789 2890 999 2957 Plura
1039 2889 1319 2956 libenter
1360 2888 1469 2954 hic
1504 2886 1812 2953 adderem
1848 2888 1905 2953 si
1940 2887 2132 2951 modo
2167 2886 2392 2951 liceret
2433 2894 2577 2950 tuto

615 2975 829 3043 literis
880 2977 1099 3041 omnia
1143 2976 1578 3039 committere:
1632 2995 1863 3039 verum
1919 2973 1989 3037 id
2047 2972 2312 3038 mallem
2357 2991 2574 3037 coram

616 3083 814 3146 quam
872 3062 1149 3146 privatis
1195 3060 1421 3125 literis.
1506 3058 1784 3124 Interim
1842 3079 2001 3125 cura
2056 3066 2129 3122 ut
2185 3057 2291 3122 hic
2346 3055 2427 3120 de
2471 3078 2576 3122 me

615 3149 880 3214 nullum
949 3146 1121 3232 apud
1169 3148 1251 3212 D.
1312 3146 1633 3228 Hoperum
1688 3146 1887 3210 facias
1941 3145 2235 3209 verbum.
2346 3142 2575 3224 Neque

616 3255 858 3317 operae
927 3234 1209 3316 pretium
1271 3234 1395 3296 erit
1467 3231 1667 3296 huius·
1731 3231 1829 3295 rei
1887 3230 2221 3294 hominem
2288 3227 2574 3292 multum

617 3340 1066 3398 commonere,
1130 3339 1337 3401 quum
1381 3338 1485 3383 res
1529 3316 1823 3383 confecta
1866 3315 2047 3380 nullo
2089 3315 2223 3380 iam
2288 3313 2575 3378 remedio

616 3405 859 3489 corrigi
904 3413 1116 3486 queat.
1206 3403 1285 3468 Si
1340 3411 1566 3467 tamen
1621 3399 1865 3484 aliquid
1911 3422 2028 3483 pro
2073 3409 2186 3464 tua
2226 3398 2576 3482 prudentia

615 3491 639 3555 i
688 3492 745 3557 si
805 3488 1221 3556 scribendum
1279 3509 1558 3571 eumque
1602 3484 2147 3553 commonendum
2214 3484 2571 3563 existimes,

612 3512 685 3641 ig
726 3576 991 3660 quidem
1048 3573 1297 3657 poteris
1340 3574 1576 3656 (eoque
1619 3574 1838 3637 animo
1902 3572 2064 3637 haec
2126 3571 2247 3636 tibi
2312 3570 2571 3652 potissi-

612 3683 797 3727 mum
857 3659 1284 3745 significavi),
1342 3659 1588 3723 maiore
1657 3667 1873 3722 tamen
1930 3678 2079 3723 cum
2140 3658 2355 3721 fructu
2411 3654 2573 3720 illud

608 3748 858 3832 poteris
903 3748 958 3812 si
1026 3765 1174 3811 meo
1216 3754 1333 3810 aut
1385 3744 1677 3811 cuiusvis
1721 3743 1989 3809 alterius
2057 3759 2410 3824 suppresso
2454 3762 2570 3805 no-

608 3834 790 3898 mine
837 3831 1104 3910 scribas,
1143 3830 1261 3896 tibi
1298 3853 1339 3896 a
1372 3831 1651 3914 quodam
1689 3831 1897 3894 amico
1933 3828 2373 3911 significatum
2411 3847 2570 3891 esse.

611 3918 824 4001 Spero
871 3929 1091 3982 tamen
1138 3917 1315 3984 hunc
1375 3937 1601 3982 casum
1642 3915 1770 3998 ipsi
1814 3914 2066 3996 Hopero
2107 3933 2182 3978 ac
2225 3912 2421 3976 etiam
2468 3932 2572 3978 ec-

610 4003 853 4069 clesiae
907 4002 1141 4067 utilem
1202 4003 1355 4068 fore.
1458 4002 1614 4085 Ipse
1669 3998 2040 4084 quindecim
2094 4005 2249 4064 ante
2313 3997 2572 4063 Pascha

610 4088 844 4155 diebus
909 4088 1241 4172 profectus
1306 4095 1408 4154 est
1474 4088 1558 4153 ad
1624 4108 1820 4152 suum
1890 4085 2329 4167 episcopatum
2355 4133 2371 4158 ,
2438 4083 2567 4161 ubi,

610 4183 931 4257 quantum
1003 4173 1339 4252 audimus,
1405 4173 1903 4258 diligentissime
1967 4169 2383 4254 perfungitur
2451 4189 2570 4234 suo

608 4281 904 4325 munere.
1007 4258 1157 4341 Quo
1213 4260 1477 4324 nomine
1532 4259 1749 4343 gratia
1792 4259 1880 4323 sit
1919 4256 2206 4320 Domino
2251 4252 2414 4330 Deo,
2461 4256 2568 4320 cui

610 4345 1051 4412 ministerium
1119 4345 1257 4410 eius
1322 4366 1399 4410 ac
1452 4346 1813 4410 etiamnum
1872 4351 2062 4406 tuum
2124 4342 2329 4423 ipsius
2392 4361 2566 4406 com-

608 4429 852 4496 mendo
904 4452 989 4496 ex
1049 4432 1285 4496 animo.
1374 4430 1435 4495 E
1483 4452 1553 4510 o,
1609 4431 1662 4494 si
1721 4428 1912 4494 modo
1967 4427 2048 4492 ab
2107 4427 2378 4493 ecclesia
2419 4448 2567 4492 mea

606 4515 771 4581 mihi
808 4516 1164 4600 impetrare
1198 4517 1391 4582 liceat
1468 4517 1889 4593 imissionem,
1926 4513 2117 4580 adibo
2140 4512 2221 4577 D.
2248 4512 2567 4594 Hoperum

610 4600 694 4667 ad
743 4623 1004 4667 menses
1047 4601 1326 4686 aliquot,
1390 4612 1458 4666 et
1507 4604 1563 4667 si
1621 4621 1752 4685 quo
1791 4599 1982 4665 modo
2026 4599 2152 4682 ipsi
2195 4597 2380 4663 utilis
2424 4620 2566 4663 esse

816 4825 873 4889 8)
917 4824 1059 4880 Vide
1094 4824 1373 4880 Barchon·
1404 4840 1433 4877 e
1481 4862 1491 4873 .
1538 4822 1616 4876 ad
1647 4823 2031 4891 Bullinymm
2064 4821 2127 4875 in
2166 4820 2291 4874 Coa.
2330 4818 2566 4873 Par-ker.

604 4896 675 4950 ΙΙ.
713 4893 835 4950 674.
904 4893 1265 4963 opplani.
1299 4910 1387 4962 ep.
1484 4892 1753 4962 nypsi-1,
1780 4894 1968 4961 praef.
2041 4889 2154 4945 ‚55.
2176 4889 2352 4944 Lases·
2384 4888 2567 4957 61).αᾶ

602 4964 974 5087 famu.
851 5032 955 5088 658
1032 4963 1096 5016 in
1142 4962 1395 5018 Ges-desii
1428 4962 1616 5018 Scrin.
1664 4962 1729 5015 11.
1779 4965 1829 5024 2,
1856 4977 1920 5030 p.
1955 4908 2059 5014 ὃέὅ
2091 4965 2142 5015 et
2174 4974 2271 5027 ap.
2308 4949 2565 5028 Kwyper.

820 5100 884 5167 4)
924 5100 1010 5168 Ct'.
1051 5098 1275 5170 Strype,
1320 5100 1357 5154 1.
1408 5101 1445 5154 1.
1533 5141 1545 5154 .

602 5185 670 5239 p.
707 5167 847 5223 681.-
894 5169 1382 5225 Derevesticm'a
1424 5115 1754 5249 usqiman
1798 5185 1837 5222 a
1887 5168 2183 5222 &mero
2225 5183 2261 5235 p

608 5239 869 5378 &nee-⁸3.
898 5255 964 5379 Ξ.
999 5238 1263 5377 ἶὲῗ.ηΡ.
1298 5238 1579 5310 Martyris
1610 5237 1754 5293 Loci
1786 5252 1970 5292 comm.
2000 5253 2064 5306 p.
2094 5235 2242 5290 1085.

1591 5097 1694 5153 306
1744 5114 1790 5154 s.
1860 5098 2072 5153 Bucen'
2118 5096 2335 5164 scripta
2367 5094 2569 5218 afflixi

2344 5231 2565 5300 chmidt,

2140 341 2666 457 EPISTOLAE
2715 392 3136 455 uve-14⁸0

4514 392 4642 455 100

2689 576 2937 728 &ssim
2991 578 3065 642 in
3123 598 3242 644 suo
3264 577 3650 679 ministerio
3712 599 3858 678 non·
3899 577 4267 678 detrectabo
4314 575 4640 661 quidquid

2759 684 3040 764 ominus·
3060 661 3331 763 dederit,
3385 663 3581 748 idque
3622 685 3750 749 ipsi
3790 663 3949 731 lunc
3991 665 4260 732 abeunti
4301 664 4641 729 facturum

2686 769 3149 917 ssglgmvssrmac
3166 786 4155 919 ἶηῖοθᾶοῖρθῖρθ-ιι-ιο-ωῐί
4178 784 4640 912 observ-{nd}

2684 920 2869 1070 ἰιῑὲῦοιο
2904 920 3017 1004 qui
3052 928 3153 986 est
3187 922 3328 987 vita
3360 928 3599 986 nostra.
3657 922 3892 987 Amen.
3957 920 4246 988 Londini
4282 925 4341 986 9.
4378 919 4646 1004 Aprilis

2856 1055 2870 1070 ⁶
3301 1092 3483 1157 'l'uus
3524 1111 3684 1158 vere
3727 1103 3794 1158 et
3835 1114 3918 1160 ex
3961 1093 4178 1158 animo

3701 1194 3983 1288 Ioannes
4024 1194 4458 1262 UtenhoviuS.

3435 1487 3844 1497 ῴ--α-

3565 1704 3756 1775 1479.

3013 1907 3022 1918 .
3096 1842 3568 1911 OALVINUS
3611 1843 4245 1911 BULLINGERO.

2861 2012 3210 2095 Respondet
3241 2015 3326 2080 ad
3367 2015 3548 2080 binas
3580 2015 3717 2079 eiu-s·
3743 2015 3961 2080 literas
3998 2035 4102 2080 res
4144 2016 4445 2100 misticae,
4488 2037 4644 2084 eon-

2686 2099 3389 2271 Zgimianngentinum
3429 2107 3484 2165 et
3524 2106 3754 2166 statum
3788 2121 3999 2165 rerum
4029 2102 4439 2182 politicarum
4470 2124 4646 2186 pau—

2687 2356 2875 2423 (Manu
2927 2358 3133 2426 scripta
3176 2374 3284 2412 non
3334 2364 3532 2413 exstat.
3612 2356 3801 2411 Edidit
3834 2357 3980 2410 Beza
4014 2355 4216 2411 Genev.
4250 2375 4306 2427 p.
4344 2356 4427 2424 98,
4466 2358 4638 2414 Laus.

2684 2440 2738 2493 p.
2774 2423 2895 2493 218,
2931 2426 3140 2481 Hanov.
3175 2444 3229 2496 p.
3267 2424 3385 2492 244,
3421 2427 3630 2481 Chouet
3701 2465 3715 2479 .
3751 2423 3867 2490 131,
3905 2426 4078 2478 Amet.
4142 2464 4155 2478 .
4175 2424 4260 2481 60.
4293 2455 4362 2465 —
4397 2427 4640 2498 Anglice

3094 2511 3255 2548 versa
3288 2496 3488 2565 legitur
3521 2497 3577 2548 in
3731 2494 3928 2547 Edinb.
3964 2493 4030 2546 11.
4137 2492 4215 2561 3.)

2852 2665 3060 2730 Binas
3104 2665 3220 2731 abs
3263 2676 3331 2731 te
3365 2667 3589 2748 paucis
3624 2666 3729 2731 his
3768 2664 3994 2729 diebus
4028 2665 4252 2729 literas
4279 2669 4332 2741 ¹)
4377 2667 4636 2749 accepi:

2682 2759 2992 2833 utrasque
3044 2750 3397 2834 singularis
3454 2773 3612 2835 erga
3668 2771 3773 2815 me
3830 2750 4318 2815 benevolentiae
4375 2750 4632 2833 plenas,

2682 2847 2879 2917 atque
2944 2857 3021 2901 eo
3085 2837 3351 2902 nomine
3413 2838 3576 2901 mihi
3640 2837 4061 2921 gratissimas.
4160 2837 4349 2900 Bene
4405 2837 4632 2918 habet,

2681 2921 2851 3003 quod
2894 2942 3026 2986 non
3071 2920 3352 2987 eundem
3409 2922 3599 2987 modo
3656 2922 3951 2986 animum
3996 2920 4181 2987 Deus
4239 2922 4428 2988 nobis
4470 2944 4634 2989 con-

2681 3006 2851 3085 tulit,
2888 3015 2966 3071 ut
3007 3006 3261 3091 Regem
3301 3009 3582 3092 Angliae
3640 3017 3706 3072 et
3761 3008 3899 3072 eius
3942 3007 4347 3073 consiliarios
4389 3008 4632 3086 incita-

2678 3113 2898 3157 remus
2953 3092 3037 3157 ad
3100 3093 3534 3176 pergendum:
3593 3093 3707 3158 sed
3762 3094 3917 3159 fecit
3967 3094 4165 3157 etiam
4221 3103 4296 3157 ut
4350 3094 4630 3161 consilia

2677 3186 2901 3243 nostra
2956 3187 3094 3242 tam
3148 3190 3297 3260 apte
3339 3180 3514 3244 inter
3562 3201 3632 3245 se
3687 3187 4138 3262 congruerent.
4242 3178 4393 3243 Hoc
4445 3187 4629 3247 certe

2676 3262 2758 3327 ad
2794 3284 3021 3328 eorum
3056 3265 3612 3329 confirmationem
3649 3264 3968 3343 nonnihil,
4003 3273 4081 3329 ut
4112 3284 4321 3347 spero,
4357 3265 4628 3333 valebit.

2676 3348 2994 3414 Reditum
3038 3351 3276 3428 nuncii,
3319 3351 3431 3433 qui
3472 3349 3668 3416 libros
3709 3349 3867 3416 illuc
3909 3371 4088 3416 meos
4107 3350 4163 3432 ²)
4218 3371 4370 3415 cum
4411 3350 4632 3418 literis

2676 3433 2845 3512 tulit,
2891 3435 2961 3499 in
3005 3434 3146 3500 dies
3187 3435 3319 3500 iam
3363 3445 3744 3519 exspectare
3785 3436 4041 3518 incipio.
4132 3433 4351 3501 Simul
4394 3456 4470 3501 ac
4512 3457 4624 3502 re-

2678 3540 2908 3586 versus
2943 3520 3087 3600 erit,
3130 3521 3186 3584 si
3221 3521 3378 3603 quid
3412 3521 3683 3605 dignum
3720 3522 3951 3587 afferet
3983 3519 4215 3600 relatu,
4261 3520 4428 3586 dabo
4464 3541 4630 3606 ope-

2674 3626 2816 3670 ram
2861 3615 2935 3670 ut
2978 3603 3090 3670 tibi
3136 3608 3223 3671 sit
3273 3626 3632 3672 commune.
3720 3607 3989 3672 Interea
4030 3606 4262 3690 scripsi
4305 3606 4390 3672 ad
4431 3606 4625 3672 illus-

2676 3692 3033 3756 trissimum
3069 3690 3464 3758 Sommerseti
3506 3692 3754 3769 ducem,
3778 3696 3832 3769 ³)
3874 3691 4255 3775 ostendique
4299 3692 4444 3757 fieri
4486 3713 4630 3759 non

2672 3796 2893 3860 posse,
2963 3776 3119 3859 quin
3176 3779 3468 3860 papistae
3523 3778 3866 3862 superbius
3924 3776 4419 3857 insolescerent,
4487 3778 4624 3844 nisi

2672 3871 2929 3927 mature
2970 3863 3398 3945 compositum
3441 3875 3615 3929 esset
3664 3862 4004 3929 dissidium
4047 3862 4127 3927 de
4170 3863 4622 3930 caeremoniis.

2674 3947 3000 4013 Hortatus
3053 3969 3210 4032 ergo
3267 3970 3414 4013 sum
3470 3948 3828 4026 hominem,
3873 3957 3952 4013 ut
3993 3946 4289 4031 Hoppero
4341 3969 4626 4015 manum

2674 4034 3051 4118 porrigeret.
3157 4032 3491 4117 Quidquid
3549 4034 3816 4099 simulet
3868 4053 4067 4116 papa,
4124 4055 4254 4098 non
4308 4035 4630 4100 existimo

2672 4120 3020 4185 concilium
3075 4119 3534 4185 'tridentinum
3600 4121 3768 4185 serio
3839 4119 3999 4203 cogi.
4026 4123 4076 4196 ⁴)
4186 4118 4626 4186 Coniecturae

2672 4226 2856 4271 meae
2898 4205 3066 4270 ratio
3110 4213 3228 4283 est,
3273 4204 3447 4288 quod
3491 4227 3608 4270 rex
3654 4204 3911 4270 Galliae
3956 4205 4271 4287 episcopis
4312 4206 4628 4271 omnibus

2674 4291 2813 4356 suis
2875 4290 3248 4371 mandavit,
3314 4302 3392 4355 ut
3443 4289 3669 4356 sedulo
3729 4290 3996 4373 quisque
4050 4290 4375 4356 dioecesin
4429 4311 4622 4357 suam

2670 4375 3056 4460 perlustret:
3103 4385 3250 4442 acta
3293 4375 3691 4441 visitationis
3725 4376 3968 4460 singuli
3999 4384 4152 4441 ante
4194 4397 4312 4441 sex
4354 4396 4623 4444 menses

2670 4462 2965 4528 confecta
3039 4460 3122 4526 ad
3188 4461 3633 4544 metropolitas
3713 4462 4013 4526 referant.
4124 4459 4272 4527 Sibi
4336 4482 4482 4527 esse
4544 4463 4620 4528 in

2669 4548 2889 4612 animo
2951 4546 3285 4613 nationale
3347 4547 3549 4612 totius
3612 4549 3799 4632 regni
3854 4545 4198 4613 concilium
4264 4546 4624 4615 celebrare.

2669 4633 2817 4699 Illic
2850 4631 3150 4698 Tridenti
3194 4640 3262 4697 et
3295 4652 3503 4714 papae
3545 4631 3728 4699 nulla
3769 4631 4029 4697 mentio.
4119 4632 4350 4715 Neque
4391 4639 4622 4702 tamen

2670 4719 2932 4799 dubito,
2999 4720 3155 4802 quin
3221 4738 3328 4783 res
3385 4717 3557 4783 inter
3609 4740 3718 4784 eos
3779 4717 3859 4782 de
3914 4718 4271 4801 composito
4325 4729 4620 4803 geratur.

2677 4957 2856 5013 1479.
2882 4959 2941 5024 1)
2974 4956 3057 5013 N.
3099 4955 3233 5010 1460
3264 4962 3313 5010 et
3355 4954 3501 5009 14⁷2.

2875 5025 2941 5092 2)
2975 5027 3113 5081 duos
3145 5026 3555 5080 commentarios
3597 5024 3675 5078 ad
3718 5039 3891 5094 κροκι
3938 5026 4147 5080 missos.
4229 5026 4491 5083 Nun-eiu·
4523 5027 4626 5083 fae

2665 5095 2777 5162 fuit
2815 5094 3100 5150 Gallonius
3134 5093 3239 5157 (N.
3277 5093 3455 5162 1445).

2872 5162 2935 5228 3)
2972 5164 3098 5218 Hac
3130 5164 3318 5218 literae
3349 5179 3461 5218 non
3494 5167 3725 5216 exstant.

2874 5231 2935 5295 4)
2976 5232 3273 5303 Postquam
3307 5245 3485 5286 mense
3519 5230 3656 5300 Apr.
3695 5236 3939 5300 nements
3969 5231 4135 5302 legati
4160 5233 4483 5289 maesta-⁸
4510 5234 4620 5291 ad-

2669 5307 2949 5370 venerunt,
2983 5302 3266 5357 concilium
3308 5299 3421 5355 Cal.
3460 5299 3638 5354 Maiis
3670 5307 3909 5368 coeptum
3942 5307 4037 5356 en.
