4900 6167
261 439 354 501 313

256 627 563 709 grassatur.
676 620 931 704 Quibus
1009 621 1259 691 delitiis
1336 645 1408 690 se
1469 624 1687 708 ipsum
1752 622 2023 690 deludat
2093 632 2160 690 et

257 707 517 793 quosdam
565 708 728 775 alios
759 708 1037 775 fascinet
1073 709 1409 788 ostender,
1437 713 1490 792 ¹)
1532 708 1683 793 plus
1725 711 1885 776 satis
1927 718 2160 777 notum

256 804 343 860 est.
398 793 484 858 Et
503 793 834 860 Dominus
874 793 1157 879 quidem,
1201 803 1282 860 ut
1320 794 1405 861 ab
1444 795 1634 861 initio
1678 816 1886 880 usque
1926 796 2162 862 mundi

254 879 440 945 solitus
459 890 582 956 est,
627 881 922 946 sincerae
961 879 1115 946 fidei
1156 880 1499 959 unitatem,
1544 902 1629 947 ne
1671 881 1998 947 laceretur
2039 880 2160 947 ho-

253 967 461 1030 minum
505 962 811 1045 dissidiis,
854 965 1244 1033 mirabiliter
1277 976 1345 1032 et
1376 965 1570 1033 modo
1603 965 1793 1032 nobis
1824 968 2161 1051 incognito

253 1070 473 1117 servare
516 1053 774 1133 poterit.
864 1051 1048 1133 Quos
1093 1064 1315 1118 tamen
1356 1052 1500 1136 ipse
1540 1053 1615 1118 in
1649 1051 1944 1119 excubiis
1986 1052 2160 1120 loca-

250 1137 353 1215 vit,
400 1136 667 1202 minime
722 1146 984 1221 torpere
1036 1137 1208 1204 vult:
1281 1136 1542 1222 quando
1595 1149 1663 1205 et
1718 1136 1977 1204 eosdem
2035 1137 2158 1204 sibi

249 1221 564 1288 destinavit
600 1223 956 1302 ministros,
1000 1244 1277 1307 quorum
1322 1244 1523 1307 opera
1563 1245 1793 1289 sanam
1835 1226 1909 1290 in
1953 1225 2159 1291 eccle·

249 1309 322 1373 sia
357 1307 704 1374 doctrinam
741 1307 823 1373 ab
865 1307 1168 1374 omnibus
1209 1309 1596 1394 corruptelis
1638 1321 1893 1394 purget,
1938 1329 2014 1375 ac
2057 1310 2158 1375 in-

247 1393 527 1458 columem
568 1393 654 1459 ad
698 1408 989 1477 posteros
1033 1395 1457 1462 transmittat.
1546 1395 1696 1461 'ribi
1753 1397 2159 1477 praesertim,

244 1480 618 1545 ornatissime
659 1480 958 1556 Praesul,
999 1501 1129 1564 quo
1172 1480 1403 1546 altiore
1436 1481 1507 1546 in
1543 1481 1808 1564 smcula
1840 1480 2044 1560 wdes,
2087 1482 2159 1546 in

244 1564 381 1630 hanc
418 1585 662 1645 curam,
708 1581 785 1630 ut
826 1565 1002 1644 facis,
1047 1566 1427 1632 incumbere
1462 1586 1730 1633 necesse
1774 1578 1892 1634 est.
1960 1565 2156 1649 Quod

241 1672 345 1716 non
382 1649 525 1716 ideo
570 1650 734 1727 dico,
779 1653 965 1734 quasi
1001 1652 1120 1717 tibi
1156 1651 1529 1718 addendum
1565 1673 1708 1718 esse
1742 1674 1993 1717 novum
2026 1651 2158 1719 cal-

241 1755 328 1800 car
348 1737 746 1803 existimem:
790 1738 903 1820 qui
923 1757 1058 1802 non
1092 1736 1287 1804 modo
1330 1749 1563 1820 sponte
1604 1738 1997 1822 praecurris,
2042 1738 2157 1804 sed

237 1820 355 1886 aliis
392 1841 651 1905 quoque
692 1823 902 1887 instas
953 1821 1368 1889 voluntarius
1420 1822 1748 1890 hortator:
1810 1844 2038 1889 verum
2084 1835 2159 1889 ut

238 1917 287 1971 tc
320 1908 382 1972 in
421 1918 561 1972 tam
626 1908 844 1974 fausto
889 1908 1350 1992 praeclaroque
1392 1908 1609 1975 studio
1670 1929 1819 1975 mea
1863 1909 2158 1993 gratula-

237 1994 381 2059 tione
434 1994 836 2060 confirmem.
925 1994 1209 2060 Laetum
1264 1993 1529 2078 quidem
1581 2017 1724 2061 esse
1779 1995 1851 2060 in
1907 1995 2159 2079 Anglia

235 2078 529 2164 evangelii
571 2100 944 2146 successum
986 2077 1309 2146 audimus.
1380 2077 1515 2146 Sed
1556 2081 1709 2148 istic
1742 2101 1999 2164 quoque
2033 2103 2156 2146 usu

233 2164 443 2245 venire,
491 2163 663 2249 quod
706 2187 826 2231 suo
869 2175 1162 2249 tempore
1195 2175 1508 2249 expertus
1550 2176 1651 2233 est
1691 2165 1965 2245 Paulus,
2020 2186 2156 2231 non

233 2247 454 2316 dubito:
522 2262 598 2316 ut
650 2252 814 2317 ostio
868 2251 953 2317 ad
1010 2251 1454 2335 recipiendam
1511 2273 1745 2336 puram
1789 2251 2156 2320 doctrinam

228 2345 450 2416 aperto,
513 2335 707 2402 multi
768 2347 1034 2420 repente
1091 2337 1452 2404 adversarii
1506 2346 1731 2403 contra
1786 2339 2152 2421 insurgant.

226 2419 345 2487 Etsi
382 2442 538 2488 vero
572 2442 681 2487 me
720 2443 858 2488 non
892 2422 1070 2500 latet,
1093 2425 1151 2503 ²)
1195 2444 1392 2507 quam
1437 2423 1631 2488 multi
1674 2423 1809 2490 sint
1852 2423 2037 2490 vobis
2071 2423 2154 2489 ad

224 2526 463 2573 manum
511 2507 727 2574 idonei
770 2508 855 2574 ad
898 2508 1257 2575 refellenda
1292 2507 1584 2578 Satanae
1624 2506 1966 2576 mendacia
2010 2509 2154 2575 vin-

225 2590 400 2659 dices:
443 2593 605 2658 facit
649 2605 869 2659 tamen
905 2614 1134 2660 eorum
1166 2592 1568 2678 improbitas,
1610 2595 1725 2679 qui
1762 2592 1845 2660 ad
1881 2594 2154 2661 turban-

226 2674 355 2742 dum
395 2689 745 2764 satagam,
807 2691 879 2745 ut
935 2681 1251 2746 bonortun
1307 2679 1622 2748 sedulitas
1682 2680 1805 2747 hac
1851 2682 1921 2746 in
1962 2692 2153 2764 parte

222 2783 539 2847 nunquam
588 2765 796 2830 nimia
850 2766 966 2842 sit,
1024 2775 1142 2831 aut
1199 2787 1623 2850 supervacua.
1706 2766 1967 2833 Deinde
2019 2767 2154 2833 scio

222 2869 328 2913 non
366 2850 461 2916 ita
508 2852 705 2917 unius
751 2851 1032 2936 Angliae
1074 2851 1301 2918 haberi
1337 2852 1454 2919 abs
1496 2864 1564 2917 te
1606 2852 1947 2930 rationem,
1991 2852 2153 2936 quin

219 2935 334 3000 orbi
374 2936 578 3002 simul
636 2936 947 3002 universo
1001 2937 1319 3004 consulas.
1409 2938 1615 3023 Regis
1713 2958 1924 3022 noque
1977 2958 2152 3003 sere-

220 3020 446 3088 nissimi
494 3043 630 3088 non
673 3022 866 3088 modo
909 3044 1227 3107 generosa
1267 3022 1541 3103 indoles,
1757 3044 1909 3090 rara
1949 3024 2152 3089 etiam

219 3105 399 3185 pietas
440 3108 685 3173 merito
718 3107 1175 3192 exosculanda,
1232 3109 1405 3192 quod
1461 3120 1767 3177 sanctum
1807 3109 2151 3175 consilium

219 3189 282 3256 de
318 3191 622 3259 habendo
665 3193 985 3260 eiusmodi
1026 3205 1356 3262 conventu
1398 3194 1623 3261 favore
1659 3217 1776 3262 suo
1821 3195 2153 3278 prosequi-

220 3289 323 3356 tur,
364 3290 434 3345 et
476 3279 697 3345 locum
739 3280 811 3345 in
852 3301 1057 3365 regno
1101 3302 1219 3345 suo
1262 3281 1470 3345 offert.
1492 3282 1548 3358 8)
1637 3282 1854 3364 Atque
1899 3281 2155 3346 utinam

218 3361 535 3446 impetrari
580 3376 821 3448 posset,
864 3379 942 3431 ut
982 3366 1055 3430 in
1098 3366 1315 3433 locum
1358 3366 1643 3449 aliquem
1686 3365 1859 3432 docti
1902 3377 1970 3431 et
2003 3386 2154 3449 gra-

217 3467 313 3515 ves
354 3452 483 3516 viri
529 3472 614 3518 ex
658 3452 1026 3535 praecipuis
1069 3451 1362 3518 ecclesiis
1418 3452 1697 3530 coirent,
1758 3473 1833 3518 ac
1876 3450 2155 3535 singulis

212 3531 345 3600 fidei
384 3535 718 3620 capitibus
760 3535 1112 3621 diligenter
1154 3537 1468 3616 excussis,
1511 3538 1592 3603 de
1641 3537 1973 3603 communi
2015 3556 2154 3601 om-

216 3620 378 3687 nium
420 3623 758 3689 sententia
800 3635 1044 3688 certam
1090 3625 1367 3706 posteris
1412 3622 1753 3689 traderent
1792 3624 2156 3707 scripturae

213 3704 581 3773 doctrinam.
694 3706 1049 3775 Caeterum
1116 3710 1188 3773 in
1258 3709 1570 3775 maximis
1636 3709 1881 3775 saeculi
1942 3708 2154 3773 nostri

212 3791 382 3860 malis
424 3794 555 3861 hoc
599 3815 856 3876 quoque
901 3793 1378 3860 numerandum
1441 3808 1573 3874 est,
1634 3793 1804 3878 quod
1847 3795 1945 3860 ita
1987 3791 2154 3859 aliae

211 3874 279 3941 ab
300 3878 447 3947 aliis
479 3877 837 3946 distractae
870 3890 1028 3946 sunt
1070 3881 1394 3956 ecclesiae,
1443 3891 1517 3945 ut
1548 3881 1665 3946 vix
1701 3880 1989 3946 humana
2021 3879 2155 3945 iam

212 3962 364 4030 inter
422 3986 552 4032 nos
611 3966 831 4049 vigeat
894 3966 1197 4045 societas,
1264 3965 1508 4032 nedum
1573 3968 1862 4032 emineat
1925 3975 2156 4032 sancta

208 4052 646 4119 membrorum
693 4050 946 4118 Christi
996 4053 1516 4129 communicatio,
1559 4071 1756 4134 quam
1799 4071 1913 4117 ore
1956 4050 2153 4135 profi-

208 4140 411 4202 tentur
432 4157 687 4214 omnes,
732 4138 921 4219 pauci
966 4158 1040 4202 re
1083 4138 1227 4221 ipsa
1270 4138 1520 4203 sincere
1562 4136 1802 4203 colunt.
1867 4134 2057 4216 Quod
2095 4135 2153 4201 si

205 4218 517 4306 frigidius,
561 4243 761 4305 quam
805 4244 927 4306 par
969 4233 1172 4303 esset,
1231 4245 1301 4289 sc
1357 4234 1600 4307 gerunt
1644 4221 1954 4299 doctores,
2002 4241 2152 4306 gra-

203 4456 357 4515 1010.
395 4461 460 4528 1)
498 4458 813 4530 stuperem
837 4458 1115 4542 Osp'andro
1149 4437 1362 4516 Noster
1394 4474 1688 4541 mquam..
1827 4531 1839 4543 .
2005 4528 2017 4541 ‚
2097 4529 2108 4542 ,

74 4627 75 4632 ¹
201 4525 2149 4654 &gates-pereffluesteooinepmozoemmpm,

641 5097 695 5182 rc
1087 5080 1267 5165 salig,
1301 5082 1374 5136 Δ.
1411 5079 1469 5136 0.
1506 5081 1584 5136 ΙΙ.
1610 5080 1765 5162 βω.)
1825 5080 1908 5137 Εἰ
1940 5095 2154 5151 quoque

500 5223 523 5272 1
558 5149 1454 5302 axiioffeoeffiai-gnffrantsm.)
1510 5288 1520 5300 ¹
1576 5166 1741 5300 ‘m
1772 5149 2071 5300 φησι.

505 5284 2150 5358 ΒελοοαᾶωοιᾱιεᾶκονοοΔιιρὴωΖκο-ιώισαοη

1951 437 2112 501 1562
2158 432 2467 501 APRJL.

4085 439 4213 501 314

2261 621 2535 689 vissima
2577 642 2779 705 penes
2821 624 2997 706 ipsos
3013 623 3355 707 Principes
3389 630 3492 691 est
3524 623 3732 708 culpa,
3777 623 3889 708 qui
3925 623 4030 690 vel
4065 646 4214 709 pro-

2260 708 2430 774 fanis
2473 708 2614 774 suis
2657 709 2937 793 negotiis
2978 708 3277 793 impliciti
3321 709 3632 776 ecclesiae
3674 709 3955 775 salutem
3998 721 4066 775 et
4113 723 4216 778 to·

2262 805 2397 860 tam
2454 794 2769 877 pietatem
2831 793 3183 879 negligunt
3201 847 3216 873 ,
3287 795 3389 861 vel
3445 795 3688 879 singuli
3745 797 4002 880 privata
4054 817 4215 880 pace

2260 879 2548 946 contenti
2607 879 2886 946 aliorum
2939 900 3098 947 cura
3153 902 3286 946 non
3344 891 3726 966 tanguntur.
3827 879 3933 946 Ita
3975 882 4081 960 fit,
4141 891 4216 948 ut

2260 964 2574 1031 membris
2617 963 2964 1050 dissipatis,
3010 965 3298 1032 lacerum
3342 968 3552 1032 iaceat
3593 965 3901 1034 ecclesiae
3957 987 4211 1052 corpus.

2261 1050 2606 1132 Quantum
2651 1050 2734 1116 ad
2781 1073 2885 1116 me
2927 1053 3192 1130 attinet,
3251 1052 3309 1118 si
3366 1054 3511 1136 quis
3561 1055 3689 1118 mei
3731 1073 3890 1118 usus
3931 1052 4069 1118 fore
4111 1055 4215 1118 vi-

2261 1135 2544 1215 debitur,
2610 1157 2695 1202 ne
2739 1136 2963 1222 decem
3006 1137 3272 1221 quidem
3330 1139 3567 1215 maria,
3619 1140 3673 1204 si
3732 1158 3894 1221 opus
3953 1139 4074 1214 sit,
4129 1139 4212 1206 ob

2259 1242 2405 1287 eam
2463 1242 2601 1287 rem
2659 1223 2954 1290 traiicere
3009 1224 3247 1308 pigeat.
3337 1222 3414 1290 Si
3474 1223 3554 1288 de
3609 1220 3896 1289 iuvando
3954 1235 4214 1291 tantum

2260 1306 2542 1391 Angliae
2585 1327 2788 1388 regno
2831 1319 3159 1392 ageretur,
3219 1310 3349 1374 iam
3392 1309 3556 1375 mihi
3602 1330 3681 1375 ea
3719 1309 3880 1375 satis
3921 1308 4214 1394 legitima

2259 1394 2429 1459 ratio
2488 1394 2673 1458 foret.
2776 1393 2973 1459 Nunc
3029 1415 3231 1477 quum
3302 1405 3659 1478 quaeratur
3837 1397 3940 1461 vis
3995 1408 4062 1461 et
4127 1394 4211 1460 ad

2259 1478 2622 1562 scripturae
2666 1499 2966 1545 normam
3023 1480 3224 1563 probe
3277 1483 3672 1564 compositus
3759 1491 4051 1548 octorum
4094 1481 4213 1546 ho·

2259 1565 2509 1629 minum
2544 1584 2920 1643 consensus,
2964 1570 3142 1647 qua*
3183 1566 3490 1633 ecclesiae
3534 1567 3761 1650 procul
3796 1565 4039 1649 alioqui
4080 1566 4214 1633 dis-

2260 1649 2425 1715 sitae
2482 1650 2655 1715 inter
2714 1672 2785 1716 se
2840 1649 3210 1717 coalescant
3280 1652 3478 1717 nullis
3537 1652 3642 1719 vel
3696 1652 4028 1719 laboribus
4103 1651 4210 1719 vel

2256 1734 2577 1801 molestiis
2620 1755 2887 1819 parcere
2928 1737 3028 1802 fas
3061 1736 3226 1801 mihi
3268 1758 3410 1804 esse
3453 1738 3753 1804 arbitror.
3821 1736 4072 1803 Verum
4119 1751 4215 1804 te·

2261 1822 2580 1886 nuitatem
2622 1842 2841 1888 meam
2882 1822 3207 1888 facturam
3262 1844 3483 1907 spero,
3547 1838 3620 1888 ut
3678 1821 3841 1889 mihi
3886 1837 4211 1907 parcatur.

2259 1905 2338 1974 Si
2395 1907 2567 1973 votis
2623 1928 2667 1991 p
2856 1928 3005 1986 nar,
3070 1906 3243 1992 quod
3302 1909 3383 1975 ab
3443 1908 3590 1976 aliis
3632 1919 4008 1991 susceptum
4065 1910 4210 1988 erit,

2257 1992 2556 2075 partibus
2599 1993 2766 2058 meis
2866 1992 3168 2061 efunctus
3209 2015 3339 2060 ero.
3428 1994 3511 2063 D.
3565 1993 3908 2078 Ehilimus
3950 1994 4213 2080 longius

2259 2076 2461 2156 abest,
2504 2097 2700 2160 quam
2748 2087 2821 2145 ut
2864 2079 3038 2145 ultro
3081 2081 3370 2163 citroque
3413 2099 3777 2146 commeare
3817 2078 4000 2146 brevi
4046 2091 4212 2145 tem-

2257 2184 2415 2247 pore
2459 2164 2687 2229 literae
2730 2173 2992 2248 queant.
3081 2163 3168 2232 D.
3209 2165 3626 2251 Bullinyerus
3680 2166 3800 2233 tibi
3855 2167 4020 2230 forte
4076 2167 4209 2231 iam

2258 2250 2610 2332 rescripsit.
2677 2250 2852 2316 Mihi
2892 2252 3145 2317 utinam
3193 2272 3315 2335 par
3348 2251 3547 2318 studii
3585 2252 3802 2318 ardori
3837 2263 4212 2335 suppeteret

2258 2335 2552 2401 facultas.
2619 2336 2830 2402 Porro
2873 2337 3046 2420 quod
3088 2358 3194 2403 me
3227 2338 3555 2404 facturum
3590 2338 3908 2422 principio
3950 2338 4209 2422 negavi,

2256 2422 2401 2504 ipsa
2454 2422 2551 2485 rei
2609 2441 2804 2505 quam
2864 2424 3071 2489 sentis
3128 2422 3475 2489 difficultas
3535 2433 3789 2490 tentare
3846 2443 3951 2488 me
4006 2423 4208 2508 cogit:

2260 2527 2392 2573 non
2437 2515 2517 2571 ut
2559 2515 2626 2571 te
2669 2508 2894 2572 horter
2935 2506 3146 2586 mode,
3206 2508 3321 2575 sed
3364 2510 3560 2574 etiam
3608 2508 3894 2575 obtester
3937 2507 4018 2574 ad
4063 2529 4212 2593 per-

2258 2590 2575 2676 gendum:
2644 2591 2850 2659 donec
2907 2592 3151 2678 aliquid
3212 2594 3445 2660 saltem
3504 2593 3809 2662 effectum
3867 2595 4093 2672 fuerit,
4153 2596 4210 2660 si

2259 2699 2388 2743 non
2437 2679 2661 2744 omnia
2719 2700 2805 2744 ex
2863 2689 3014 2746 voto
3068 2679 3439 2747 succedant.
3543 2680 3738 2760 Vale,
3795 2683 4211 2746 ornatissime

2256 2762 2554 2841 Praesul,
2599 2772 2669 2830 et
2708 2765 2874 2830 mihi
2917 2785 3001 2830 ex
3045 2768 3266 2832 animo
3310 2765 3688 2832 reverende.
3776 2766 4101 2833 Dominus
4146 2775 4210 2830 te

2258 2849 2495 2933 spiritu
2538 2870 2656 2915 suo
2701 2870 2931 2935 regere
2986 2861 3370 2935 sanctosque
3427 2861 3577 2918 tuos
3622 2864 3895 2918 conatus
3953 2850 4211 2917 benedi·

2258 2952 2404 3000 cere
2448 2944 2695 3019 pergat.
2787 2935 3115 3003 Genevae.
3131 2940 3192 3014 ⁴)

3136 3447 3330 3520 162⁰.

2797 3601 3194 3670 VIRETUS
3240 3601 3705 3668 FARELLO.

2430 3772 2533 3839 De
2579 3771 2974 3840 Neooomensi
3031 3775 3252 3840 itinere
3297 3794 3423 3857 pro
3478 3777 3741 3854 tempore
3793 3792 3913 3837 non
3968 3774 4240 3856 &vituts

2262 3859 2577 3924 Genevam
2606 3859 2972 3944 propediem
3003 3860 3421 3943 profecturus·

2255 4031 2619 4101 (Excerptum
2671 4046 2738 4085 ex
2774 4030 3110 4102 autographo
3145 4029 3498 4164 1Igeofpmeusi
3537 4028 3678 4100 Epp.
3716 4027 3896 4083 Vin-eti
3941 4029 4067 4083 fasc.
4106 4027 4199 4084 vl.

2254 4309 2340 4320 —
2398 4308 2867 4320 ———·—
2919 4307 3123 4318 --
3188 4308 3267 4318 -—
3329 4306 3408 4317 —-
3464 4306 3550 4316 —
3602 4308 3673 4317 n—
3745 4308 3817 4316 ι-
3871 4305 4207 4319 -ι---ῇ

2425 4355 2572 4422 Iam
2626 4356 2877 4423 dudum
2948 4365 3293 4439 exspector
3351 4354 3681 4421 Genevae.
3786 4355 3929 4420 Iam
3999 4374 4208 4437 paene

2114 4458 2151 4500 ·-
2255 4442 2583 4510 accinctus
2625 4462 2805 4509 eram
2848 4443 3070 4507 itineri
3114 4462 3318 4525 quum
3364 4449 3519 4507 tuae
3577 4440 3743 4506 mihi
3785 4440 4016 4506 literae
4061 4440 4207 4506 red·

2254 4528 2429 4594 ditae
2473 4541 2642 4593 sunt.
2714 4527 2793 4594 Si
2836 4527 3009 4593 hanc
3044 4527 3493 4611 praetermitto
3528 4527 3937 4593 occasionem
3982 4539 4048 4591 et
4091 4547 4207 4607 op-

2252 4614 2744 4698 portunitatem,
2791 4613 2905 4679 vix
2947 4613 3119 4679 forte
3163 4612 3293 4678 alia
3335 4633 3406 4678 se
3448 4622 3603 4677 ante
3646 4612 3890 4677 multos
3934 4609 4073 4677 dies
4117 4613 4207 4676 of·

2252 4702 2437 4766 feret.
2517 4699 2578 4765 N
2660 4720 2743 4765 ue
2784 4706 2944 4783 puto
2986 4719 3206 4764 meum
3251 4697 3333 4764 ad
3369 4717 3487 4763 vos
3523 4697 3880 4763 adventum
3926 4698 4207 4762 multum

2253 4787 2556 4870 cuiquam
2579 4720 2955 4852 {filatarum
2997 4784 3435 4850 emolumenti.
3526 4780 3660 4866 Qui
3704 4803 3824 4850 nos
3866 4782 4094 4849 audire
4138 4789 4206 4846 et

2254 4871 2482 4940 videre
2515 4873 2810 4955 cupiunt,
2848 4870 2934 4949 id,
2972 4870 3225 4956 opinor,
3262 4890 3394 4935 non
3434 4870 3711 4954 cupiunt·
3746 4868 3952 4934 nostri
3987 4887 4203 4942 causa,

2252 4957 2367 5022 sed
2412 4959 2553 5023 eius
2595 4957 2944 5023 ministerii
2989 4956 3164 5041 quod
3209 4956 3397 5021 nobis
3440 4958 3859 5021 commissum
3904 4967 4018 5018 est.
4111 4954 4203 5017 At·

2396 5287 2576 5353 m
2616 5281 2765 5338 aa...
2807 5282 2885 5338 aa
2927 5283 3092 5352 m..
3124 5204 4202 5354 WA‘MQQW

2456 5210 3050 5284 Ξ
