4900 6167
694 421 822 480 079

690 626 934 691 gerum
978 601 1369 686 praebuerit,
1412 600 1617 667 amice
1662 600 2036 665 remittatur
2081 596 2363 664 domum.
2432 598 2509 665 Si
2546 600 2656 682 qui

693 692 1021 759 obstinate
1064 691 1135 754 in
1182 687 1472 753 deterius
1516 697 1811 772 pergent,
1857 693 2198 769 postquam
2257 696 2358 749 ter
2413 686 2658 751 fuerint

692 777 933 842 moniti
977 774 1454 858 prohibeantur
1512 771 1592 836 ab
1646 794 1772 837 usu
1830 790 2095 838 coenae:
2158 770 2355 853 idque
2411 773 2656 856 magis-

692 862 905 928 tratui
948 860 1292 925 indicetur.

873 944 1067 1027 Quod
1113 946 1195 1011 ad
1242 943 1649 1029 singulorum
1696 943 1898 1008 vitam
1942 949 2209 1025 spectat,
2246 949 2552 1006 teneatur
2585 944 2655 1008 in

696 1032 1105 1117 corrigendis
1150 1031 1332 1095 vitiis
1376 1030 1562 1106 ratio,
1622 1049 1817 1112 quam
1863 1027 2193 1094 Dominus
2236 1026 2654 1112 praescribit:

697 1140 936 1201 nempe
978 1128 1055 1181 ut
1099 1116 1352 1182 occulta
1396 1116 1553 1180 vitia
1594 1115 1904 1198 privatim
1950 1112 2221 1197 placidis
2267 1114 2654 1178 admonitio-

696 1203 893 1269 nibus
937 1204 1376 1287 castigentur,
1435 1221 1555 1266 nec
1600 1201 1942 1283 quisquam
2002 1198 2272 1263 fratrem
2335 1220 2529 1264 suum
2572 1199 2655 1265 ad

696 1290 1009 1355 ecclesiae
1074 1287 1389 1354 iudicium
1455 1298 1645 1352 vocet
1710 1285 1791 1350 ob
1857 1285 2201 1360 delictum,
2265 1284 2434 1367 quod
2502 1306 2655 1351 cum

692 1376 961 1459 publico
1006 1373 1315 1441 scandalo
1350 1372 1773 1437 coniunctum
1817 1392 1949 1436 non
1989 1372 2131 1448 erit,
2180 1370 2382 1435 donec
2427 1369 2510 1436 ad
2553 1371 2653 1456 ip-

696 1484 850 1527 sum
897 1459 1208 1526 delictum
1252 1457 1598 1523 accesserit
1640 1457 2063 1523 contumacia.

873 1546 1225 1613 Caeterum
1262 1545 1373 1628 qui
1408 1542 1684 1608 ludibrio
1721 1543 2073 1607 habuerint
2114 1542 2407 1625 privatas
2440 1542 2654 1607 moni-

696 1633 933 1710 tiones,
978 1642 1372 1697 moneantur
1415 1650 1645 1694 rursus
1690 1629 1771 1693 ab
1808 1628 2094 1696 ecclesia.
2186 1627 2266 1694 Si
2309 1627 2655 1711 praefracti

694 1719 978 1796 fuerint,
1047 1726 1116 1781 et
1173 1715 1473 1799 quamvis
1539 1715 1848 1798 legitimis
1912 1714 2305 1779 testimoniis
2370 1714 2654 1780 convicti

694 1826 817 1889 pro
866 1804 1096 1869 veniae
1141 1802 1598 1885 deprecatione
1642 1801 2070 1883 pertinaciam
2125 1808 2489 1883 opponant,
2548 1821 2653 1865 ar-

698 1896 973 1955 ceantur
1018 1890 1098 1954 ab
1145 1910 1269 1952 usu
1314 1907 1554 1951 coenae
1597 1907 1802 1969 usque
1848 1885 1930 1950 ad
1974 1886 2510 1968 resipiscentiam.

874 1974 1067 2056 Quod
1116 1974 1197 2038 ad
1255 1972 1601 2037 manifesta
1657 1983 1721 2037 et
1779 1973 2028 2037 famosa
2084 1983 2349 2054 peccata
2402 1980 2654 2056 spectat

695 2081 864 2144 quae
910 2061 1182 2127 ecclesia
1244 2058 1653 2123 dissimulare
1706 2059 1947 2141 nequit,
1993 2057 2115 2124 hoc
2152 2057 2501 2122 discrimen
2538 2056 2652 2123 ad·

700 2147 1027 2213 hibeatur.
1116 2143 1448 2210 Mediocre
1495 2143 1821 2223 delictum,
1864 2145 1968 2209 cui
2013 2144 2391 2227 castigando
2436 2144 2653 2208 admo-

696 2233 865 2298 nitio
924 2233 1239 2307 sufficiet,
1313 2228 1455 2295 non'
1520 2231 1692 2295 ultra
1749 2240 2228 2313 prosequantur
2287 2229 2652 2295 consistorii

698 2319 1007 2384 seniores.
1111 2317 1401 2381 Vocetur
1455 2315 1715 2399 quidem
1775 2326 2045 2400 propter
2097 2315 2370 2379 aliorum
2429 2336 2651 2381 exem-

694 2404 902 2489 plum,
948 2404 1058 2487 qui
1107 2403 1412 2485 deliquit:
1462 2402 1573 2466 sed
1620 2402 1827 2485 petita
1870 2403 2061 2467 venia
2105 2402 2500 2466 remittatur.
2574 2399 2649 2467 Si

691 2490 880 2555 nulla
925 2511 1007 2573 ap
1057 2501 1237 2554 areat
1280 2488 1758 2570 resipiscentia,
1814 2497 2151 2571 repetatur
2205 2488 2375 2551 seria
2431 2486 2648 2552 obiur-

692 2576 893 2660 gatio.
1068 2575 1135 2639 ui
1192 2595 1346 2639 vero
1409 2574 1479 2637 in
1538 2573 1846 2639 ecclesiae
1905 2573 2289 2640 scandalum
2350 2582 2648 2658 pergent,

690 2673 1004 2744 tanquam
1053 2661 1179 2724 Dei
1224 2667 1700 2742 contemptores
1742 2667 2091 2725 arceantur
2133 2681 2172 2724 a
2207 2678 2393 2725 sacra
2426 2679 2647 2737 coena,

692 2746 899 2813 donec
944 2746 1429 2828 resipiscentiae
1474 2745 1737 2829 signum
1784 2744 2098 2810 dederint.

870 2830 1064 2913 Quod
1103 2833 1157 2897 si
1193 2833 1465 2915 gravius
1500 2832 1586 2896 sit
1610 2831 1951 2914 flagitium,
1988 2839 2056 2895 et
2091 2831 2417 2896 severiore
2440 2851 2652 2915 poena

692 2918 965 3003 dignum
989 2970 1002 2995 ,
1062 2939 1258 3000 quam
1304 2925 1378 2981 ut
1418 2917 1640 2983 verbis
1685 2917 2069 3000 castigetur,
2133 2916 2212 2981 de
2259 2937 2334 2980 eo
2379 2936 2650 3000 cognos-

690 3014 849 3070 cent
891 3005 1255 3069 consistorii
1299 3003 1579 3081 iudiceS,
1642 3011 1717 3067 ut
1774 3005 1881 3086 qui
1928 3003 2021 3067 ita
2063 3001 2404 3086 prolapsus
2448 3002 2652 3067 fuerit

688 3097 996 3157 arceatur
1032 3112 1071 3155 a
1114 3110 1320 3156 coena
1361 3089 1635 3154 Domini
1682 3088 1763 3153 ad
1808 3089 2008 3154 breve
2062 3086 2321 3171 aliquod
2366 3096 2647 3172 tempus,

688 3186 769 3241 ut
811 3198 880 3242 se
924 3196 1142 3243 coram
1188 3174 1332 3240 Deo
1374 3175 1694 3239 humiliet.

865 3260 941 3327 Si
984 3262 1129 3344 quis
1187 3261 1658 3326 contumaciter
1716 3270 1934 3342 spreto
1978 3259 2343 3326 consistorii
2387 3258 2646 3340 iudicio,

690 3347 775 3414 ad
818 3367 1072 3413 sacram
1097 3368 1392 3412 mensam
1416 3367 1486 3412 se
1529 3348 1807 3431 ingerat,
1858 3345 2221 3428 repellatur
2243 3367 2281 3409 a
2323 3344 2644 3411 ministro.

865 3433 969 3498 Ea
1012 3444 1315 3497 servetur
1355 3431 1714 3497 moderatio
1760 3431 2162 3515 disciplinae,
2206 3453 2289 3495 ne
2325 3433 2646 3513 querimo-

689 3521 825 3585 niis
870 3518 1008 3584 ulla
1052 3517 1242 3582 detur
1279 3519 1529 3584 occasio
1572 3526 1842 3600 propter
1874 3516 2293 3583 immodicum
2332 3518 2643 3600 rigorem:

690 3614 887 3689 atque
946 3616 1023 3668 ut
1080 3605 1508 3668 correctiones
1550 3602 1719 3667 nihil
1777 3602 1956 3668 aliud
2011 3603 2146 3667 sint
2196 3623 2393 3686 quam
2454 3603 2647 3669 utiles

686 3690 1070 3757 medicinae.

868 3775 982 3841 Sic
1058 3775 1258 3838 etiam
1338 3775 1513 3837 intra
1581 3776 1743 3840 fines
1817 3773 2236 3841 ecclesiastici
2306 3775 2645 3859 regiminis

691 3861 1157 3929 consistorium
1202 3879 1343 3923 sese
1388 3860 1735 3939 contineat,
1795 3870 1867 3925 ut
1912 3860 2078 3924 nihil
2121 3859 2488 3925 ordinariae
2528 3882 2642 3944 po-

692 3948 919 4013 testati
974 3947 1403 4028 magistratus
1459 3944 1727 4028 deroget
1799 3967 1874 4012 ac
1928 3945 2258 4010 detrahat:
2327 3967 2402 4011 ac
2455 3947 2644 4013 verbi

690 4033 980 4098 ministri
1033 4030 1356 4113 spirituali
1415 4029 1630 4115 gladio
1690 4033 1980 4096 contenti
2036 4030 2292 4098 civilem
2336 4031 2642 4099 iurisdic-

692 4121 941 4184 tionem
1000 4138 1130 4180 non
1188 4116 1548 4199 attingant,
1614 4135 1735 4180 nec
1790 4116 2136 4200 quidquam
2207 4116 2497 4183 delibent
2558 4140 2642 4184 ex

686 4209 838 4270 iure
882 4202 1321 4286 magistratus.
1409 4201 1721 4284 Adeoque
1765 4205 2017 4285 quoties
2061 4202 2144 4268 ad
2187 4206 2643 4270 consistorium

691 4289 950 4355 delatae
994 4297 1192 4352 erunt
1241 4308 1490 4365 causae,
1548 4308 1822 4369 quarum
1866 4290 2147 4372 cognitio
2183 4289 2442 4354 civilem
2489 4311 2643 4374 poe-

693 4397 872 4452 nam,
909 4373 1014 4438 vel
1040 4374 1506 4439 correctionem
1519 4372 1570 4457 ³)
1594 4373 1898 4455 requiret,
1934 4374 2284 4440 mittantur
2305 4386 2525 4458 partes
2560 4377 2644 4442 ad

694 4470 998 4527 senatum
1019 4509 1034 4536 ,
1094 4469 1168 4523 ut
1237 4458 1428 4524 civile
1486 4458 1799 4525 iudicium
1844 4481 1961 4525 suo
2008 4460 2275 4526 arbitrio
2319 4471 2640 4528 exerceat.

865 4546 1073 4611 Porro
1113 4545 1282 4611 scire
1325 4565 1560 4629 operae
1593 4546 1878 4632 pretium
1914 4554 2031 4623 est,
2078 4568 2207 4612 non
2252 4548 2421 4614 solos
2457 4548 2644 4615 verbi

688 4633 1029 4697 ministros
1072 4630 1298 4696 sedere
1340 4632 1592 4697 iudices
1635 4632 1705 4694 in
1764 4632 2176 4697 consistorio:
2240 4633 2352 4699 sed
2412 4655 2641 4700 nume·

688 4739 842 4784 rum
889 4717 1088 4800 duplo
1132 4718 1475 4795 maiorem,
1540 4718 1781 4800 partim
1842 4734 1924 4781 ex
1984 4718 2219 4782 minori
2263 4727 2513 4799 senatu,
2570 4728 2644 4784 ut

688 4813 952 4882 vocant,
998 4803 1241 4887 partim
1285 4824 1367 4869 ex
1402 4803 1638 4868 maiori
1675 4802 1903 4887 deligi:
1951 4803 2034 4868 ad
2071 4803 2233 4869 haec
2266 4825 2471 4869 unum
2507 4807 2642 4870 fere

691 4914 777 4957 ex
820 4890 981 4974 ipsis
1023 4889 1315 4972 syndicis
1358 4890 1744 4972 praesidere.
1765 4892 1823 4973 ⁴)

894 5060 953 5127 3)
989 5061 1367 5115 coercitionem
1408 5059 1553 5112 Edd.
1613 5088 1679 5099 -
1733 5060 1859 5115 Hoc
1902 5066 2069 5114 totum
2115 5075 2323 5116 comm
2365 5060 2428 5113 in
2474 5059 2643 5115 altero

687 5129 1019 5185 Edictorum
1055 5131 1356 5197 exemplari
1385 5129 1652 5183 omittitur
1687 5130 1781 5198 (cf.
1818 5129 1851 5182 1.
1888 5129 1922 5182 l.
1957 5146 2011 5197 p.
2050 5128 2165 5196 29).

900 5197 960 5264 4)
996 5198 1151 5253 Haec
1191 5200 1252 5252 in
1300 5203 1451 5253 textu
1486 5196 1811 5252 Edictorum
1851 5199 2061 5264 partim
2108 5198 2269 5252 aliter
2302 5197 2349 5253 le
2385 5213 2421 5250 u

692 5264 781 5330 22,
815 5269 1015 5334 partim
1054 5270 1272 5321 omnino
1307 5283 1421 5321 non
1456 5271 1740 5335 apparent.
1807 5266 1999 5320 Verum
2034 5267 2095 5320 in
2132 5266 2287 5321 Actis
2324 5213 2444 5320 ἕω.
2481 5267 2560 5322 ad
2593 5267 2627 5321 9

688 5333 844 5389 Noc.
881 5333 1020 5388 1553
1055 5336 1275 5406 syndici
1305 5351 1563 5403 expressa
1588 5335 1660 5405 fit
1693 5337 1906 5389 monuo.
1975 5334 2200 5404 (Roqet.
2236 5335 2311 5389 ΙΙ.
2347 5333 2423 5401 5.)

2423 5205 2555 5253 ntur
2581 5214 2639 5268 p.

2207 409 2736 478 EPISTOLAE
2788 414 2949 474 1859
2962 413 3207 475 -1860

4568 410 4682 475 680

2933 596 3056 663 Per
3100 619 3309 664 annos
3344 596 3678 665 duodecim
3724 597 3821 663 ita
3861 596 3983 663 sibi
4028 594 4418 678 temperavit
4457 596 4684 662 consis-

2760 684 3016 759 torium,
3063 692 3137 748 ut
3181 683 3343 749 satis
3387 692 3640 750 constet
3694 682 3946 748 nemini
4003 681 4241 747 factam
4295 680 4488 746 fuisse
4527 681 4683 747 iniu-

2758 771 2951 834 riam:
2999 769 3106 833 vel
3151 770 3301 853 plus
3345 771 3564 835 oneris
3608 770 3807 835 fuisse
3850 767 4229 851 impositum
4270 786 4467 849 quam
4506 785 4689 833 causa

2759 857 3069 940 exigeret.
3173 856 3378 921 Pauci
3433 855 3696 937 quidem
3760 856 4016 919 interea
4066 851 4356 935 protervi
4410 852 4684 922 homines

2758 943 3098 1024 conquesti
3139 955 3311 1007 sunt.
3400 942 3657 1006 Verum
3697 951 3963 1006 senatus
4006 959 4078 1002 re
4134 939 4396 1023 cognita
4447 959 4689 1023 semper

2758 1026 3076 1092 iudicavit
3141 1028 3600 1094 consistorium
3665 1027 3793 1092 rite
3857 1025 4065 1092 officio
4131 1044 4249 1090 suo
4315 1044 4455 1090 esse
4517 1025 4689 1091 func-

2758 1121 2917 1178 tum.
2941 1116 3000 1185 1”)

2927 1197 3112 1263 Inter
3156 1197 3315 1263 alios
3357 1200 3744 1282 praecipuus
3777 1197 4034 1264 exstitit
4072 1197 4309 1262 nebulo
4343 1196 4690 1282 quidam,⁰)

2758 1286 2945 1350 cuius
2986 1284 3372 1367 improbitas
3417 1283 3515 1349 bis
3560 1284 3769 1350 firmis
3814 1305 3890 1350 ac
3931 1282 4172 1349 validis
4213 1283 4571 1349 rationibus
4602 1285 4691 1350 ita

2758 1371 3042 1436 refutata
3106 1371 3260 1447 fuit,
3319 1375 3394 1435 ut
3435 1390 3477 1433 a
3531 1380 3761 1435 senatu
3819 1370 4323 1452 pronunciatum
4369 1369 4459 1434 sit
4507 1368 4689 1435 etiam

2757 1457 2899 1521 iure
2942 1456 3579 1522 excommunicatum
3622 1477 3783 1520 esse.
3853 1453 4075 1536 Quum
4100 1476 4216 1537 per
4238 1455 4718 1538 sesquiannum.

2757 1563 2942 1607 sacra
2984 1542 3438 1609 communione
3480 1542 3728 1625 privari
3774 1541 4097 1618 maluerit,
4142 1561 4333 1623 quam
4371 1542 4690 1624 poeniten-

2757 1629 2918 1694 tiam
2961 1628 3134 1711 apud
3180 1628 3632 1693 consistorium
3678 1627 3924 1706 testari,
3971 1647 4179 1709 nuper
4218 1627 4321 1692 ius
4380 1647 4456 1691 ac
4508 1624 4691 1691 liber-

2756 1722 2958 1778 tatem
3000 1712 3409 1797 recipiendae
3464 1733 3706 1779 coenae
3761 1733 3800 1776 a
3851 1720 4081 1778 senatu
4131 1713 4511 1798 impetravit
4549 1733 4691 1779 con-

2756 1801 3013 1865 sistorio
3053 1821 3185 1864 non
3232 1798 3469 1864 audito.
3538 1798 3884 1865 Admissus
3919 1808 4139 1863 tamen
4176 1820 4308 1864 non
4352 1799 4508 1864 fuit:
4548 1798 4692 1881 quia

2755 1893 3054 1970 pastores
3100 1884 3200 1950 fas
3243 1884 3367 1950 sibi
3411 1904 3553 1950 esse
3596 1894 3928 1971 negarunt
3970 1883 4145 1969 leges
4198 1886 4266 1949 in
4327 1905 4492 1969 quas
4530 1884 4697 1949 iura-

2756 1981 2993 2037 verant
3056 1971 3316 2036 violare.
3429 1969 3653 2051 Quum
3716 1971 3910 2035 multi
3976 1968 4430 2054 obstreperent
4493 1971 4694 2036 vocati

2756 2067 2912 2122 sunt
2954 2058 3024 2121 in
3068 2057 3318 2122 curiam
3362 2057 3668 2136 ministri,
3716 2079 3754 2122 a
3797 2056 4031 2141 quibus
4075 2057 4293 2123 oblata
4335 2056 4463 2121 fuit
4507 2075 4693 2122 excu-

2755 2144 2921 2209 satio
2966 2163 3129 2227 quae
3173 2143 3492 2225 sequitur:

2926 2314 3261 2397 Magnifici
3307 2313 3600 2394 Domini,
3627 2315 3682 2395 ⁷)
3740 2333 3867 2379 non
3923 2313 4143 2397 longis
4189 2313 4407 2379 verbis
4451 2313 4694 2398 praefa-

2753 2421 2921 2480 mur,
2967 2410 3365 2483 quantopere
3406 2401 3593 2466 vobis
3638 2407 3937 2484 optemus
3980 2420 4229 2464 morem
4271 2420 4506 2483 gerere
4580 2400 4696 2465 sic-

2753 2487 2852 2552 uti
2898 2487 3097 2551 etiam
3141 2486 3323 2551 vobis
3368 2486 3665 2553 obstricti
3712 2505 3973 2551 sumus:
4032 2485 4340 2569 quoniam
4400 2486 4700 2569 obsequia

2751 2582 2997 2649 nostra,
3042 2571 3239 2638 sicuti
3279 2572 3594 2638 hactenus
3638 2593 3756 2637 uos
3810 2571 4041 2638 fecisse
4084 2571 4510 2656 cognoscitis,
4565 2592 4695 2637 ma-

2751 2658 2999 2723 luimus
3042 2679 3114 2722 re
3156 2660 3300 2742 ipsa
3354 2667 3421 2723 et
3463 2658 3638 2724 veris
3696 2657 4102 2723 documentis
4144 2656 4439 2741 probare.
4528 2657 4698 2723 Vere

2752 2756 2971 2808 tamen
3017 2763 3308 2809 asserere
3353 2765 3715 2826 possumus,
3760 2743 3932 2808 nihil
3966 2764 4109 2809 esse
4150 2742 4338 2808 nobis
4377 2744 4589 2828 magis
4630 2744 4696 2808 in

2753 2831 2971 2894 animo
3017 2850 3214 2912 quam
3259 2829 3446 2895 vobis
3504 2828 3768 2913 obsequi
3823 2829 4036 2913 quoad
4095 2829 4263 2896 licet.
4356 2828 4602 2895 Verum
4644 2828 4694 2894 si

2751 2915 2938 2981 nobis
2982 2916 3195 2981 obstat
3238 2916 3655 2992 conscientia,
3700 2936 3826 2999 quo
3868 2916 4089 2980 minus
4133 2915 4274 2981 sine
4317 2914 4697 2999 exceptione

2752 3001 2989 3067 vestris
3024 3001 3324 3066 omnibus
3358 3001 3686 3067 mandatis
3724 3022 4085 3085 pareamus,
4131 3023 4250 3067 vos
4285 3001 4698 3068 obsecramus

2751 3086 3130 3170 suppliciter
3173 3107 3289 3169 per
3345 3108 3585 3153 nomen
3625 3088 3783 3166 Dei,
3843 3109 3926 3153 ne
3984 3087 4187 3153 iustas
4245 3088 4700 3154 excusationes

2752 3173 3117 3258 gravemini
3167 3171 3530 3238 admittere.
3621 3172 3802 3255 Quin
3855 3174 4074 3257 potius
4115 3171 4287 3256 quod
4330 3183 4587 3240 rectum
4626 3195 4696 3239 ac

2750 3258 2878 3323 Dei
2933 3257 3131 3323 verbo
3187 3267 3700 3325 consentaneum
3757 3279 3899 3324 esse
3967 3259 4417 3338 docuerimus,
4486 3268 4701 3325 vestra

2753 3344 3099 3409 autoritate
3154 3346 3490 3423 sauciatis,
3560 3353 3635 3410 ut
3690 3344 3973 3411 fideliter
4029 3345 4355 3428 possimus
4414 3366 4581 3430 quae
4635 3353 4697 3411 et

2750 3431 2893 3495 Deo
2967 3437 3033 3494 et
3095 3428 3280 3497 vobis
3358 3432 3670 3498 debemus
3733 3431 3945 3496 officia
4007 3440 4362 3515 praestare.
4475 3431 4699 3515 Neque

2750 3516 2929 3582 enim
2972 3536 3262 3600 unquam
3300 3516 3660 3583 liberaliter
3694 3525 3762 3582 et
3795 3518 4049 3584 sincero
4085 3516 4306 3583 animo
4345 3519 4536 3585 vobis
4569 3537 4697 3583 ser-

2748 3602 3024 3681 viemus,
3071 3602 3197 3668 nisi
3241 3603 3624 3689 simpliciter
3666 3609 3735 3668 et
3774 3624 3903 3685 qua
3945 3602 4132 3668 decet
4171 3603 4560 3688 integritate
4601 3623 4695 3669 se-

2749 3709 3030 3772 quamur
3073 3687 3241 3770 quod
3288 3689 3470 3755 Deus
3515 3690 3704 3755 nobis
3747 3687 4156 3772 praescribit:
4205 3699 4271 3754 et
4311 3688 4585 3772 quidem
4625 3709 4700 3753 ea

2749 3775 3154 3851 constantia,
3210 3783 3285 3839 ut
3339 3796 3421 3840 ne
3465 3774 3593 3842 huc
3639 3775 3739 3841 vel
3784 3774 3941 3841 illuc
3983 3776 4323 3840 flectamur
4374 3776 4447 3840 in
4495 3775 4693 3840 homi-

2746 3880 2905 3925 num
2950 3860 3248 3943 gratiam.

2915 3946 3063 4011 Hoc
3102 3947 3170 4009 in
3217 3945 3756 4030 disceptationem
3791 3946 4106 4011 trahitur:
4153 3944 4259 4012 Ad
4295 3967 4464 4029 quos
4498 3947 4600 4011 ius
4633 3953 4698 4011 et

2747 4031 3061 4097 autoritas
3138 4031 3740 4097 excommunicandi
3815 4032 4162 4114 pertineat.
4270 4031 4474 4099 Nunc
4551 4032 4700 4115 quia

2744 4118 3018 4201 professi
3066 4118 3242 4197 estis,
3287 4117 3460 4183 nolle
3505 4137 3624 4183 vos
3669 4139 3709 4183 a
3750 4118 3989 4184 vestris
4030 4117 4284 4202 legibus
4342 4118 4694 4196 discedere,

2747 4224 3228 4285 supervacuum
3272 4205 3437 4269 foret
3478 4203 3674 4288 longo
3718 4224 4018 4269 sermone
4077 4203 4455 4285 ostendere,
4516 4203 4694 4288 quid·

2745 4288 2900 4372 quid
2935 4290 3308 4371 quaerimus
3352 4311 3494 4355 esse
3552 4310 3818 4372 prorsus
3862 4288 4060 4355 verbo
4104 4288 4382 4356 Domini
4427 4311 4693 4357 consen·

2747 4383 3037 4439 taneum.
3129 4375 3221 4439 Et
3277 4383 3451 4441 certe
3507 4375 3603 4439 ita
3655 4386 3809 4440 sunt
3865 4377 4255 4459 compositae
4299 4375 4458 4441 illae
4503 4376 4694 4460 leges,

2746 4468 2822 4524 ut
2865 4459 3036 4525 nihil
3084 4461 3493 4541 contineant,
3537 4459 3707 4543 quod
3751 4483 3883 4527 non
3926 4482 4007 4526 ex
4051 4482 4217 4545 puro
4260 4460 4449 4527 fonte
4495 4463 4621 4529 scri

2746 4554 2936 4610 turae
3000 4547 3274 4628 petitum
3343 4548 3443 4611 sit.
3534 4547 3835 4613 Dicimus
3896 4568 4051 4632 ergo
4106 4556 4314 4613 totam
4374 4569 4550 4627 rem,
4655 4565 4694 4611 e

2747 4653 2878 4714 qua
2937 4653 3114 4697 nunc
3172 4634 3620 4699 controversia
3677 4634 3865 4700 nobis
3921 4641 4254 4712 movetur,
4322 4632 4508 4699 clare
4559 4632 4690 4698 illic

2749 4738 2895 4783 esse
2933 4718 3320 4802 expositam.
3383 4718 3553 4783 Nam
3578 4726 3647 4784 et
3680 4740 3840 4802 quas
3874 4720 3956 4785 ob
3977 4740 4206 4785 causas
4240 4718 4690 4785 excommuni-

2949 4926 3010 4989 5)
3047 4923 3160 4979 Hic
3196 4923 3439 4978 subsistit
3474 4939 3620 4978 exem
3662 4925 3749 4979 lar
3785 4924 4108 4992 Bullinqori.

2755 5061 2765 5073 ·
2909 4992 3007 5075 ⁸6)
3046 4992 3416 5047 Ber-telleriana.
3467 4992 3592 5060 (Ru
3660 4999 3720 5048 at
3755 4991 3847 5046 VI.
3880 4991 3964 5046 87.
4026 4993 4255 5050 Gaberel
4287 4994 4328 5048 I.
4367 4992 4492 5048 415.
4544 4992 4690 5047 Besa

2741 5077 2802 5115 m
2851 5062 3008 5197 ιγπᾳῖ)
3044 5062 3203 5186 Hage-
3233 5085 3423 5198 nempe
3456 5136 3536 5184 eet
3563 5130 3884 5199 molestatio
3908 5131 4281 5186 ministrorum
4317 5128 4399 5185 ad
4434 5135 4692 5199 εοκαωιι,

2738 5199 2977 5264 for-tasse
3010 5198 3064 5251 d.
3101 5198 3148 5253 7.
3186 5199 3329 5253 Noe.
3365 5199 3575 5254 tradita
3612 5201 3770 5254 cuiue
3812 5197 3928 5252 iam
3978 5198 4253 5269 exemplar
4298 5198 4392 5255 hic
4439 5198 4688 5253 Ruben-

2743 5267 3487 5403 mgenaeiuhw'ifflffx
3517 5268 3718 5337 gallico
3737 5282 3960 5358 *vasam
3997 5284 4110 5323 esse
4143 5284 4253 5323 non
4288 5274 4370 5323 ece
4403 5267 4553 5337 quod
4584 5282 4691 5320 πιο-
