4900 6167
229 427 292 488 ει
1984 423 2143 486 1501
2192 420 2473 489 MART.
4162 430 4250 496 82

228 609 533 677 didicisset
575 609 894 678 Genevae
952 612 1419 696 argentariam.
1510 609 1791 679 Dicebat
1856 612 2034 677 enim
2092 632 2165 679 se

228 719 349 766 esse
388 695 723 762 aurificem
764 704 833 761 et
876 697 1251 780 Argentina
1287 699 1530 765 venire.
1620 697 1946 763 Extrema
1987 697 2165 763 clau-

228 784 352 851 sula
391 781 721 848 concludit
779 779 860 848 de
904 780 1356 866 extorquenda
1420 805 1460 849 a
1513 802 1621 849 me
1664 782 1963 867 pecunia.
2052 782 2167 849 Iu-

230 872 331 936 beo
370 887 475 933 me
519 868 706 951 sequi
747 869 1270 951 proficiscentem
1316 868 1399 934 ad
1442 868 1845 934 auditorium
1889 890 2019 952 quo
2063 889 2166 935 so-

230 956 420 1022 lemus
461 952 545 1017 ad
590 953 934 1019 tractanda
977 953 1292 1022 ecclesiae
1335 955 1600 1038 negotia
1639 955 2011 1034 convenire,
2053 954 2170 1022 ubi

235 1057 353 1107 tum
407 1050 597 1105 erant
638 1039 876 1105 tratres
934 1040 1135 1105 futuri
1194 1062 1313 1125 pro
1448 1061 1728 1124 uperum
1783 1040 2166 1108 rationibus.

232 1126 357 1193 Hoc
408 1136 628 1191 autem
681 1126 998 1192 faciebam
1054 1146 1129 1191 eo
1185 1125 1363 1192 cons‘
1397 1127 1456 1192 ‘o
1513 1136 1589 1192 ut
1641 1126 1881 1192 melius
1937 1125 2170 1209 depre-

236 1210 609 1279 henderetur
653 1213 709 1277 si
754 1211 913 1294 quid
958 1212 1350 1277 mentiretur
1367 1264 1381 1288 ‚
1427 1211 1598 1295 quod
1644 1211 1842 1278 valde
1884 1214 2172 1297 suspica-

234 1299 355 1363 bar.
437 1296 684 1363 Statim
727 1297 1065 1364 convictus
1109 1303 1227 1362 est.
1316 1296 1491 1363 Nam
1534 1297 1795 1364 cuidam
1851 1305 1966 1363 tuo
2018 1319 2171 1381 cog-

236 1397 375 1449 nato
413 1383 525 1465 qui
561 1383 700 1466 agit
735 1381 907 1467 apud
950 1382 1349 1450 Plessiaaom
1389 1404 1460 1448 se
1494 1389 1853 1450 vestratem
1889 1382 2170 1463 dixerat,

234 1480 293 1537 et
346 1470 421 1535 ad
473 1489 627 1536 eum
686 1471 963 1535 missum
1008 1490 1048 1534 a
1104 1472 1234 1535 tuis
1288 1468 1632 1536 fiatribus:
1688 1470 1981 1555 collegae
2025 1489 2172 1535 meo

250 1556 477 1622 Valerio
520 1555 800 1621 missum
860 1574 932 1620 se
977 1554 1235 1622 dixerat
1278 1555 1878 1622 Brianxionensem
1896 1607 1911 1634 ‚
1979 1563 2047 1621 et
2090 1553 2173 1620 ab

236 1655 488 1728 utroque
521 1645 863 1727 pecuniam
899 1651 1284 1719 extorserat,
1323 1661 1695 1724 quanquam
1716 1661 1903 1708 meus
1923 1642 2176 1728 collega

236 1733 355 1795 iam
394 1728 774 1796 mendacem
829 1725 1366 1812 deprehenderat.
1459 1727 1683 1808 Quum
1736 1728 1859 1794 hos
1915 1727 2175 1795 videret

237 1819 299 1881 in
338 1837 407 1882 eo
447 1835 756 1881 consessu
801 1812 884 1878 ad
927 1834 1120 1896 quem
1164 1833 1205 1879 a
1247 1833 1353 1878 me
1396 1811 1719 1879 adductus
1762 1824 1933 1893 erat,
1990 1815 2173 1880 vide·

238 1913 444 1984 retque
484 1923 553 1967 se
612 1898 1123 1982 deprehensum,
1179 1919 1367 1965 suam
1430 1919 1580 1965 cum
1629 1897 1887 1965 Calvino
1929 1920 2174 1984 cogna-

237 1987 461 2053 tionem
503 1989 718 2070 coepit
774 1992 1152 2052 extenuare.
1238 1983 1410 2050 Nam
1467 2003 1555 2048 ne
1612 2005 1852 2050 nomen
1908 1985 2175 2068 quidem

240 2072 400 2138 urbis
440 2073 709 2138 tenebat
752 2092 836 2136 ex
879 2091 1008 2153 qua
1050 2068 1370 2135 oriundus
1417 2078 1519 2134 est
1564 2067 1886 2137 Calvinus.
1976 2069 2174 2136 Dice-

240 2158 341 2223 bat
375 2158 544 2225 enim
602 2178 745 2224 esse
791 2156 1271 2222 Ambianatem.
1362 2153 1723 2239 Correptus
1782 2176 1823 2221 a
1873 2156 2064 2223 nobis
2107 2163 2177 2221 et

241 2243 520 2311 dimissus
560 2264 710 2309 cum
757 2241 1033 2326 paucula
1077 2241 1434 2325 pecuniola,
1480 2242 1633 2324 quia
1674 2261 1745 2307 se
1786 2241 2011 2308 literas
2055 2242 2175 2307 ha-

242 2328 374 2395 bere
416 2329 497 2394 ad
543 2327 882 2396 Calvinum
926 2325 1275 2392 asserebat.
1367 2326 1719 2393 Viviacum
1756 2347 1989 2393 versus
2024 2348 2174 2412 pro-

242 2415 544 2492 ficiscitur,
590 2413 761 2480 fallit
802 2413 876 2477 in
920 2415 1032 2478 via
1076 2411 1502 2478 Marloratum
1546 2421 1615 2478 et
1652 2411 1914 2478 Vivisci
1958 2411 2174 2479 Fran·

240 2503 461 2578 dacum,
502 2499 658 2566 huic
709 2520 780 2565 se
820 2498 1093 2563 fratrem
1151 2497 1396 2565 Valerii
1435 2496 1721 2583 collegae
1763 2499 1893 2563 mei
1936 2500 2172 2564 menti-

244 2595 361 2664 tus,
401 2586 498 2650 illi
551 2591 910 2669 cognatum
967 2593 1083 2649 aut
1125 2591 1449 2666 nepotem.
1538 2583 1749 2650 Paulo
1802 2593 1948 2667 post
2003 2605 2174 2650 nun-

243 2672 428 2737 ciatur
482 2671 650 2736 mihi
709 2670 830 2736 hos
991 2669 1259 2753 quidam
1315 2668 1568 2735 habens
1610 2669 1838 2736 literas
1895 2669 1980 2735 ad
2028 2669 2173 2736 Gal-

244 2758 448 2835 vimcm,
493 2777 659 2839 quas
748 2757 814 2821 ui
995 2754 1232 2821 Gallus
1276 2755 1633 2838 reliquerat
1673 2756 1970 2840 pignoris
2012 2754 2171 2834 loce,

245 2861 314 2906 ne
353 2843 675 2908 abiturum
764 2862 954 2925 ospes
998 2862 1068 2907 se
1112 2841 1468 2907 insalutato
1511 2843 1969 2924 suspicaretur.
2044 2843 2174 2907 Ac-

245 2948 400 2994 cerso
442 2928 789 3012 hospitem.
878 2924 1092 2992 Video
1134 2926 1251 2993 abs
1289 2935 1355 2992 te
1397 2927 1677 3011 scriptas
1721 2926 1967 2992 literas·
2032 2925 2096 2992 Ν
2097 2948 2175 2992 u-

246 3034 399 3079 mero
458 3011 702 3079 liardos
760 3012 986 3080 decem
1049 3033 1209 3096 quos
1274 3012 1516 3078 nebulo
1582 3012 1823 3096 hospiti
1881 3010 2171 3079 debebat.

244 3097 619 3185 Redemptas
677 3097 903 3164 literas
962 3098 1150 3163 mitto
1207 3096 1292 3163 ad
1339 3095 1686 3164 Calvinum.
1775 3097 1948 3163 Vide
1999 3119 2174 3165 nunc

244 3184 448 3269 quibus
524 3186 614 3251 sit
702 3182 1070 3263 fidendum,
1162 3193 1229 3249 et
1304 3183 1524 3267 cogita
1602 3190 1925 3267 quantum
2020 3190 2177 3250 tuae

246 3269 445 3338 literae
488 3268 759 3337 valeant
817 3279 885 3336 et
936 3268 1172 3352 quibus
1220 3267 1592 3335 deserviant
1647 3267 1890 3336 usibus.
1980 3268 2177 3335 Hanc

246 3354 457 3423 bellam
509 3355 855 3421 historiam
926 3354 1109 3420 nolui
1167 3365 1232 3420 te
1302 3354 1630 3439 ignorare.
1734 3351 2052 3420 Salutant
2108 3362 2178 3420 te

248 3444 425 3508 nostri
483 3461 745 3521 omnes,
803 3440 1192 3507 nominatim
1246 3460 1415 3505 uxor
1473 3447 1540 3506 et
1593 3439 1852 3506 filiolae.
1942 3439 2180 3507 Saluta

248 3526 532 3613 collegam
575 3539 647 3594 et
686 3527 930 3593 amicos
973 3533 1281 3593 caeteros.
1371 3526 1767 3592 Lausannae
1817 3530 1911 3590 17.
1949 3526 2181 3592 Martii

254 3615 410 3680 1551.

1196 3749 1382 3815 Tuus
1424 3749 1668 3815 Petrus
1712 3749 2002 3815 Viretus.

993 4079 1147 4086 —-.-
1238 4076 1363 4083 ———-.-

1096 4326 1290 4400 14⁶8.

702 4482 1205 4552 FARELLUS
1251 4481 1689 4551 GALVINO.

396 4675 548 4759 Ayit
589 4676 666 4740 de
713 4672 1031 4741 Consensu
1085 4671 1387 4755 Timo-ino
1429 4673 1565 4738 iam
1606 4673 1792 4751 edito,
1835 4675 2084 4739 msam
2126 4678 2182 4738 et

248 4760 444 4840 9anoe
512 4781 654 4828 cum
711 4759 865 4825 aliis
937 4757 1189 4827 calvini
1246 4758 1508 4838 scriptis
1556 4759 1802 4826 edendo.
1912 4757 2182 4825 Gratias

252 4846 361 4994 &a
411 4848 483 4912 de
533 4844 828 4913 articulis
885 4844 966 4911 ab
1033 4864 1102 4910 eo
1170 4844 1338 4909 eirca
1400 4843 1808 4922 disciplinam
1861 4843 2180 4926 fratribus

310 4931 743 4999 mansibus
785 4931 1169 5014 conscriptis.
1259 4927 1460 4994 Porro
1502 4930 1640 4998 alia
1682 4934 1908 4997 tractat
1938 4929 2181 5030 neqotia

254 5016 1184 5103 tampublicaqumprivata,
1229 5013 1407 5081 nobi-s
1451 5016 2112 5100 expaminooymta.

258 5200 351 5266 (Ex
382 5205 714 5277 autographo
748 5203 881 5259 Ood.
919 5203 1123 5259 Genev.
1166 5200 1291 5269 115,
1329 5201 1423 5257 fol.
1459 5199 1528 5255 96
1542 5242 1556 5267 ,
1594 5202 1713 5256 colL
1749 5218 1872 5257 cum
1907 5218 2062 5257 exem
2103 5204 2179 5257 la·

262 5270 388 5326 ribus
422 5275 589 5329 tribus
625 5274 756 5329 Ood.
795 5271 1168 5396 Genoghdlhffi
1199 5270 1448 5394 gib-23³.
1457 5268 1608 5404 ‘Gom
1656 5269 1815 5326 Bem.
1864 5270 1961 5327 VI.
2124 5276 2182 5326 et

386 5424 591 5482 Calvisi
624 5443 810 5499 opera.
895 5427 1004 5482 Vol.
1046 5425 1214 5482 XIV.

2444 609 2715 676 Pastori
2749 610 3065 677 ecclesiae
3088 611 3501 680 Genevensis
3538 636 3735 697 quam
3771 616 4250 684 studiosissime

2272 716 2516 761 munus
2559 715 2754 761 suum
2796 697 3140 780 peragenti
3176 697 3414 763 Ioanni
3448 699 3727 766 Calvino
3753 700 4006 768 Christi
4050 724 4248 770 servo

2273 781 2428 848 totis
2474 781 2728 848 viribus
2772 782 3002 865 pietati
3035 782 3465 849 illustrandae
3500 785 3901 852 incumbenti
3939 789 4129 855 fiatri
4173 796 4244 856 et

2273 875 2683 952 symmystae
2725 888 2925 950 quam
2970 869 3325 934 carissimo.

3726 956 4068 1025 Genevae.

2447 1051 2518 1120 S.
2585 1053 2694 1120 Ad
2754 1054 3034 1120 Vir-etum
3075 1056 3230 1122 misi
3272 1055 3636 1141 Bullinyeri
3678 1056 3764 1122 ad
3805 1066 3873 1123 te
3916 1059 4163 1127 literas.
4190 1065 4243 1138 ¹)

2275 1138 2560 1223 Scripsit
2601 1139 2685 1204 ad
2727 1161 2836 1205 me
2879 1142 3187 1223 misitque
3223 1163 3426 1206 unum
3464 1143 3803 1226 exemplar
3838 1144 4240 1212 consensio-

2275 1226 2383 1291 nis
2427 1227 2501 1290 in
2545 1246 2677 1309 qua
2735 1224 2990 1291 edenda
3032 1225 3204 1292 nihil
3258 1228 3642 1292 festinatum
3701 1237 3819 1294 est.
3909 1228 4243 1315 Ouperem

2274 1312 2496 1395 capita
2536 1311 2769 1396 gallice
2810 1311 3131 1394 impressa
3150 1317 3226 1387 ²).
3297 1310 3479 1393 Quin
3524 1320 3590 1378 et
3648 1313 3989 1398 expediret
4030 1318 4243 1400 magis

2276 1395 2509 1481 gallice
2551 1418 2820 1462 versum
2865 1405 2932 1461 et
2986 1395 3235 1463 editum
3292 1397 3466 1480 quod
3528 1409 3750 1463 sancte
3792 1399 4110 1483 scripsisti
4173 1410 4244 1467 et

2276 1503 2475 1566 quam
2517 1483 2914 1548 firmissimis
2958 1483 3320 1549 rationibus
3365 1493 3592 1550 contra
3633 1485 3871 1568 impios
3914 1484 4242 1552 dormien-

2277 1577 2411 1646 tes,
2471 1568 2587 1651 qui
2630 1589 2782 1634 cum
2824 1567 3053 1634 multis
3095 1569 3334 1633 volunt
3374 1571 3775 1653 pontificiam
3833 1571 4242 1654 superstitio-

2275 1673 2428 1718 nem
2475 1652 2707 1718 tollere
2744 1673 2865 1737 per
2905 1652 3310 1737 impietatem
3355 1655 3686 1721 maiorem.
3707 1656 3763 1741 ⁸)
3848 1657 4046 1723 Potes
4088 1677 4245 1723 con-

2277 1739 2476 1805 iieere
2541 1739 2697 1806 alibi
2766 1758 2964 1820 quam
3028 1740 3228 1823 impie
3294 1741 3418 1805 hoc
3474 1739 3810 1820 tradatur,
3878 1762 4082 1825 quum
4135 1742 4244 1809 hic

2279 1825 2426 1891 ausi
2466 1826 2602 1890 sint
2644 1822 2940 1889 nonnulli
2983 1824 3107 1890 1100
3150 1824 3500 1891 affirmare.
3592 1824 3779 1906 Quae
3811 1825 4245 1894 moribundus

2279 1909 2562 1986 dictasti,
2604 1929 2742 1974 nou
2784 1929 3061 1992 parcens
3104 1910 3223 1976 tibi
3282 1909 3397 1977 sed
3449 1919 3514 1976 te
3557 1931 3828 1995 prorsus
3870 1913 4243 1994 conficiens,

2278 1996 2666 2079 accepimus,
2711 2002 2782 2059 et
2821 1993 3067 2061 habent
3109 1996 3230 2062 tibi
3274 1995 3512 2061 fratres
3546 1997 3846 2080 gratiam.
3914 1998 4061 2082 Ego
4103 2018 4243 2064 non

2278 2079 2559 2147 scribam
2621 2080 2779 2165 quid
2837 2080 2953 2145 tibi
3027 2079 3328 2147 debeam:
3401 2090 3663 2147 tantum
3731 2079 3813 2146 ad
3875 2081 4240 2162 Christum,

2280 2187 2476 2251 quem
2512 2165 2728 2232 solum
2765 2165 3251 2232 thesaurarium
3284 2187 3507 2233 meum
3541 2176 3610 2232 et
3643 2166 4028 2233 thesaurum
4050 2167 4237 2248 duco,

2276 2260 2344 2317 te
2408 2250 2694 2318 remitto.
2809 2252 2905 2318 Ab
2972 2252 3095 2319 hcc
3175 2273 3366 2336 spero
3430 2262 3498 2317 te
3561 2252 3754 2336 plura
3820 2261 4241 2337 accepturum

2278 2358 2477 2421 quam
2520 2337 2633 2403 vel
2675 2338 2964 2421 cogitare
3008 2337 3202 2414 ausis,
3247 2358 3332 2403 ne
3373 2337 3582 2404 dicam
3618 2347 3860 2420 petere.
3928 2339 4240 2487 'Pemffs-

2280 2422 2415 2489 tive
2459 2423 2629 2489 istuc
2668 2422 2998 2507 appulisse
3041 2429 3107 2488 te
3152 2423 3464 2507 gratulor,
3533 2431 3598 2487 et
3641 2424 3889 2507 gratias
3930 2444 4053 2509 ago
4168 2444 4239 2489 o-

2278 2509 2478 2587 mino,
2524 2528 2600 2574 ac
2642 2515 2720 2573 ut
2760 2508 2981 2590 ipsum
3022 2529 3255 2592 precor
3297 2516 3373 2573 ut
3417 2517 3483 2574 te
3527 2516 3746 2574 servet
3790 2530 3865 2575 ac
3903 2507 4019 2574 tibi
4056 2528 4243 2575 sanc-

2280 2601 2422 2658 tum
2477 2592 2588 2659 det
2630 2613 3006 2659 successum
3060 2614 3264 2676 quum
3325 2593 3572 2693 gloriae
3616 2593 3823 2676 ipsius
3868 2592 4131 2660 studeas
4175 2600 4245 2660 et

2277 2678 2573 2744 omnium
2616 2677 2843 2759 saluti,
2889 2680 2984 2744 ita
3026 2688 3177 2762 peto
3218 2686 3295 2744 ut
3335 2688 3538 2744 istum
3581 2678 3916 2763 perditum
3957 2678 4247 2762 flagellet

2279 2771 2346 2829 et
2387 2763 2692 2849 castiget,
2755 2772 2824 2828 et
2866 2785 3015 2830 cum
3061 2786 3137 2830 eo
3192 2785 3421 2830 omnes
3478 2765 3591 2847 qui
3647 2762 4085 2830 dehonestant
4138 2782 4242 2831 sa-

2280 2869 2460 2915 cram
2505 2849 2637 2915 Dei
2681 2849 3077 2929 doctrinam,
3134 2851 3207 2914 in
3265 2850 3534 2914 ruinam
3578 2849 3949 2915 animorum
3992 2857 4058 2913 et
4100 2871 4243 2916 001·-

2277 2955 2513 3018 porum
2577 2935 3054 3000 incumbentes.
3172 2934 3369 3015 Quod
3439 2954 3596 3000 sane
3653 2934 3877 3013 faciet,
3937 2935 4241 3017 quamvis

2278 3020 2607 3105 benignus
2651 3028 2990 3104 exspectet
3046 3028 3121 3086 ut
3177 3020 3364 3103 impii
3423 3039 3464 3083 a
3506 3020 3618 3084 via
3673 3019 3850 3084 mala
3904 3039 4047 3085 sese
4087 3039 4243 3086 con-

2278 3111 2579 3185 vertant,
2645 3113 2715 3172 et
2752 3105 2918 3170 bene
2962 3105 3158 3170 etiam
3198 3104 3516 3188 improbis
3573 3104 3784 3170 faciat.
3872 3103 4053 3185 Quid
4110 3126 4245 3170 non

2280 3199 2435 3277 aget
2477 3212 2646 3258 cum,
2675 3192 2812 3257 suis
2859 3210 3023 3275 quos
3066 3198 3204 3255 tam
3248 3209 3434 3255 caros
3477 3187 3723 3254 habet?
3790 3188 3950 3253 Tuis
3995 3189 4243 3254 sanctis

2279 3277 2453 3342 votis
2518 3277 2712 3361 cupio
2757 3275 3136 3344 satisfacere
3150 3328 3168 3356 ,
3228 3284 3305 3340 ut
3360 3275 3646 3340 fructum
3689 3274 3974 3357 aliquem
4031 3276 4244 3357 perci-

2280 3363 2455 3445 piam
2495 3370 2563 3427 et
2596 3360 2842 3447 aliquid
2887 3361 2969 3428 ad
3005 3382 3114 3427 me
3157 3361 3384 3427 redeat
3417 3381 3646 3427 eorum
3689 3380 3857 3443 quae
3889 3359 4004 3424 isti
4037 3360 4244 3426 eccle·

2282 3448 2419 3514 siae
2485 3455 2626 3514 tam
2681 3447 3041 3514 liberaliter
3093 3447 3410 3531 elargitus
3466 3453 3568 3511 est
3608 3445 3955 3512 Dominus.
4043 3445 4247 3511 Faxit

2282 3532 2593 3599 Christus
2633 3541 2729 3613 ut,
2773 3533 2931 3599 dum
2974 3533 3140 3599 mihi
3182 3532 3456 3599 consulo
3499 3541 3567 3596 et
3608 3533 3781 3598 bona
3821 3550 3941 3597 sua
3975 3530 4243 3613 accipio,

2281 3618 2429 3686 aliis
2451 3639 2535 3685 ne
2570 3639 2858 3698 noceam,
2896 3639 3108 3704 neque
3141 3616 3522 3684 offendiculi
3561 3616 3917 3700 quidquam
3951 3616 4242 3682 afferam.

2455 3704 2691 3771 Nescio
2733 3713 2954 3771 tamen
3000 3726 3088 3770 an
3140 3704 3380 3770 fratres
3439 3704 3569 3769 mei
3627 3702 3842 3786 pacati
3897 3701 4160 3766 fuerint.
4188 3700 4245 3785 ⁴)

2282 3789 2383 3856 'I'u
2429 3787 2816 3857 admonebis
2874 3787 3157 3857 Viretum
3192 3791 3306 3873 qui
3347 3790 3481 3854 illis
3523 3789 3799 3853 vicinior
3841 3793 3973 3864 est,
4018 3795 4093 3852 ut
4136 3806 4249 3852 eos

2280 3875 2509 3941 iubeat
2561 3878 2952 3959 tempestive
3008 3875 3255 3941 venire.
3357 3875 3503 3958 Ego
3571 3893 3701 3938 non
3760 3872 3993 3938 lubens
4053 3871 4249 3937 audio

2281 3981 2510 4027 eorum
2568 3980 2851 4028 causam.
2952 3962 3204 4027 Parum
3259 3960 3608 4025 intuentur
3663 3956 3817 4041 quid
3877 3978 4026 4023 cum
4083 3958 4250 4041 ipsis

2282 4046 2610 4112 Dominus
2676 4067 2712 4113 e
2760 4048 2900 4113 erit.
3006 4048 3108 4113 De
3175 4067 3282 4111 me
3346 4043 3514 4110 nihil
3578 4041 3739 4109 dico.
3842 4040 3979 4109 Sed
4047 4042 4250 4109 aliam

2200 4135 2210 4144 “
2282 4132 2604 4197 rationem
2640 4131 2727 4198 ha
2773 4154 2882 4199 ere
2917 4130 3235 4198 deberent
3269 4130 3634 4215 gratiarum
3672 4137 3739 4194 et
3759 4126 4250 4194 misericordiae

2282 4216 2432 4283 Dei.
2520 4215 2830 4284 Christus
2885 4238 3113 4282 eorum
3169 4213 3369 4283 corda
3432 4222 3667 4299 tangat
3708 4235 3793 4280 ne
3838 4211 3996 4297 quid
4043 4220 4252 4299 agant

2282 4301 2632 4386 indignum
2675 4301 3038 4387 evangelio,
3082 4300 3255 4384 quod
3300 4301 3520 4367 nescio
3564 4320 3646 4364 an
3685 4307 3821 4364 tam
3858 4319 4084 4366 carum
4128 4300 4252 4366 ha-

2286 4386 2488 4453 beant
2529 4395 2605 4451 ut
2648 4389 2918 4454 affectus
2962 4387 3263 4470 proprios
3303 4386 3692 4452 submittant
3737 4383 3954 4450 verbo,

2457 4473 2694 4539 Lunae
2749 4473 3053 4557 proxima
3109 4470 3378 4538 tandem
3436 4470 3780 4537 audiemus
3836 4469 3999 4554 quid
4059 4490 4249 4555 prae-

2283 4559 2493 4623 fectus
2564 4568 2634 4621 et
2690 4559 2963 4642 Alysius
3026 4558 3419 4641 responsuri.
3446 4561 3502 4632 ι)
3602 4557 3748 4640 Ego
3816 4562 3884 4621 te
3953 4558 4263 4622 omnium·

2283 4727 2551 4863 1⁴⁶&ss
2587 4728 2672 4919 ἐξ.
2700 4727 2945 4867 meaa.
2987 4802 3180 4852 nostra
3215 4796 3292 4850 ad
3339 4793 3483 4850 Tem.
3531 4793 3668 4848 1⁷11.
3734 4833 3762 4877 .·
3799 4792 3889 4852 54.

2491 4867 2548 4930 3)
2818 4880 2847 4920 ο
2878 4865 3095 4921 videtur
3130 4862 3209 4920 ad
3241 4863 3684 4934 Psyahopannyc
3719 4878 3853 4917 iam.

2286 5000 2370 5056 Κ·
2489 4935 2555 5001 4)
2595 4933 2684 4990 De
2717 4934 2819 4990 hoc
2852 4937 3066 5004 neqotio
3099 4932 3248 5003 quod
3280 4931 3529 4989 dicamus
3563 4947 3677 4986 non
3710 4931 3983 4988 habemus.
4055 4925 4253 4983 Etiam

2345 5002 2692 5070 orehhoforus
2724 5008 2879 5059 tacet.
3867 5043 3876 5052 .

2489 5070 2546 5138 ὅ)
2590 5071 2810 5127 leaenae
2855 5071 2918 5127 V.
2954 5069 3060 5125 424
3094 5069 3269 5127 tradit
3302 5069 3564 5124 animales
3616 5083 3654 5122 a
3687 5065 3898 5138 synodo
3925 5065 4251 5134 propositos

2284 5138 2339 5193 d.
2375 5138 2459 5193 26.
2501 5140 2705 5195 Martii
2737 5156 2775 5194 a
2802 5141 3083 5209 praefecto
3124 5138 3360 5209 Georqio
3409 5138 3478 5193 dc
3517 5135 3675 5202 Rive,
3721 5136 3940 5190 nomine
3968 5134 4252 5203 principis

2287 5206 2588 5265 francisci
2628 5208 3052 5265 Aurelianensis
3104 5207 3264 5264 ducib
3309 5206 3377 5262 de
3422 5202 3771 5274 Lonquevaze
3822 5208 3874 5258 et
3925 5203 4135 5259 comitis
4186 5203 4256 5258 in

2284 5273 2558 5334 Noooomo
2593 5278 2928 5346 approbatos
2958 5277 3151 5342 faisse.
3230 5275 3380 5345 Quos
3425 5281 3606 5330 tamen
3638 5273 3759 5340 ipse
3795 5270 3875 5326 ad
3907 5288 3959 5327 a.
3996 5269 4135 5326 1550
4167 5286 4262 5327 ro-

2280 5343 2429 5412 ser-re
2463 5344 2696 5404 vident.

3800 5426 3837 5482 6
