4900 6167
748 412 873 474 535
2257 403 2784 471 EPlSTOLAE
2837 408 3252 469 1740-17-13
4611 411 4718 471 536

745 596 915 663 tiam
955 594 1297 661 hominum
1341 593 1631 659 maxime
1676 593 1984 676 colligare
2016 603 2084 659 et
2115 590 2511 659 firmissimis
2552 591 2700 658 vin-

745 682 916 751 culis
938 681 1293 746 continere.
1332 680 1539 745 Recte
1562 677 1769 747 Stoici
1792 700 2022 748 omnes
2044 679 2374 763 sapientes
2395 675 2700 743 omnibus

749 765 1156 851 sapientibus
1211 766 1581 849 ubieunque
1637 775 1962 831 terrarum
2021 763 2336 850 degerent
2401 784 2511 829 eos
2555 782 2699 829 esse

741 853 1024 931 amicos,
1069 872 1274 935 quum
1318 851 1483 916 nulli
1527 852 1739 936 magis
1781 873 1905 916 usu
1950 861 2018 916 et
2058 851 2364 917 societate
2406 850 2700 915 contine·

746 950 1001 1016 rentur,
1044 957 1242 1021 quam
1264 939 1375 1020 qui
1421 937 1668 1021 optima
1711 938 1814 1004 sui
1857 946 2046 1022 parte
2089 937 2540 1021 iungerentur.
2604 936 2700 1001 '1¹0

746 1034 970 1090 autem
1019 1042 1221 1106 quum
1292 1042 1412 1108 ego
1479 1025 1841 1107 prinoipem
1913 1023 2130 1088 locum
2186 1021 2573 1088 eruditionis
2631 1031 2699 1087 et

744 1109 1012 1195 pietatis
1045 1117 1268 1174 tenere
1302 1108 1603 1187 iudicem,
1643 1131 1777 1174 non
1815 1108 2035 1184 debeo,
2075 1109 2189 1192 qui
2224 1108 2465 1174 horum
2499 1127 2696 1190 appe-

747 1195 994 1263 tentior
1047 1215 1193 1261 sum
1213 1246 1228 1271 ‚
1286 1196 1485 1259 etiam
1540 1195 1836 1279 ignotus,
1895 1196 2142 1262 amicus
2199 1215 2358 1260 esse.
2382 1197 2440 1270 ⁸)
2544 1192 2697 1258 Non

747 1283 962 1368 magis
1002 1282 1209 1346 frater
1242 1281 1433 1346 fratri
1473 1290 1668 1347 notus
1703 1291 1770 1347 et
1803 1301 1993 1346 carus
2027 1289 2147 1360 est,
2192 1300 2387 1363 quam
2422 1290 2498 1344 tu
2530 1277 2699 1343 mihi

747 1375 948 1434 notus
1005 1379 1072 1433 et
1126 1387 1321 1432 carus
1374 1367 1448 1431 in
1473 1367 1793 1432 Domino.
1883 1367 2032 1431 Etsi
2075 1365 2254 1432 enim
2298 1377 2364 1431 te
2408 1366 2490 1430 de
2532 1365 2697 1430 facie

748 1473 883 1521 non
927 1454 1101 1531 novi,
1147 1472 1433 1537 agnosco
1477 1462 1698 1517 tamen
1743 1465 2031 1517 mentem
2077 1467 2289 1528 tuam,
2333 1450 2695 1534 ingenium,

746 1538 1133 1624 religionem
1152 1589 1166 1614 ‚
1215 1558 1382 1621 quae
1427 1538 1707 1603 maiores
1753 1558 2010 1604 amores
2053 1540 2261 1616 cient,
2321 1557 2518 1622 quam
2563 1536 2699 1603 ulla

747 1624 1091 1709 sanguinis
1145 1624 1448 1707 cognatio
1506 1624 1720 1690 efficit.
1820 1622 2076 1689 Deinde
2132 1622 2425 1689 eiusdem
2483 1621 2695 1706 patris

745 1710 887 1785 filii,
931 1710 1225 1775 eiusdem
1260 1709 1513 1775 Christi
1557 1708 1964 1788 cohaeredes,
2012 1731 2144 1775 non
2189 1708 2379 1775 modo
2422 1710 2493 1773 in
2537 1729 2697 1773 eun·

747 1794 898 1861 dem
958 1797 1130 1860 vitae
1186 1796 1385 1860 finem
1441 1796 1809 1870 intuentes,
1883 1795 1998 1861 sed
2054 1808 2123 1859 et
2177 1795 2456 1860 eandem
2513 1795 2693 1859 viam

746 1883 925 1946 vitae
982 1892 1051 1947 et
1106 1880 1258 1946 fidei
1315 1889 1561 1947 rectam
1621 1881 2011 1960 iudicantes,
2081 1901 2490 1965 nequaquam
2549 1881 2693 1963 pari

745 1986 900 2033 oum
956 1967 1231 2033 seientia
1285 1976 1402 2032 aut
1457 1965 1674 2032 studio
1729 1969 2053 2043 fortassis,
2126 1967 2240 2033 sed
2305 1965 2534 2032 eodem
2592 1977 2692 2030 ta-

635 2065 643 2073 ·
743 2073 900 2118 men
920 2056 1033 2135 M)
1130 2054 1200 2116 ui
1242 2073 1592 2138 possumus
1635 2060 1701 2118 et
1744 2050 2057 2119 debemus
2100 2073 2242 2119 esse
2284 2052 2495 2137 ignoti
2514 2102 2529 2131 ,
2576 2061 2693 2117 aut

742 2157 875 2203 non
922 2138 1101 2204 omni
1146 2159 1226 2203 ue
1269 2137 1503 2204 officiis
1556 2138 1731 2204 inter
1786 2159 1906 2204 nos
1948 2138 2151 2224 iungi.
2238 2139 2331 2205 Et
2371 2159 2573 2221 quum
2618 2137 2691 2202 in

742 2244 820 2289 eo
859 2225 1150 2289 maxima
1208 2225 1419 2310 gloria
1473 2225 1797 2289 afficiatur
1855 2234 2041 2308 pater
2083 2225 2415 2300 coelestis,
2477 2225 2531 2288 si
2576 2223 2690 2307 qui

741 2311 823 2376 ab
868 2308 980 2374 illo
1023 2319 1179 2376 sunt
1223 2324 1448 2375 ament
1488 2313 1661 2375 inter
1703 2330 1804 2384 se,
1864 2323 2026 2394 puta
2069 2330 2306 2393 quaeso
2350 2310 2474 2376 hoc
2518 2311 2692 2375 inter

739 2416 862 2461 nos
907 2396 1198 2460 caritatis
1234 2396 1520 2476 officium
1557 2405 1694 2460 tam
1730 2407 1983 2462 arctum
2028 2417 2169 2463 esse
2214 2396 2449 2461 debere
2492 2414 2689 2478 quam

736 2501 894 2548 cara
936 2482 1123 2547 nobis
1177 2494 1331 2546 sunt
1375 2480 1646 2546 Domini
1692 2483 2064 2548 servatoris·
2099 2491 2463 2568 praecepta.
2552 2478 2689 2547 Sed

739 2579 1038 2650 tempore
1082 2586 1261 2630 nunc
1318 2566 1604 2650 abripior
1659 2568 1777 2634 abs
1833 2584 1898 2634 te
1952 2568 2033 2632 ad
2090 2568 2281 2651 plura
2324 2567 2687 2633 scribenda.

737 2652 887 2717 Hoc
933 2661 1005 2716 tu
1047 2652 1307 2716 initium
1354 2654 1724 2736 scriptionis
1782 2655 2237 2720 testimonium
2280 2652 2515 2718 habeto
2559 2652 2688 2717 mei

739 2757 901 2821 erga
944 2745 1007 2802 te
1051 2740 1122 2802 in
1145 2737 1411 2804 Christo
1455 2740 1652 2804 studii
1697 2749 1893 2824 atque
1936 2741 2132 2806 officii
2177 2739 2372 2824 idque
2415 2738 2689 2821 posthac

735 2823 1004 2889 uberius
1039 2823 1384 2910 intelliges.
1456 2826 1781 2891 Dominus
1816 2839 1882 2890 te
1918 2836 2155 2892 servet.
2213 2825 2612 2892 Graenoviei
2634 2828 2687 2902 ⁵)

731 2928 813 2974 ex
863 2908 1013 2974 aula
1055 2910 1270 2995 Regia
1315 2916 1413 2976 22.
1462 2912 1626 2977 Maii
1680 2917 1857 2977 1553.
1951 2918 2009 2977 7.
2055 2911 2176 2977 Ed.
2225 2917 2281 2976 6.
2303 2916 2363 2986 θ)

904 2993 1143 3061 Saluta
1185 3018 1423 3080 quaeso
1469 2999 1552 3063 R.
1604 2998 1986 3082 Stephanum
2030 2998 2293 3063 nomine
2338 3017 2502 3061 meo.

1909 3135 2183 3202 Amicus
2229 3145 2377 3199 tuus

1839 3222 2121 3287 Ioannes
2165 3218 2441 3287 Ohecus.

1723 3515 1899 3522 *rb-—

1622 3732 1806 3803 1741.

1199 3870 1731 3938 ZERKIN'PES
1777 3870 2208 3938 GALVINO.

898 4044 1371 4109 Amanuensem
1412 4041 1537 4108 sibi
1557 4063 1600 4108 a
1625 4041 1884 4109 Calvino
1917 4044 2407 4110 commendatum
2427 4048 2686 4113 remittit

723 4133 927 4214 utpote
981 4131 1279 4218 iynarum
1332 4133 1391 4194 et
1444 4128 1745 4194 inutilem.
1833 4128 2038 4196 Addit
2084 4131 2392 4213 quaedam
2434 4137 2564 4198 tam
2606 4134 2683 4201 de

711 4213 996 4299 publicis
1037 4234 1232 4297 quam
1273 4215 1349 4279 de
1381 4215 1664 4297 privatis
1703 4216 1983 4300 neqotiiS.

1017 4386 1126 4452 (Ex
1170 4384 1508 4455 autographo
1544 4385 1673 4441 Cod.
1712 4385 1916 4441 Gener.
1955 4385 2072 4452 114,
2109 4387 2204 4443 fol.
2239 4387 2390 4457 105.)

719 4538 811 4605 D.
856 4540 1091 4606 Ioanni
1146 4540 1425 4606 Calvino
1476 4542 2042 4624 praestantissimo
2098 4541 2516 4611 Genevensis
2571 4566 2676 4612 ec·

991 4627 1231 4693 clesiae
1275 4627 1579 4692 ministro
1622 4628 1831 4694 amico
1875 4629 2395 4713 incomparabili.

1133 4748 1194 4812 A
1242 4747 1574 4812 monsieur
1610 4745 1849 4813 Calvin
1894 4768 1934 4814 a
1970 4749 2261 4816 Geneve.

892 4853 1040 4936 Ago
1098 4848 1222 4915 tibi
1284 4869 1559 4933 magnas
1620 4861 1689 4915 et
1741 4860 2024 4934 quantas
2083 4871 2345 4935 possum
2406 4851 2673 4937 gratias,

715 4935 979 5004 Calvina
1020 4935 1091 5000 in
1135 4933 1425 5001 Domino
1484 4933 2106 5018 observandissime,
2166 4959 2285 5023 pro
2328 4936 2676 5024 diligentia

922 5123 984 5183 3)
1023 5122 1182 5178 Haec
1214 5123 1449 5178 absurde
1482 5124 1630 5179 dieta
1665 5126 1899 5180 librario
1932 5127 2281 5196 imputantur.

920 5193 982 5254 4)
1021 5191 1132 5247 Hic
1162 5192 1436 5247 evidenter
1468 5194 1733 5247 nonnulla
1768 5195 1987 5250 omissa.

920 5261 982 5324 5)
1020 5263 1116 5318 sic.
1176 5261 1573 5327 (Gremwick.)

920 5329 983 5397 6)
1015 5332 1053 5385 i.
1086 5347 1156 5385 e..·
1192 5349 1336 5386 anno
1371 5333 1525 5402 regni
1566 5331 1807 5385 Eduardi
1845 5331 1943 5387 VI.
1981 5334 2230 5403 septimo.

2744 1051 2752 1130 .-

2803 598 2870 657 et
2922 590 3270 658 sedulitate
3325 613 3457 675 qua
3509 592 3580 657 in
3636 591 4079 676 conquirendo
4135 592 4299 658 mihi
4352 612 4721 658 amanuense

2803 697 2964 742 usus
3006 697 3093 743 es.
3169 674 3561 761 Quanquam
3605 680 3783 743 enim
3826 700 3957 746 non
4000 677 4268 745 obvenit
4303 678 4450 742 talis
4490 677 4721 760 qualem

2803 783 2924 847 ego
2984 765 3286 846 optabam
3345 779 3413 829 et
3469 773 3544 829 tu
3610 764 3917 848 putabas,
3991 783 4123 831 non
4176 785 4323 829 sum
4381 773 4592 828 tamen
4642 765 4723 829 ita

2803 860 3219 933 comparatus
3287 858 3365 914 ut
3419 848 3668 915 nullam
3739 852 4021 935 gratiam
4092 838 4455 916 habendam
4521 861 4722 931 putem

2803 936 3012 1002 amico
3073 935 3187 1018 qui
3244 935 3316 1000 in
3371 955 3446 1001 re
3501 956 3649 1001 mea
3705 937 3859 1002 fecit
3912 935 4086 1020 quod
4138 936 4369 1020 potuit.
4458 934 4722 1000 Puerum

2802 1021 3063 1087 remitto
3122 1020 3204 1086 ad
3264 1040 3378 1087 vos
3450 1022 3690 1088 viatico
3760 1031 4103 1089 numerato
4159 1041 4280 1106 pro
4338 1020 4618 1087 adventu
4666 1031 4725 1085 et

2800 1106 3037 1173 reditu.
3134 1106 3301 1173 Usui
3365 1108 3545 1174 enim
3603 1128 3745 1175 esse
3804 1108 3969 1173 mihi
4026 1106 4211 1174 nullo
4266 1105 4458 1172 modo
4514 1108 4723 1190 potuit,

2801 1190 2985 1258 rudis
3029 1213 3300 1278 prorsus
3343 1200 3410 1259 et
3452 1195 3725 1279 ignarus
3769 1203 4145 1261 nostrarum
4192 1214 4433 1268 rerum,
4475 1192 4625 1258 adeo
4663 1206 4725 1258 ut

2801 1299 2886 1343 ne
2930 1278 3148 1364 legere
3205 1276 3469 1362 quidem
3523 1279 3842 1347 inoffense
3886 1285 4032 1346 acta
4073 1301 4190 1346 sua
4230 1278 4461 1364 lingua
4503 1279 4723 1361 scripta

2801 1365 3117 1448 potuerit:
3166 1374 3302 1430 tam
3338 1385 3513 1431 nova
3557 1366 3653 1432 illi
3697 1366 3844 1432 visa
3886 1377 4044 1432 sunt
4077 1366 4317 1432 omnia.
4391 1364 4726 1431 Character

2799 1450 2942 1535 ipse
2982 1450 3141 1516 adeo
3185 1449 3490 1516 informis
3531 1463 3630 1517 est
3673 1472 3868 1537 quem
3911 1452 4141 1535 pingit,
4186 1461 4261 1516 ut
4302 1451 4491 1535 plane
4532 1449 4657 1515 indi
4701 1487 4724 1500 ·

2800 1557 2928 1601 nus
2973 1537 3060 1601 sit
3103 1558 3229 1619 quo
3289 1536 3539 1621 aliquid
3596 1536 3681 1603 ad
3734 1549 4030 1622 posteros
4073 1538 4575 1604 transmittatur.
4687 1534 4724 1598 d

2798 1620 2978 1705 quod
3036 1622 3226 1688 facile
3284 1623 3424 1705 ipse
3484 1644 3739 1708 quoque
3801 1622 4119 1691 iudicabis
4176 1624 4338 1690 visis
4397 1644 4562 1706 quae
4601 1621 4723 1705 ipse

2798 1707 2903 1773 his
2946 1707 3202 1774 inclusa
3243 1708 3525 1793 scripsit.
3592 1710 3738 1796 Ego
3781 1708 3928 1776 aliis
3970 1719 4324 1793 occupatus
4369 1729 4625 1793 operam
4664 1709 4725 1770 in

2799 1792 3090 1861 docendo
3146 1814 3392 1878 ponere
3450 1795 3632 1861 nullo
3678 1794 3869 1862 modo
3908 1816 4197 1880 possum.
4286 1794 4521 1879 Itaque
4559 1807 4721 1859 ratus

2797 1899 2945 1946 sum
2991 1880 3198 1947 satius
3242 1901 3384 1947 esse
3427 1902 3626 1964 quam
3672 1883 3955 1967 primum
4011 1881 4313 1967 ablegare
4354 1903 4549 1965 quam
4595 1878 4721 1944 diu-

2797 1967 2928 2031 tius
2972 1986 3092 2032 sua
3118 1966 3338 2050 -ipsius
3396 1967 3476 2033 ob
3536 1968 3851 2051 temporis
3894 1969 4215 2036 iacturam
4346 1969 4548 2033 rnicie
4583 1966 4719 2030 reti-

2795 2071 2971 2118 nere.
3057 2051 3286 2136 Neque
3342 2052 3467 2119 hoc
3524 2061 3742 2120 tamen
3787 2054 4083 2121 fecissem
4127 2054 4183 2121 si
4228 2075 4265 2119 e
4316 2063 4572 2119 aracter
4611 2052 4721 2117 sal·

2796 2147 2928 2202 tem
2986 2134 3219 2204 fuisset
3293 2137 3681 2205 tolerabilis:
3752 2147 4011 2206 caetera
4066 2160 4188 2224 ego
4242 2139 4719 2224 supplevissem.

2794 2223 3017 2289 Mores
3072 2224 3214 2289 eius
3271 2246 3352 2291 ne
3399 2247 3481 2290 ue
3540 2245 3848 2293 accusare
3888 2247 4096 2310 neque
4137 2226 4415 2310 probare
4460 2245 4717 2309 possum,

2796 2316 2872 2373 ut
2928 2329 3048 2374 nec
3111 2318 3180 2375 tu
3237 2312 3347 2394 qui
3395 2333 3532 2388 em,
3608 2334 3808 2395 quum
3872 2333 4125 2378 mecum
4193 2311 4528 2378 octiduum
4586 2311 4716 2385 fere,

2797 2393 3113 2461 Genevae
3150 2417 3403 2480 quoque
3451 2398 3535 2473 (si
3561 2418 3724 2463 vera
3752 2407 4006 2476 narrat)
4052 2420 4187 2463 non
4234 2397 4486 2463 diutius
4515 2396 4719 2461 haese-

2795 2480 2902 2631 rilit.
2990 2480 3262 2547 Utinam
3305 2482 3388 2548 ad
3432 2483 3691 2568 frugem
3739 2485 3970 2549 bonam
4014 2484 4248 2550 tendat
4289 2494 4357 2547 te
4404 2495 4627 2548 autore
4665 2489 4721 2545 et

2844 2575 3145 2634 ortatore.

2966 2653 3239 2718 Exitum
3277 2664 3640 2721 conventus
3676 2655 4091 2723 ecclesiastici
4129 2654 4504 2722 Sabaudiae
4535 2652 4579 2738 ¹)
4624 2653 4718 2718 vix

2794 2748 3100 2822 exspecto
3168 2749 3240 2805 ut
3316 2741 3518 2807 sciam
3585 2763 3780 2824 quam
3863 2743 4026 2808 bene
4103 2745 4425 2809 cesserint
4505 2739 4717 2805 omnia

2792 2824 3089 2891 Maxime
3149 2846 3301 2891 vero
3372 2847 3453 2892 an
3524 2827 3781 2909 possint
3837 2848 4080 2912 magna
4136 2828 4251 2893 illa
4309 2827 4613 2912 (scilicet)
4665 2833 4720 2889 et

2792 2910 3089 2995 ingentia
3146 2910 3524 2979 discrimina
3578 2912 3907 2996 religionis
3965 2914 4304 2981 civitatum
4362 2928 4720 2981 nostrarum
4818 2927 4819 2978 1

2792 2994 2875 3061 ad
2929 2996 3262 3081 quandam
3321 2999 3714 3082 aequitatem
3773 2999 4015 3067 reduci.
4106 2999 4285 3081 Quid
4339 3011 4562 3067 actum
4615 2996 4721 3061 hac

2790 3089 2977 3166 parte
3021 3084 3108 3148 sit
3151 3104 3235 3149 ex
3278 3089 3345 3149 te
3381 3085 3547 3152 scire
3582 3083 3791 3168 cupio,
3838 3107 3921 3152 ne
3957 3085 4355 3154 credendum
4406 3084 4721 3170 quibusvis

2791 3168 2877 3233 sit
2919 3168 3030 3250 qui
3075 3190 3191 3234 suo
3237 3170 3473 3235 affectu
3522 3173 3694 3237 veris
3737 3170 3905 3237 falsa
3947 3172 4113 3238 forte
4156 3173 4463 3239 miscent.

2962 3252 3219 3321 Nomen
3263 3255 3434 3340 quod
3492 3256 3690 3322 habet
3733 3258 3979 3324 amicus
4036 3258 4148 3324 ille
4203 3270 4361 3324 tuus
4406 3259 4478 3323 in
4523 3255 4722 3324 Gallia

2787 3349 3052 3422 paterer
3086 3341 3157 3405 in
3182 3362 3287 3407 me
3330 3343 3733 3422 transscribi,
3779 3343 3893 3411 sed
3932 3366 4162 3410 vereor
4196 3368 4298 3424 ne,
4345 3346 4403 3411 si
4430 3345 4541 3409 lite
4587 3342 4720 3409 sub-

2791 3432 2936 3490 orta
2991 3434 3263 3492 senatus
3315 3428 3480 3494 forte
3537 3430 3888 3496 autoritate
3942 3437 4010 3495 et
4052 3453 4089 3494 o
4137 3452 4174 3495 e
4218 3430 4355 3496 ind'
4412 3453 4585 3504 uere,
4628 3426 4720 3492 de·

2793 3510 3077 3596 tegenda
3112 3534 3216 3578 ree
3254 3515 3354 3580 sit.
3425 3514 3617 3596 Quod
3657 3536 3962 3601 magnam
4000 3517 4091 3581 mi
4142 3518 4163 3581 i
4208 3454 4532 3582 invilgiam
4571 3511 4720 3599 apud

2791 3605 3051 3662 nostros
3121 3599 3512 3678 cumularet,
3587 3603 3738 3685 quia
3813 3604 3975 3668 meis
4035 3603 4324 3669 moribus
4394 3602 4717 3687 indignum

2790 3683 3123 3767 quidpiam
3160 3684 3501 3753 admisisse
3535 3686 3917 3766 iudicarent,
3963 3687 4131 3772 quod
4166 3689 4393 3756 fucum
4433 3686 4719 3754 debitoris

2790 3767 3183 3837 haeredibus
3227 3773 3553 3852 fecissem,
3610 3773 3700 3838 fal
3819 3796 3898 3840 ue
3956 3795 4063 3840 me
4105 3775 4501 3842 creditorem
4546 3771 4718 3839 alieni

2789 3856 3074 3923 nominis
3108 3858 3613 3925 constituissem.
3681 3857 3760 3925 Si
3842 3881 3918 3926 oc
3952 3860 4242 3946 periculo
4274 3882 4518 3928 vacare
4552 3877 4719 3944 posse

2788 3941 2908 4007 tibi
2953 3942 3194 4022 videor,
3239 3963 3314 4010 ac
3360 3946 3454 4010 ita
3497 3946 3843 4024 censueris,
3889 3946 4173 4031 amplius
4215 3946 4343 4014 hac
4381 3946 4463 4012 de
4505 3968 4573 4011 re
4601 3965 4717 4009 me-

2788 4048 2937 4093 eum
2982 4027 3371 4096 deliberabo.
3460 4029 3682 4097 Nolim
3726 4032 3903 4097 enim
3938 4054 4330 4117 quemquam
4377 4036 4472 4101 sic
4516 4033 4592 4098 de
4633 4050 4717 4095 me

2788 4114 3062 4193 sentire,
3121 4114 3290 4199 quod
3349 4115 3498 4182 lites
3560 4117 3666 4182 vel
3727 4139 3940 4184 emam
3986 4119 4087 4185 vel
4132 4129 4459 4205 appetam.
4549 4117 4714 4183 Vale-

2788 4198 3052 4267 Bernae
3099 4205 3198 4266 26.
3246 4202 3411 4267 Maii
3470 4205 3645 4268 1553.
4814 4193 4815 4220 ¹

3502 4340 3689 4405 'I'uus
3732 4343 3997 4408 omnino
4044 4341 4121 4407 N.
4161 4343 4561 4408 Zerohintes.

2958 4524 3314 4594 Saracenas
3331 4528 3388 4602 ²)
3431 4547 3781 4613 aegrorum
3819 4531 4081 4616 agmine
4116 4530 4417 4598 obsessus
4453 4549 4713 4613 conque·

2780 4611 2955 4676 ritur
2989 4633 3061 4677 se
3103 4632 3235 4678 non
3279 4632 3476 4713 posse
3519 4613 3684 4680 mihi
3728 4616 4123 4697 satisfacere,
4170 4618 4565 4701 exspectabo
4605 4617 4711 4680 ita-

2781 4716 2907 4779 que
2951 4697 3156 4764 donec
3199 4697 3296 4764 ilh
3341 4718 3571 4767 omnes
3614 4711 3730 4766 aut
3786 4703 4243 4770 convalescant
4285 4713 4403 4768 aut
4450 4703 4711 4768 morian·

2781 4793 2906 4862 tur,
2932 4794 3009 4848 ut
3031 4793 3174 4849 tum
3197 4783 3360 4850 mihi
3378 4806 3651 4851 manum
3675 4787 4040 4856 admoveat.
4095 4787 4230 4857 Sed
4252 4810 4391 4856 non
4414 4788 4709 4855 memine-

2776 5058 2952 5116 1741.
2990 5059 3048 5116 1)
3085 5061 3124 5114 i.
3173 5075 3217 5114 e.
3267 5060 3613 5116 ecclesiarum
3674 5064 4077 5131 quamnam
4128 5064 4358 5117 ditionis
4412 5062 4706 5117 Ber-meio.

2779 5127 2867 5193 Of.
2904 5127 2983 5184 N.
3020 5126 3176 5182 1788.
3250 5129 3411 5186 Patet
3449 5129 3754 5186 Zetho-tem
3802 5132 3870 5185 de
3917 5130 4139 5188 Calvino·
4176 5133 4445 5201 motione
4486 5129 4708 5185 noum

2774 5200 3054 5253 certiorem
3083 5199 3295 5265 factu-⁸
3325 5199 3517 5266 Μαι.

2801 5335 2885 5392 K·
2914 5266 3041 5393 ώέ)
3080 5266 3417 5391 Serv-nomaso
3283 5269 3314 5404 J·
3448 5269 3688 5325 aedom
3719 5284 3828 5338 quo
3850 5286 4025 5338 nuper
4058 5286 4194 5326 usus
4222 5271 4412 5338 [ιω-ναί
4455 5267 4705 5324 Faenus.

2776 5344 2798 5404 (
2859 5353 2915 5392 or
3019 5376 3032 5389 .
3061 5352 3119 5406 p.
3264 5374 3276 5387 .
3778 5389 3781 5392 ,
