4900 6167
638 412 769 474 135

797 549 1089 665 'Eximio
1143 593 1301 661 Iesu
1344 589 1603 660 Christi
1657 608 1850 655 serve
1892 587 2129 654 Ioanni
2169 585 2450 653 Calvino
2508 605 2612 652 ee-

634 681 883 751 clesiae
927 679 1345 748 Genevensis
1392 675 1524 743 fide
1567 673 1821 758 pastori
1864 673 2050 739 fratri
2093 679 2161 739 et
2202 682 2614 757 symmystae

642 765 1199 835 coniunctissimo.

2101 842 2434 910 Genevae.

816 985 890 1053 S.
980 985 1198 1067 Quam
1257 991 1484 1048 metuo
1528 1002 1614 1047 ne
1656 981 1987 1046 Dominus
2052 978 2225 1045 hanc
2267 979 2611 1045 ecelesiam

641 1074 923 1157 castiget
966 1069 1335 1135 durissimis
1391 1068 1623 1150 virgis.
1713 1063 2008 1131 Abstulit
2050 1063 2259 1142 nobis,
2305 1072 2381 1128 ut
2423 1063 2611 1131 audi-

638 1159 795 1226 visti
814 1208 830 1236 ,
898 1165 1051 1240 post
1092 1154 1529 1229 Dominicum,
1573 1150 2075 1227 Betencurtium‚
2104 1154 2153 1230 ¹)
2221 1149 2422 1214 etiam
2472 1149 2612 1216 Soo-

643 1246 876 1325 rum.‘')
976 1239 1195 1305 Hodie
1253 1240 1497 1303 iterum
1557 1237 1767 1302 altera
1825 1235 2067 1301 ancilla
2118 1235 2405 1318 collegae
2459 1237 2609 1310 mei,

644 1349 842 1411 quam
920 1346 1153 1391 recens
1221 1343 1530 1389 reversus
1596 1322 1860 1386 domum
1928 1341 2116 1385 suam
2160 1319 2609 1398 {conduxeram

637 1420 823 1496 peste
865 1419 1200 1492 correpta,
1258 1405 1575 1490 quamdiu
1619 1408 1690 1471 in
1736 1407 1927 1471 horto
1970 1404 2311 1470 laborabat
2351 1406 2463 1487 qui
2509 1413 2612 1470 est

636 1509 786 1581 post
839 1495 1036 1560 aedes
1094 1515 1292 1559 meas.
1382 1492 1633 1558 Eodem
1685 1492 2003 1575 temporis
2058 1497 2393 1556 momento
2436 1512 2609 1556 nun-

634 1583 885 1647 ciatum
929 1588 1031 1646 est
1071 1578 1317 1645 Bezam
1359 1598 1615 1661 quoque
1658 1578 1858 1642 huius
1893 1575 2263 1657 suspicione
2298 1575 2527 1642 morbi.
2552 1578 2609 1651 Β)

638 1666 880 1749 Coepit
932 1665 1077 1730 heri
1148 1664 1324 1729 male
1384 1664 1629 1730 habere
1690 1663 1763 1727 in
1826 1663 2132 1726 concione
2197 1662 2606 1743 vespertina:

636 1751 836 1818 hodie
917 1751 1126 1816 sensit
1201 1756 1559 1832 puncturas
1637 1759 1705 1811 et
1783 1747 2071 1811 dolorem
2162 1747 2230 1809 in
2310 1748 2380 1809 in
2480 1748 2606 1810 ine.

636 1837 884 1903 Metuit
917 1857 1003 1899 ne
1038 1843 1382 1917 correptus
1419 1833 1523 1899 sit.
1585 1834 1804 1899 Deum
1838 1831 2312 1896 immortalem!
2440 1852 2608 1896 uan-

634 1931 775 1987 tam
820 1921 1019 1987 faciet
1060 1922 1382 1985 iacturam
1437 1927 1580 1983 tota
1623 1918 1896 1985 ecclesia
1940 1927 2005 1981 et
2049 1938 2153 1982 res
2201 1916 2418 1981 ubliea
2458 1917 2607 1982 lite—

636 2007 832 2084 raria,
880 2007 939 2072 si
981 2005 1159 2072 hune
1202 2006 1392 2071 nobis
1437 2006 1653 2069 aufert
1694 2002 2056 2068 Dominus!
2234 2022 2347 2066 aee
2390 2001 2605 2087 lacry-

635 2112 831 2158 mans
874 2092 1120 2170 scribo,
1177 2111 1305 2155 nee
1364 2110 1639 2173 possum
1684 2089 1847 2154 haee
1889 2089 2032 2152 sine
2076 2088 2383 2173 lacrymis
2426 2088 2606 2171 cegi-

636 2187 802 2242 tare.
891 2175 1107 2257 Quam
1166 2196 1277 2240 me
1328 2175 1563 2258 incipit
1616 2174 1880 2238 taedere
1935 2173 2113 2238 vitae
2153 2193 2372 2250 meae,
2434 2193 2603 2255 quae

634 2263 916 2328 fortasse
972 2283 1095 2327 nee
1153 2261 1299 2343 ipsa
1372 2259 1599 2342 procul
1667 2256 1852 2324 abest
1903 2278 1944 2321 a
2000 2265 2195 2323 meta.
2301 2257 2438 2323 Sed
2496 2279 2603 2323 me

633 2348 986 2425 miserum,
1034 2346 1091 2411 si
1134 2365 1331 2427 cogar
1375 2344 1652 2409 aliorum
1696 2345 1928 2409 funera
1971 2352 2039 2408 et
2079 2343 2311 2408 talium
2355 2341 2601 2422 videre,

634 2441 996 2515 antequam
1040 2429 1343 2511 efferar⁴)
1388 2429 1546 2511 ipse.
1617 2429 1854 2494 Nescio
1897 2449 1982 2493 an
2027 2450 2134 2493 me
2177 2429 2359 2494 Deus
2402 2449 2603 2512 prop·

633 2526 742 2582 ter
781 2537 932 2581 mea
973 2523 1244 2597 peccata
1277 2516 1408 2578 iam
1444 2511 1599 2578 inde
1635 2513 1715 2578 ab
1751 2515 1941 2578 initio
1976 2513 2187 2577 voluit
2221 2514 2601 2597 abiungere,

634 2610 753 2667 aut
794 2607 1028 2680 morte,
1071 2607 1188 2664 aut
1230 2598 1522 2663 locorum
1556 2598 1945 2679 intervallis,
1992 2619 2032 2663 a
2073 2599 2389 2663 fratribus
2433 2599 2600 2663 mihi

634 2685 992 2753 carissimis
1036 2693 1104 2749 et
1145 2686 1419 2750 sinceris
1462 2684 1600 2750 suis
1644 2685 1878 2760 servis,
1925 2691 1992 2748 et
2032 2682 2196 2748 mihi
2241 2683 2601 2783 adiungere

635 2770 983 2836 hominum
1003 2770 1060 2850 ⁵)
1106 2777 1429 2852 portenta,
1475 2770 1713 2852 quibus
1756 2770 1943 2852 quasi
1978 2769 2250 2834 verbere
2295 2779 2603 2835 continuo

632 2855 961 2932 caederer,
1007 2863 1078 2920 et
1117 2875 1395 2937 quorum
1438 2854 1683 2938 iniquis
1719 2854 1954 2919 studiis
1992 2856 2121 2919 mei
2165 2853 2422 2920 labores
2466 2875 2600 2920 om-

632 2962 756 3007 nes
798 2940 1235 3005 redderentur
1276 2939 1563 3005 inutiles.
1646 2938 1958 3005 Nondum
2002 2940 2160 3006 satis
2203 2949 2458 3006 certum
2501 2949 2604 3005 est

635 3025 720 3092 de
764 3025 978 3093 Besae
1031 3025 1279 3091 morbo.
1370 3021 1504 3091 Sed
1563 3044 1714 3090 raro
1764 3025 1913 3091 falsi
1966 3046 2197 3092 sumus
2255 3046 2457 3108 quum
2515 3025 2599 3089 ti-

629 3112 923 3179 muimus
987 3132 1074 3177 ne
1131 3110 1247 3193 qui
1315 3117 1659 3195 aegrotare
1724 3120 2079 3195 coeperunt
2142 3121 2324 3193 peste
2378 3118 2602 3176 essent

627 3199 947 3281 correpti,
1003 3196 1393 3279 praesertim
1459 3195 1543 3259 iis
1598 3196 2060 3262 accedentibus
2112 3196 2336 3278 signis.
2426 3195 2598 3260 Nam

626 3292 788 3349 ante
832 3301 946 3348 eor
1007 3280 1226 3347 dolere
1270 3287 1589 3363 coeperat.
1677 3281 2008 3347 Dominus
2052 3281 2261 3346 nostri
2303 3281 2599 3346 omnium

628 3370 1044 3435 misereatur.

806 3450 1189 3519 Statueram
1232 3449 1390 3516 hine
1434 3448 1542 3515 die
1585 3449 1768 3516 Iovis
1810 3452 2114 3536 proximo
2156 3451 2411 3518 solvere
2431 3450 2597 3516 Ber-

630 3559 793 3604 nam
846 3537 1258 3622 profecturus
1275 3539 1331 3612 ⁶)
1391 3555 1469 3600 ae
1523 3535 1585 3600 N
1589 3556 1851 3602 eocomo
1908 3537 2326 3603 transiturus.
2415 3536 2601 3602 Bana

634 3789 1701 3857 1501.1)1nt0rhaocduonomina
1803 3790 1816 3803 '
1935 3791 2392 3860 'iynotainter
2563 3792 2575 3804 '

634 3859 1205 3924 mineitocedice,
1253 3858 1753 3928 quummcpraN.
1794 3860 1856 3913 14
1969 3859 2455 3917 Viretusuoeorem
2544 3876 2599 3916 e·

633 3929 901 3985 meursii
932 3933 985 3983 et
1016 3928 1245 3983 viduam
1281 3927 1570 3982 Dominici
1600 3928 1724 3996 ipse
1755 3927 2085 3985 &amer-it.

842 3997 900 4064 2)
937 3997 1209 4052 Haueru
1240 3996 1568 4065 Bullinqero
1595 3997 1746 4066 prid.
1780 3996 1897 4051 Gal.
1916 3998 2088 4053 Iulii.-
2124 4000 2444 4053 Lausannae
2480 4014 2603 4068 pes·

633 4068 709 4123 tis
742 4067 921 4122 saevit
967 4068 1106 4122 adeo
1151 4081 1217 4120 ut
1250 4066 1511 4120 Schorum
1558 4068 1717 4120 nobis
1750 4068 2084 4135 abripuerit,
2130 4068 2403 4121 hominem
2440 4067 2602 4120 valde

633 4138 856 4191 doctum
893 4141 952 4188 et
986 4135 1185 4188 aetatis
1220 4134 1395 4188 adhuc
1430 4135 1634 4188 firmae.
1689 4134 1837 4189 Obiit
1856 4152 1964 4188 nna
1982 4152 2101 4189 cum
2139 4153 2309 4189 uxore
2327 4143 2385 4190 et
2417 4136 2603 4199 filiola,

637 4205 955 4274 quibuscum
980 4213 1272 4274 postquam
1309 4220 1526 4256 menses
1562 4203 1869 4272 quindecim
1907 4204 2017 4256 illis
2053 4205 2228 4257 caruit
2263 4221 2405 4257 nunc
2438 4204 2602 4257 mori·

631 4282 727 4328 tur
761 4274 820 4326 in
855 4273 1106 4326 Domino.
1177 4272 1316 4325 Erat
1350 4273 1509 4324 nobis
1544 4289 1743 4341 magna
1776 4272 1845 4324 de
1880 4272 1977 4326 illo
2012 4271 2231 4326 bomine
2265 4289 2393 4354 spes
2428 4280 2486 4325 et
2520 4273 2601 4325 fu·

629 4349 819 4395 turum
856 4347 978 4394 erat
1012 4347 1075 4394 ut
1108 4340 1215 4393 huc
1248 4347 1539 4393 vocaretur
1583 4347 1812 4409 propter
1845 4341 2113 4408 insignem
2148 4342 2508 4394 eruditionem
2544 4347 2602 4395 et

638 4411 771 4480 qnia
805 4409 1107 4463 Germanus
1142 4415 1277 4462 erat.

632 4485 639 4498 ·
844 4479 905 4531 3)
941 4476 1036 4531 sie.
1111 4475 1197 4544 Gt.
1252 4474 1327 4546 ,αα
1367 4475 1526 4530 Besa
1569 4479 1892 4544 coarctante
1935 4476 2126 4531 Bm
2172 4476 2222 4532 1.
2265 4492 2330 4546 p.
2376 4475 2482 4531 449
2526 4492 2597 4532 ss.

635 4544 795 4601 Idem
833 4545 1104 4600 Hancne
1134 4545 1172 4601 1.
1207 4545 1241 4599 Ζ.
1277 4544 1347 4599 de
1379 4543 1564 4599 eodem
1608 4544 1744 4599 haec
1777 4543 1999 4599 scribit:
2051 4546 2255 4599 Theod.
2295 4547 2450 4612 Besa,
2488 4563 2598 4600 em·

633 4616 786 4668 nium
826 4616 1192 4684 professorum
1228 4614 1534 4667 eruditione
1554 4617 1777 4681 primus,
1816 4615 2103 4682 bubonem,
2139 4615 2285 4684 quod
2320 4633 2596 4684 nunquam

635 4690 801 4738 antea
835 4684 1050 4748 andivi,
1104 4683 1157 4737 in
1196 4684 1417 4750 inguine
1454 4682 1638 4746 babet,
1683 4682 1996 4737 anthracem
2034 4684 2181 4736 alibi.
2254 4683 2453 4738 Vireto
2487 4685 2594 4737 dis·

634 4754 864 4807 cedente
898 4753 1187 4805 Lanssnns
1222 4753 1420 4818 exigua
1458 4752 1603 4805 vitae
1637 4768 1764 4820 spes
1797 4757 2096 4820 supererat.

838 4822 899 4888 4)
932 4834 1127 4889 apogr.
1162 4819 1392 4872 auferar.

839 4888 900 4951 5>
933 4906 971 4942 α
1011 4903 1126 4956 09¹·-
1164 4889 1373 4941 herum.

842 4958 902 5012 6)
941 4904 1070 5011 aas
1103 4972 1172 5009 m.
1209 4954 1510 5011 Decembre
1544 4954 1680 5008 1549
1721 4955 1948 5010 Viretus
1981 4961 2033 5009 et
2073 4955 2334 5011 Valerius
2367 4956 2593 5011 mansi

636 5024 672 5079 6
705 5025 968 5081 ονείοιιῑοε
1001 5024 1353 5080 tradiderant
1397 5024 1467 5077 de
1509 5038 1723 5077 morum
1754 5025 2164 5091 mamutione,
2200 5024 2507 5106 disciplima
2540 5030 2592 5081 et

636 5093 1121 5149 adnumeratione
1153 5094 1420 5148 bonorum
1441 5093 1945 5157 ecclesiasticorum,
1981 5094 2146 5148 simul
2177 5100 2358 5162 questu
2389 5093 2457 5148 de
2490 5094 2589 5148 sti-

798 5163 831 5177 ''
891 5164 1012 5218 suis
1042 5180 1159 5217 nen
1190 5168 1255 5216 ut
1288 5177 1398 5228 par
1429 5168 1553 5216 erat
1585 5162 1797 5218 solutus.
1849 5163 2160 5217 Beruenses
2179 5163 2368 5217 minus
2401 5163 2591 5218 sedulo

689 5230 701 5244 ‘
761 5231 924 5287 rebus
957 5247 1161 5286 mnus
1192 5231 1555 5286 Mum-mut
1598 5231 1868 5285 curandis
1916 5236 1969 5284 et
2005 5246 2113 5300 per
2155 5237 2326 5286 totum
2361 5249 2413 5287 α.
2456 5233 2592 5286 1550

628 5300 782 5356 nina
810 5301 1025 5369 {acum
1055 5306 1137 5357 est
1168 5299 1451 5370 quodper
1482 5300 1969 5356 omniamsm's
2001 5300 2323 5369 satisfacere
2352 5306 2588 5371 poterat,

2144 396 2675 467 EPISTOLAE
2726 398 3150 463 1501--1503

4541 399 4659 463 136

2720 580 3105 649 decreverat
3161 600 3232 647 se
3289 580 3488 648 adiun
3576 600 3649 647 re
3702 580 4023 649 comitem.
4112 580 4320 648 Vides
4360 588 4440 647 ut
4479 580 4662 650 Deus

2716 673 2944 732 nostra
3005 673 3262 733 evertat
3316 669 3492 733 cons·
3526 668 3617 744 ‘a‚
3683 667 3740 734 si
3792 666 3987 733 modo
4050 666 4119 732 id
4182 667 4442 734 eveniat
4498 667 4665 751 quod

2715 753 3090 818 metuimus.
3170 751 3453 832 Haemo,
3497 752 3910 836 profecturus
3951 752 4074 819 sim
4120 774 4242 820 nec
4281 772 4381 818 ne.
4449 751 4526 819 Si
4566 774 4664 819 se-

2715 839 2814 903 rio
2881 844 3177 922 aegrotat
3237 836 3419 904 Besa
3434 889 3452 916 ,
3514 839 3767 903 invitus
3826 837 4017 905 abibo
4079 839 4240 921 quin
4302 858 4664 923 cognovero

2714 923 2901 1005 prius
2945 922 3159 1005 qualis
3201 924 3463 990 futurus
3506 924 3593 989 sit
3634 930 3926 990 eventus.
4017 922 4095 990 Si
4137 944 4404 1003 maneo,
4445 932 4666 989 metuo

2715 1030 2799 1073 ne
2855 1009 3140 1087 interea,
3205 1009 3366 1073 dum
3408 1017 3796 1075 cunctamur
3836 1008 4089 1075 tamdiu
4108 1060 4123 1087 ,
4170 1009 4500 1075 Dominus
4551 1030 4667 1075 nos

2712 1114 2968 1176 quoque
3001 1103 3244 1171 evocet,
3289 1114 3501 1177 neque
3542 1103 3768 1176 postea
3801 1093 3993 1160 detur
4025 1094 4236 1160 otium
4270 1115 4349 1160 ea
4391 1093 4664 1161 faciendi

2714 1197 2881 1263 quae
2924 1177 3179 1261 pridem
3225 1179 3399 1246 facta
3442 1179 3747 1263 oportuit.

2883 1263 3282 1330 Franciscus
3331 1263 3789 1346 Sampaulinus
3844 1264 4039 1331 hodie
4091 1264 4429 1331 nobiseum
4483 1264 4667 1329 fami-

2713 1348 2966 1415 liariter
3005 1348 3284 1415 eontulit
3339 1348 3420 1415 de
3485 1350 3600 1415 illa
3664 1369 3858 1432 quam
3915 1352 4086 1416 nosti
4131 1349 4590 1417 controversia.
4610 1353 4667 1432 ⁷)

2714 1433 2886 1517 Spes
2929 1445 3032 1499 est
3076 1434 3244 1500 bona
3300 1434 3381 1500 de
3445 1436 3795 1516 ministris,
3850 1436 4006 1517 quia
4049 1444 4375 1520 quaerunt
4417 1434 4669 1501 Christi

2711 1519 3026 1601 gloriam,
3098 1541 3230 1585 non
3287 1540 3492 1586 suam.
3592 1521 3697 1588 De
3749 1519 3996 1588 medico
4059 1521 4229 1586 nihil
4286 1520 4452 1585 mihi
4507 1520 4680 1590 boni.

2711 1604 3037 1687 polliceor.
3143 1605 3497 1671 Caeterum
3574 1626 3801 1671 rumor
3856 1607 3937 1671 de
3994 1607 4270 1690 epistola
4324 1626 4568 1672 excusa
4621 1627 4662 1670 a

2720 1689 2987 1754 Giraldo
3002 1691 3065 1773 3)
3120 1689 3206 1754 ad
3267 1698 3528 1757 nostros
3582 1713 3788 1776 usque
3845 1693 4166 1774 pervenit.
4253 1692 4392 1757 Vix
4434 1689 4659 1757 eredas

2711 1784 3032 1858 quantum
3068 1774 3396 1841 adiectum
3430 1776 3519 1841 sit
3551 1777 4049 1857 calumniarum,
4093 1785 4289 1861 atque
4332 1798 4409 1842 eo
4452 1775 4663 1860 magis

2711 1881 2838 1943 quo
2883 1860 3222 1943 pauciores
3265 1862 3604 1945 exemplar
3636 1861 3976 1928 viderunt:
4023 1883 4178 1928 nam
4213 1862 4662 1946 unusquisque

2709 1944 2913 2011 libere
2976 1946 3199 2011 adiicit
3260 1945 3436 2030 quod
3500 1946 3661 2012 libet
3717 1956 3786 2013 et
3842 1957 3916 2013 ut
3971 1948 4134 2014 libet
4193 1948 4661 2031 interpretatur

2711 2031 2956 2095 audita.
3045 2028 3271 2111 Quum
3315 2033 3438 2097 viri
3483 2033 3640 2098 boni
3684 2032 3962 2098 audiunt
4003 2041 4261 2100 nostros
4302 2031 4662 2099 nebulones

2709 2126 2778 2181 et
2820 2116 3230 2182 adversarios
3273 2137 3426 2183 suas
3467 2118 3537 2182 in
3578 2140 3684 2184 me
3727 2119 4088 2185 calumnias
4131 2127 4543 2196 evomentes,
4597 2126 4663 2182 et

2706 2200 3109 2286 respondent
3164 2224 3234 2267 se
3289 2203 3372 2268 iis
3429 2224 3560 2268 non
3616 2203 3909 2283 credere,
3967 2206 4319 2270 mittuntur
4373 2203 4456 2268 ad
4500 2200 4663 2268 Bal-

2705 2286 2990 2353 thasares
3008 2291 3062 2366 ⁹)
3106 2288 3220 2370 qui
3261 2288 3661 2372 exemplaria
3702 2297 3859 2355 sunt
3892 2289 4385 2374 suppeditaturi.
4453 2285 4660 2353 Vides

2707 2393 2791 2438 ex
2834 2393 2963 2454 quo
3006 2372 3169 2438 haee
3204 2374 3337 2439 sint
3375 2374 3557 2440 fonte
3592 2375 3896 2458 profecta.
3965 2377 4379 2461 Morgienses
4404 2377 4485 2452 ¹⁰)
4533 2375 4663 2457 pri-

2706 2477 2888 2522 mum
2957 2458 3110 2523 inde
3176 2458 3578 2538 hauserunt,
3639 2458 3875 2526 deinde
3940 2482 3980 2526 a
4035 2460 4522 2545 Morgiensibus
4583 2456 4664 2524 ad

2705 2552 2969 2609 nostros
3011 2544 3333 2626 pervenit.
3403 2545 3602 2629 Apud
3646 2566 3755 2610 me
3797 2567 4025 2612 omnes
4059 2545 4502 2613 dissimulant:
4551 2543 4664 2610 sed

2706 2627 3063 2694 admoneor
3105 2650 3144 2693 a
3188 2629 3351 2697 viris
3405 2629 3592 2697 bonis
3647 2631 3762 2714 qui
3817 2632 4091 2714 eupiunt
4143 2631 4396 2698 edoceri
4440 2639 4520 2696 ut
4562 2650 4667 2695 res

2705 2711 2960 2779 habeat.
3050 2713 3453 2781 Adiecerunt
3512 2716 3862 2782 Giraldum
3916 2716 3996 2783 ob
4054 2718 4406 2801 impressos
4461 2716 4667 2781 libros

2706 2819 2747 2863 a
2789 2819 2897 2864 me
2945 2802 3348 2882 conscriptes
3404 2802 3770 2867 coniectum
3823 2803 3894 2866 in
3947 2823 4303 2883 carcerem,
4358 2823 4542 2868 meos
4585 2801 4664 2866 li-

2705 2882 2857 2949 bres
2900 2904 3043 2950 esse
3085 2894 3354 2951 exustos
3371 2936 3389 2965 ,
3447 2885 3735 2969 reliquos
3791 2888 3902 2969 qui
3955 2888 4088 2952 iam
4132 2887 4430 2953 distracti
4470 2893 4668 2953 erant

2705 2988 2947 3052 magno
2983 2971 3196 3052 pretio
3230 2972 3527 3054 conquiri
3563 2980 3638 3037 ut
3671 2982 4060 3052 exurantur,
4103 2993 4211 3038 me
4247 2993 4458 3055 nuper
4491 2972 4668 3037 istuc

2702 3052 3064 3136 profectum
3110 3063 3186 3120 ut
3226 3057 3717 3141 exstinguerem
3758 3058 3936 3123 istud
3977 3058 4375 3125 incendium.
4446 3057 4664 3141 Cupio

2705 3159 2904 3223 super
2957 3138 3082 3206 hac
3134 3161 3208 3205 re
3262 3150 3455 3207 tuum
3497 3144 3726 3210 audire
3768 3144 4129 3210 consilium.
4218 3142 4666 3209 Decreveram

2703 3225 2990 3290 scribere
3032 3224 3113 3289 ad
3159 3224 3575 3294 Baithasares
3617 3229 3841 3294 literas
3882 3229 4108 3311 quales
4151 3229 4317 3294 mihi
4349 3228 4663 3295 videntur

2703 3310 2960 3376 mereri.
3050 3308 3186 3375 Sed
3229 3317 3415 3376 tuum
3458 3314 3804 3380 consilium
3838 3314 4246 3398 exspectabo.

2876 3394 3185 3461 Halteras
3238 3407 3305 3461 te
3359 3408 3660 3464 amanter
3712 3400 3974 3466 salutat.
4076 3398 4361 3484 Scripsit
4415 3397 4498 3464 ad
4555 3420 4663 3465 me

2700 3480 2869 3546 bene
2922 3480 3152 3565 longas
3200 3481 3425 3548 literas
3479 3484 3559 3549 de
3612 3485 3842 3551 multis
3896 3484 3977 3551 de
4040 3486 4279 3569 quibus
4320 3485 4663 3552 nobiscum

2702 3567 3125 3650 conqueritur
3141 3618 3158 3646 ,
3203 3569 3493 3634 maxime
3537 3590 3693 3638 vero
3733 3571 3907 3653 quod
3949 3572 4082 3636 iam
4125 3571 4356 3638 veniat
4394 3570 4468 3635 in
4512 3592 4663 3638 sus·

2704 3803 3025 3859 quanquam
3059 3803 3129 3842 m.
3153 3787 3469 3862 Septembre
3501 3790 3737 3845 edictum
3753 3791 3821 3847 de
3851 3793 4242 3861 reformatione
4274 3807 4489 3847 merim

2702 3859 3007 3926 mutantem
3051 3856 3180 3923 fuit.
3259 3858 3462 3914 Idibus
3505 3860 3744 3915 Martiis
3802 3861 3936 3915 1551
3979 3861 4203 3918 Vir-etus
4246 3862 4428 3917 dmo
4521 3875 4658 3914 ena·

2703 3931 2821 3981 tum
2865 3925 3204 3981 adiitcirca
3249 3926 3786 3998 bonapauperffius
3829 3930 4139 3999 destinata,
4188 3928 4666 3987 stadium-10·

2703 4000 2908 4050 veteres
2951 3995 3202 4064 querelae
3244 3996 3724 4064 apudDuoen-tos
3767 4016 3807 4053 a
3850 3999 4125 4055 minden-is
4165 4004 4466 4056 renovatae
4509 4003 4662 4052 mc.

2705 4063 3135 4120 Nunctandem
3177 4063 3346 4132 leuati
3389 4067 4663 4124 senamLausammvesoev-nmtetmsa

2704 4146 2931 4188 numero
2975 4131 3497 4188 administratorum
3540 4151 3767 4191 munere
3808 4137 4141 4193 abdicat-nont
4178 4141 4416 4207 propter
4442 4149 4665 4204 praees

2704 4217 2891 4326 ῗρνῖἑ
2915 4200 3350 4336 etcorfflchat,
3387 4205 3450 4257 V.
3486 4204 3592 4257 413
3626 4221 3696 4259 ss.
3735 4204 3842 4259 438
3857 4211 3956 4274 ss.)
3991 4205 4128 4261 Huc
4158 4212 4405 4276 spectare
4436 4203 4665 4260 videtur

2761 4286 2818 4327 u·
3189 4311 3200 4322 .

2951 4343 2974 4405 )
3009 4338 3109 4393 Ex
3142 4339 3494 4407 sequentibus
3527 4340 3835 4410 coucam
3865 4343 4001 4398 haec
4042 4342 4120 4398 ad
4289 4343 4430 4398 tium
4463 4342 4662 4396 Bolse-

2706 4407 2933 4462 eiamm
2977 4413 3227 4477 spectare
3273 4409 3436 4463 mus
3472 4410 3794 4478 primordia
3836 4411 3914 4467 ad
3947 4411 4093 4467 Idus
4127 4411 4325 4466 Maias
4366 4410 4664 4478 referenda

2706 4482 2855 4532 aaut.
2929 4475 3217 4532 caeterum
3250 4477 3302 4532 si
3335 4477 3462 4546 quie
3502 4477 3743 4545 sonasse
3775 4480 4032 4535 malum-it
4065 4479 4133 4535 de
4165 4481 4381 4550 amotio
4419 4479 4663 4535 oio-aras·

2704 4547 2966 4615 coeitare,
3004 4545 3072 4601 de
3104 4561 3212 4615 quo
3245 4560 3389 4610 mox,
3427 4561 3529 4601 nos
3562 4549 3921 4604 assentientes
3952 4564 4069 4603 nen
4099 4548 4336 4604 haberet.

2908 4614 2966 4678 8)
3003 4615 3101 4670 Ex
3136 4615 3541 4670 commentariis
3585 4616 3828 4673 Senatus
3874 4617 3951 4672 ad
3995 4618 4076 4670 11.
4125 4623 4177 4672 et
4213 4619 4294 4671 12.
4333 4616 4488 4670 Maii
4517 4620 4575 4670 et
4606 4615 4661 4670 9.

2701 4683 2869 4737 Ima·
2911 4682 3180 4738 discimus
3215 4682 3522 4739 airardum
3567 4686 3833 4742 edidisse.-
3886 4689 3965 4740 Le
4010 4688 4147 4740 livre
4193 4687 4262 4739 de
4311 4686 4364 4738 la
4409 4693 4557 4738 mort
4603 4690 4664 4738 et

2699 4761 2887 4820 trepas
2922 4753 2991 4805 de
3030 4754 3083 4806 la
3127 4754 3325 4806 femme
3368 4755 3436 4807 de
3471 4756 3568 4807 Mo.
3616 4757 3676 4809 Ρ.
3714 4758 3906 4820 Vir-et,
3959 4758 4013 4808 et
4053 4753 4323 4809 medicum
4365 4752 4664 4808 Restm-en·

2700 4821 3040 4901 (Texterem)
3076 4826 3325 4876 autorem
3355 4821 3548 4889 tuisse.
3603 4823 3886 4879 Gir-ardus
3906 4838 4102 4878 revera
4121 4823 4187 4877 in
4220 4837 4493 4878 carcerem
4528 4837 4660 4877 een·

2983 4890 2994 4901 ‘
3385 4891 4663 4962 umipsocalvimoeproooapudmam

2696 4896 2870 4944 sectus
2901 4890 3043 4956 fuit,
3087 4905 3277 4944 verum

2698 4958 3068 5014 ivttercesserit
3104 4963 3265 5027 patet

2692 5031 2809 5082 ms
2840 5027 2962 5154 ⁰¹75.ss
3002 5043 3208 5177 Chelis..
3247 5034 3543 5178 14⁶3.not.
3578 5097 3632 5150 2.
3813 5167 3824 5179 .
3906 5166 3917 5177 υ
4064 5166 4075 5178 .
4438 5166 4450 5178 ·

2873 5165 2964 5232 10)
2999 5164 3097 5218 An
3131 5164 3417 5221 mmmm?
3505 5167 3698 5221 Verum
3739 5166 3820 5221 ibt
3864 5165 4074 5234 unqu&
4106 5170 4326 5220 tantum

2695 5232 2931 5301 dmm,
3064 5233 3222 5288 ‘mum
3268 5235 3386 5289 Iac.
3436 5232 3632 5291 Gallus
3677 5235 3948 5303 (Ιισοος),
3973 5238 4188 5303 poma
4221 5235 4306 5290 Io.

2695 5302 2791 5370 (de
2822 5301 2881 5357 la
2915 5301 2973 5356 P
3055 5303 3123 5371 e).
3195 5302 3423 5358 Ruchat
3457 5305 3548 5358 IV.
3583 5303 3705 5359 405.
3773 5302 4149 5373 Horma-Aura
4181 5305 4282 5359 1v.
4318 5303 4401 5358 92.

4570 5169 4658 5224 vi-
