4900 6167
753 443 877 506 315

747 628 893 695 istic
938 627 1180 695 habent
1218 628 1328 713 qui
1383 650 1462 696 su
1508 626 1807 712 peditent
1861 627 2120 695 abunde
2174 628 2345 713 quod
2401 650 2442 694 a
2506 626 2692 718 nobis

834 716 960 779 tuit
1001 715 1385 796 exspectari.
1554 715 2052 781 mmonefaeiam
2096 721 2315 780 tamen
2361 713 2695 781 Calvinum

915 799 996 865 de
1055 820 1126 865 re
1148 851 1165 878 ,
1222 820 1417 883 quem
1473 822 1580 867 me
1645 821 1840 884 spero
1891 798 1975 865 ad
2020 799 2301 866 Veneris
2352 800 2695 887 proximae

745 884 922 951 diem
962 905 1178 952 coram
1224 884 1730 970 alloquuturum.
1819 884 1995 952 Besa
2035 887 2203 951 istuc
2244 886 2444 953 etiam
2486 884 2696 951 literis

748 970 1120 1048 vocabatur,
1165 972 1280 1037 sed
1323 971 1532 1038 literis
1575 994 1648 1038 se
1691 979 1977 1048 excusat,
2018 972 2171 1055 quia
2212 971 2406 1037 valde
2448 970 2547 1036 illi
2590 971 2693 1035 in·

745 1053 1155 1123 commodum
1198 1068 1299 1123 est
1338 1057 1423 1124 ad
1457 1079 1612 1125 eum
1655 1079 1727 1124 se
1768 1058 1935 1124 istuc
1969 1057 2199 1123 sistere
2244 1056 2418 1122 diem
2453 1058 2564 1140 qui
2598 1055 2696 1121 illi

745 1142 1146 1228 praefigitur.
1237 1144 1447 1211 Taceo
1492 1143 1749 1227 publica
1806 1142 2069 1227 negotia
2131 1164 2298 1227 quae
2357 1144 2499 1209 sine
2542 1161 2694 1227 gra-

745 1229 1035 1296 vissimis
1076 1232 1289 1296 causis
1321 1229 1569 1315 negligi
1610 1251 1746 1296 non
1778 1238 2053 1313 possunt
2098 1265 2692 1278 —————

742 1315 1141 1382 Lausannae
1190 1319 1284 1380 11.
1330 1316 1495 1383 Maii
1548 1320 1727 1381 1552.

1716 1451 1898 1517 Tuus
1940 1452 2182 1517 Petrus
2225 1450 2518 1516 Viretus.

1499 1763 1907 1772 —————

1315 2061 1351 2093 ,
1630 1997 1819 2068 1⁶21.

1251 2154 1494 2223 BEZA
1537 2153 2172 2223 summense.

918 2325 1136 2394 Multa
1188 2331 1246 2393 st
1299 2328 1484 2392 varia
1525 2325 1713 2392 ‘habet
1768 2327 1844 2392 de
1899 2324 2100 2393 libello
2143 2325 2506 2412 Bullinyeri
2546 2347 2589 2393 α
2631 2347 2699 2395 se

741 2413 968 2498 gallice
999 2432 1193 2492 verse,
1237 2413 1315 2479 de
1363 2410 1803 2478 Werdmauori
1843 2416 2040 2479 morte
2080 2417 2138 2477 et
2174 2411 2441 2482 Gesneri
2474 2414 2696 2495 morbo,

745 2499 822 2563 de
869 2497 1122 2564 Galliae
1180 2498 1415 2564 misera
1468 2497 1809 2564 conditione
1861 2502 1920 2563 et
1974 2497 2118 2565 beni
2170 2497 2565 2579 tumultibuS,
2620 2500 2698 2574 de

744 2584 1044 2651 studiosis
1104 2583 1549 2650 Tmo-sibus
1605 2582 1988 2650 memae
2034 2603 2273 2664 parum
2327 2586 2591 2652 modeste
2630 2606 2697 2652 se

741 2668 1123 2755 meatibus,
1186 2669 1449 2753 denique
1503 2675 1557 2735 et
1615 2669 2563 2756 deiisquinuperlmyduni
2623 2673 2695 2737 in

742 2755 997 2824 vincula
1037 2754 1286 2822 coniecti
1324 2756 1596 2836 fuerunt.

743 2926 853 2992 (Ex
882 2927 1220 2996 autographo
1238 2926 1364 2982 cod.
1392 2926 1593 2982 Gener.
1632 2923 1749 2994 118,
1784 2926 1876 2981 fol.
1896 2925 2013 2981 124.
2067 2926 2259 2982 Edidit
2275 2928 2445 2982 Baum
2463 2925 2506 2980 1.
2541 2925 2692 2994 422.)

910 3098 1179 3165 Eximio
1230 3097 1479 3166 Christi
1550 3118 1744 3165 servo
1815 3095 1902 3163 D.
1964 3096 2246 3163 Henrico
2303 3096 2692 3182 Bullingero

740 3183 1101 3269 Tigurinae
1145 3184 1452 3251 ecclesiae
1494 3185 1743 3268 pastori
1788 3182 2189 3251 fidelissimo.
2270 3268 2345 3334 T·
2483 3269 2497 3282 .

2326 3290 2519 3353 igun.

913 3405 984 3473 S.
1042 3415 1105 3472 et
1158 3405 1438 3490 gratiam
1501 3428 1541 3471 a
1599 3405 1908 3470 Domino.
1996 3405 2082 3470 D.
2141 3403 2541 3485 Blaurerus,
2600 3407 2692 3472 mi

741 3506 954 3580 pater,
997 3492 1158 3558 duos
1220 3490 1473 3556 libellos
1529 3489 1768 3556 latinos
1812 3490 1895 3555 ad
1940 3510 2045 3556 me
2087 3490 2300 3570 misit,
2366 3512 2531 3575 quos
2574 3513 2693 3576 pro

741 3578 1031 3647 eeclesiis
1089 3575 1485 3660 evangelicis
1536 3596 1749 3658 nuper
1805 3575 2140 3660 scripsisti.
2164 3579 2216 3660 ¹)
2302 3578 2554 3643 Eorum
2598 3578 2692 3643 al-

738 3677 977 3743 terum,
1021 3672 1098 3728 ut
1140 3661 1420 3738 volebas,
1467 3659 1631 3726 mihi
1675 3661 1938 3740 retinui,
1984 3661 2265 3729 alterum
2309 3665 2392 3729 D.
2436 3662 2694 3730 Calvino

740 3771 959 3817 coram
993 3747 1263 3824 reddidi,
1309 3747 1419 3831 qui
1465 3746 1580 3812 tibi
1627 3766 1884 3813 mecum
1916 3768 2036 3831 pro
2071 3768 2149 3814 eo
2199 3749 2519 3835 singulari
2552 3771 2689 3815 mu-

743 3856 900 3901 nere
942 3856 1215 3919 magnas
1259 3834 1396 3918 agit
1452 3834 1715 3918 gratias.
1803 3833 2013 3900 Paulo
2067 3847 2218 3919 post
2271 3836 2490 3921 accepi
2545 3855 2586 3899 a
2629 3846 2692 3901 te

742 3920 1084 4003 epistolam
1143 3919 1361 3986 datam
1420 3920 1502 3986 ad
1562 3942 1673 3984 xx.
1716 3918 1971 4003 Aprilis
2012 3941 2165 3987 cum
2218 3923 2497 4006 geminis
2555 3920 2692 4006 gal-

740 4004 886 4070 licis
927 4004 1185 4082 libellis,
1207 4008 1265 4077 2)
1310 4005 1391 4071 de
1425 4005 1661 4088 quibus
1695 4006 1789 4071 sic
1825 4003 2009 4072 habe.
2080 4004 2271 4087 Quod
2315 4028 2391 4073 eo
2427 4008 2690 4073 nomine

741 4091 1021 4175 gratiam
1084 4089 1244 4155 mihi
1299 4090 1669 4157 habendam
1726 4105 1948 4175 putes,
2013 4090 2084 4156 id
2143 4092 2357 4175 ipsum
2410 4113 2519 4159 me
2570 4113 2689 4176 pro

737 4185 915 4241 certo
951 4176 1117 4241 scire
1160 4174 1343 4240 nullo
1385 4197 1532 4242 meo
1574 4177 1809 4243 merito
1853 4176 1968 4243 abs
2012 4189 2079 4242 te
2121 4177 2282 4256 fieri,
2325 4176 2439 4244 sed
2481 4177 2687 4245 abun·

738 4260 968 4326 dantia
1023 4260 1306 4344 quadam
1366 4264 1603 4328 amoris
1656 4284 1817 4349 erga
1881 4273 1949 4329 te
2002 4263 2152 4328 mei.
2257 4260 2447 4346 Quod
2507 4266 2688 4348 potui

734 4366 895 4414 sane
938 4347 1239 4429 praestiti
1273 4348 1579 4413 ecelesiae
1602 4349 1729 4416 Dei
1771 4359 1840 4416 et
1874 4348 2029 4415 tibi:
2076 4346 2192 4415 sed
2222 4349 2366 4429 hoc,
2401 4350 2686 4429 obsecro,

780 4453 935 4498 uam
970 4432 1116 4500 leve
1150 4431 1295 4499 est?
1358 4454 1556 4517 quam
1600 4435 1964 4520 exiguum?
2011 4455 2207 4518 quam
2244 4433 2438 4519 plane
2473 4436 2683 4502 nihil?

807 4531 874 4583 et
911 4518 1073 4583 mihi
1117 4516 1446 4585 Dominus
1490 4535 1566 4584 ut
1608 4520 1675 4585 in
1719 4521 1865 4586 eius
1909 4519 2173 4586 domum
2216 4519 2686 4589 aedificandam

735 4604 985 4687 possim
1050 4601 1400 4687 aliquando
1453 4606 1666 4690 magis
1709 4612 2051 4672 strenuam
2109 4625 2375 4689 operam
2417 4629 2685 4686 navare,

733 4687 857 4757 tibi
902 4710 1078 4766 vero,
1124 4690 1215 4754 mi
1257 4701 1444 4772 pater
1459 4739 1475 4766 ,
1520 4702 1596 4756 ut
1638 4690 1750 4757 diu
1795 4700 1864 4757 et
1904 4691 2160 4757 fortiter
2202 4700 2272 4757 et
2311 4703 2690 4762 constanter

734 4793 972 4861 pergas
1013 4776 1081 4841 in
1127 4773 1425 4842 aedificio
1470 4771 1673 4843 semel
1716 4785 2035 4861 suscepto.

908 4860 1120 4928 Venio
1182 4859 1265 4924 ad
1309 4860 1582 4928 alteram
1626 4863 1939 4947 epistolae
1983 4872 2134 4930 tuae
2176 4871 2465 4948 partem,
2524 4888 2690 4951 quae

736 5035 863 5045 ..ο-

735 5150 1175 5275 mci-mam
1208 5150 1323 5207 ⁸0⁸2-
1359 5152 1702 5224 exemplar-’a
1732 5154 1988 5225 opusc-ao·
2019 5155 2090 5211 de
2126 5154 2469 5211 Pei-sectione
2504 5155 2690 5212 Chris-

941 5288 2690 5423 Qwopuoelimsioafflmoeumiphm

2262 436 2781 506 EPIS'POLAE
2830 440 3249 504 1620—1622

4582 448 4683 513 316

2795 647 2903 692 me
2946 647 3104 693 sane
3143 627 3436 710 graviter
3490 647 3609 710 pro
3663 648 3744 693 eo
3797 647 3873 693 ac
3930 624 4153 695 debuit
4195 629 4543 696 commovit.
4617 634 4686 700 D.

2802 712 3029 778 Othoni
3042 715 3100 793 ⁸)
3146 711 3442 797 gratulor
3480 712 3739 788 felicem
3780 725 3847 780 ct
3901 723 4337 799 opportunum
4378 713 4686 783 discessum

2795 797 2880 864 ad
2923 797 3284 863 Dominum
3328 799 3548 864 Deum
3590 807 3909 865 nostrum.
3997 799 4325 866 Ecclesiae
4376 801 4571 868 vicem
4606 803 4710 868 lu-=

2796 904 2917 966 geo
2960 883 3133 967 quod
3176 884 3420 967 optimo
3463 892 3532 950 et
3571 883 3945 951 doctissimo
3980 885 4123 952 viro
4165 887 4251 951 sit
4290 886 4519 953 orbata.
4577 886 4689 955 Sed

2797 969 2923 1036 hoe
2957 970 3291 1048 nimirum,
3325 978 3396 1035 et
3429 970 3536 1035 his
3568 969 3763 1054 longe
3785 971 4107 1056 graviora,
4144 979 4422 1036 meretur
4440 975 4692 1039 omnium

2794 1075 2922 1206 ¹13⁰?
2924 1054 4150 1225 mci'ssssr’fiss‘tssffimassimffiffiffi
4149 1056 4694 1221 ῗῗῦῗῗιᾝῶὲξ

2796 1226 2964 1291 mibi
3008 1235 3360 1292 occurrunt
3401 1246 3550 1304 cur,
3616 1227 3674 1293 si
3718 1226 3906 1295 nobis
3949 1237 4053 1294 est
4110 1235 4400 1312 ereptus,
4462 1228 4696 1295 debeam

2794 1311 2896 1376 illi
2960 1313 3176 1396 potius
3229 1312 3551 1395 gratulari
3614 1333 3809 1396 quam
3873 1314 4168 1397 graviter
4229 1314 4545 1380 afflictari:
4602 1314 4696 1381 sed

2796 1397 3271 1562 &Rufi-33⁶3.
3294 1395 4696 1568 {tssfflfflffiuwffifflffiffi

2796 1569 2910 1654 qui
2957 1589 3153 1652 quam
3196 1569 3362 1635 mihi
3404 1568 3696 1636 accidere
3750 1570 3966 1653 potuit
4020 1570 4142 1638 hoe
4199 1581 4482 1654 tempore
4654 1572 4666 1585 “

2796 1653 3104 1721 acerbum
3148 1675 3223 1720 ac
3266 1653 3652 1720 luctuosum.
3743 1654 3849 1720 Ad
3892 1675 4044 1721 eum
4104 1677 4231 1721 non
4277 1657 4506 1735 scribo,
4636 1677 4696 1722 eo

2797 1761 2945 1806 sum
2987 1740 3221 1824 plenus
3262 1739 3522 1807 solliciti
3566 1741 3834 1807 timoris.
3919 1740 4056 1808 Sed
4099 1742 4266 1819 vide,
4309 1743 4560 1809 obsecro
4574 1793 4588 1821 ‚
4637 1751 4698 1807 ut

2796 1824 3011 1909 primo
3056 1847 3313 1909 quoque
3378 1837 3670 1909 tempere
3734 1847 3855 1891 nos
3917 1827 4153 1893 liberes
4195 1825 4317 1895 hoc
4358 1838 4556 1906 metu,
4614 1827 4696 1892 vel

2796 1918 2993 1990 certe,
3038 1912 3095 1978 si
3137 1911 3376 1979 accidit
3415 1910 3586 1994 quod
3619 1913 3888 1977 minime
3930 1913 4228 1979 omnium
4263 1913 4428 1992 volo,
4473 1933 4698 1980 soom

2798 2008 2932 2063 tam
2977 1997 3482 2064 consolationem
3549 2017 3754 2081 pares.
3845 1995 3979 2064 Sed
4035 1999 4290 2065 utinam
4343 2009 4701 2083 postremum

2798 2082 2920 2150 hoc
2961 2084 3251 2151 officium
3293 2084 3563 2148 minime
3604 2083 3692 2149 sit
3731 2085 4189 2150 necessarium.

2970 2169 3163 2251 Quod
3208 2170 3446 2235 attinet
3500 2166 3583 2234 ad
3624 2167 3879 2235 libellos
3921 2170 4194 2254 gallicos
4250 2170 4330 2236 de
4382 2171 4599 2254 quibus
4634 2169 4701 2233 ad

2795 2276 2904 2321 me
2946 2254 3193 2334 scribis,
3238 2276 3320 2321 ea
3358 2276 3537 2322 nuno
3573 2264 3676 2321 est
3707 2263 4082 2339 temporum
4117 2267 4186 2322 et
4221 2257 4546 2323 hominum
4576 2275 4701 2322 eon·

2798 2339 2960 2406 ditio
2993 2350 3071 2406 ut
3102 2341 3433 2426 praesenti
3587 2340 3745 2406 unia
3778 2342 3848 2405 in
3881 2340 3987 2407 his
4020 2342 4396 2427 regionibus
4437 2342 4542 2406 vix
4580 2361 4701 2424 pos-

2796 2426 2931 2493 sint
2975 2426 3269 2493 distrahi.
3360 2425 3451 2494 Se
3540 2435 4026 2492 consueverunt
4079 2429 4291 2493 nostri
4350 2438 4379 2493 t
4503 2425 4701 2511 graphi

2797 2513 2996 2579 fldem
3053 2513 3239 2597 sequi
3296 2523 3623 2580 certorum
3685 2512 4026 2578 hominum
4080 2512 4317 2596 quibus
4417 2509 4702 2578 uiusmodi

2798 2597 3056 2665 libellos
3096 2600 3520 2665 committunt
3564 2619 3680 2682 per
3723 2597 3985 2664 Galliae
4043 2600 4349 2667 eeclesias
4401 2598 4558 2665 clam
4595 2596 4701 2661 dis·

2798 2683 3182 2770 pergendos.
3290 2684 3474 2750 Fieri
3535 2693 3753 2749 autem
3817 2684 3888 2749 id
3952 2683 4117 2750 solet
4180 2683 4701 2772 typographorum

2797 2769 3106 2853 periculo,
3152 2769 3321 2854 quod
3360 2767 3729 2835 huiusmodi
3763 2768 4076 2849 homines,
4122 2771 4366 2857 alioqui
4399 2791 4525 2836 non
4556 2767 4701 2844 mali,

2797 2876 2993 2939 saepe
3055 2876 3208 2922 cum
3270 2854 3596 2921 mercibus
3655 2854 4010 2939 intercepti
4064 2856 4275 2924 vitam
4378 2878 4449 2923 ro
4488 2852 4701 2921 Christi

2796 2941 3063 3007 nomine
3097 2940 3426 3006 amittant.
3492 2940 3678 3005 Haec
3709 2947 3811 3005 est
3843 2941 4156 3008 nimirum
4191 2880 4450 3010 Galliae
4481 2948 4702 3006 nostrae

2797 3028 3077 3094 miserae
3118 3023 3398 3092 conditio
3417 3077 3431 3104 ,
3496 3035 3565 3089 et
3607 3039 3825 3091 tamen
3875 3027 3997 3092 vix
4041 3027 4269 3095 credas
4311 3048 4502 3113 quam
4540 3023 4703 3091 multi

2796 3133 2943 3179 sese
3004 3110 3288 3177 libenter
3340 3111 3444 3178 his
3502 3111 3805 3194 periculis
3859 3112 4174 3180 obiiciant
4190 3166 4205 3193 ,
4274 3124 4351 3180 ut
4401 3111 4703 3181 aedificent

2796 3198 3138 3267 ecelesiam
3180 3197 3325 3263 Dei.
3413 3197 3746 3297 Respiciet
3787 3219 3908 3265 nos
3951 3199 4279 3267 Dominus
4341 3201 4411 3266 in
4453 3210 4702 3294 temporo

2795 3283 3888 3453 {Repoffitiongufflplselctffegatig
3914 3287 4402 3451 utgtffiffirrgfflg,
4432 3284 4705 3468 ῗιὶιῧξέἒιιζ

2795 3454 2903 3522 hic
2947 3455 3365 3523 distrahetur.
3427 3476 3579 3538 pars
3621 3454 3831 3521 altera
3878 3456 4184 3538 periculis
4227 3477 4396 3541 quae
4438 3454 4567 3521 din
4600 3459 4703 3518 ent

2792 3542 3091 3609 obnoxia.
3179 3539 3441 3608 Curabo
3495 3548 3712 3607 autem
3768 3556 3846 3607 ut
3894 3540 4094 3626 probo
4151 3555 4219 3609 et
4274 3542 4450 3609 fideli
4490 3536 4704 3606 homini

2794 3628 3017 3694 omnia
3059 3626 3574 3693 committantur.

2965 3714 3069 3779 De
3112 3713 3432 3779 bellorum
3491 3712 3878 3778 tumultibus
3927 3713 4093 3779 nihil
4154 3714 4364 3782 habeo
4420 3709 4579 3798 quod
4625 3707 4704 3772 di·

2791 3820 2968 3878 cam,
3034 3799 3165 3864 nisi
3207 3796 3333 3865 hoc
3389 3819 3612 3864 unum.
3701 3798 3923 3880 Quum
3981 3798 4141 3865 haec
4187 3801 4270 3867 ab
4305 3801 4388 3867 iis
4432 3794 4705 3865 adminis-

2791 3894 3053 3950 trentur
3086 3885 3200 3968 qui
3234 3882 3317 3949 de
3339 3883 3591 3951 Christi
3625 3882 3832 3967 gloria
3866 3884 4030 3950 nihil
4065 3886 4375 3970 cogitent,
4413 3885 4541 3949 imo
4572 3899 4704 3946 vero

2790 3969 3046 4036 Christi
3091 3970 3352 4037 nomine
3396 3969 3478 4035 ad
3517 3970 3860 4054 tegendam
3898 3991 4084 4037 suam
4121 3971 4538 4038 ambit-ionem
4572 3966 4704 4032 abu·

2790 4064 3017 4121 tantur
3032 4107 3047 4133 ,
3124 4076 3257 4121 non
3317 4054 3510 4121 video
3571 4055 3728 4139 quid
3806 4054 3962 4121 laeti
4023 4077 4287 4139 sperare
4369 4056 4702 4122 debeamus.

2790 4141 2996 4209 Nobis
3038 4149 3216 4208 certe
3250 4142 3763 4224 exspectandum
3796 4141 3967 4224 quod
4005 4154 4348 4209 merentur
4379 4142 4491 4226 qui
4509 4137 4703 4208 Chris·

2792 4238 2934 4295 tum
2977 4226 3281 4294 omnibus
3327 4237 3739 4310 postponunt.
3807 4227 3954 4313 Ego
3988 4227 4252 4311 quidem
4301 4251 4404 4295 me
4439 4241 4704 4308 comparo

2789 4314 2874 4381 ad
2917 4324 3244 4392 extrema,
3314 4313 3569 4398 quoties
3612 4333 3837 4379 eorum
3881 4313 4250 4381 socordiam
4292 4311 4703 4381 animadverto

2787 4400 3028 4484 quibus
3084 4399 3410 4466 Dominus
3475 4400 3789 4483 mysteria
3846 4421 3967 4466 sua
4033 4400 4275 4466 nostris
4340 4393 4703 4483 temporibus

2789 4486 3125 4552 revelavit.
3189 4485 3471 4552 Necesse
3514 4493 3615 4550 est
3654 4484 3828 4550 enim
3873 4494 3950 4551 ut
3991 4484 4098 4553 hic
4134 4496 4541 4570 contemptus
4580 4479 4704 4546 vin·

2790 4571 3062 4639 dicetur.
3130 4572 3321 4656 Roga
3361 4569 3564 4656 igitur
3583 4568 3963 4648 Dominum,
4010 4581 4082 4637 ut
4121 4572 4303 4651 facis,
4350 4593 4466 4656 pro
4499 4567 4705 4636 misor·

2978 4885 3052 4962 03)
3096 4879 3220 4935 Otto
3249 4876 3674 4960 wudu-allerias
3699 4877 4015 4934 Mensis
4040 4878 4288 4948 patricio
4319 4892 4514 4962 qaum
4532 4877 4697 4958 μιν,

2787 4964 3090 5005 moment
3139 4954 3194 5003 st
3250 4947 3682 5003 orohtdaeaeomoe
3731 4948 3984 5003 sodomae
4032 4945 4393 5017 ωΰιοόωῑω,
4456 4946 4584 5003 obt-t
4625 4937 4698 4993 25·

2790 5019 2998 5075 Martii
3027 5036 3084 5073 a.
3116 5023 3208 5099 aa
3258 5016 3692 5141 quadragesi-no.
3737 5016 3984 5096 stHallsr
4017 5016 4168 5086 Eph.
4196 5033 4259 5087 p.
4297 5018 4406 5082 99.)
4451 5011 4698 5072 manu·

2993 5160 3055 5223 4)
3238 5160 3478 5225 tenpore
3528 5101 3694 5222 ἔξω
3746 5154 3929 5209 morbo
3986 5152 4214 5220 manns
4256 5158 4404 5221 erat,
4458 5155 4698 5208 enm

2787 5240 2998 5294 semper
3028 5226 3183 5281 ems
3214 5225 3298 5280 ita
3330 5237 3648 5293 oppressum
3685 5215 4695 5303 mmmdcc-nomadum·

2785 5364 2890 5420 lem
2919 5363 3117 5431 faciem
3143 5379 3289 5433 prae
3322 5377 3380 5418 se
3411 5360 3610 5415 tulerit.
3679 5295 3990 5430 (Ἔαῗὴηανι,
4029 5361 4076 5418 0
4180 5377 4338 5417 emer
4367 5380 4427 5432 p.
4463 5356 4596 5424 138.)
