<?xml version="1.0" encoding="UTF-8"?>
<!DOCTYPE html PUBLIC "-//W3C//DTD XHTML 1.0 Transitional//EN"
    "http://www.w3.org/TR/xhtml1/DTD/xhtml1-transitional.dtd">
<html xmlns="http://www.w3.org/1999/xhtml" xml:lang="en" lang="en">
 <head>
  <title>
</title>
<meta http-equiv="Content-Type" content="text/html;charset=utf-8" />
  <meta name='ocr-system' content='tesseract 3.04.00' />
  <meta name='ocr-capabilities' content='ocr_page ocr_carea ocr_par ocr_line ocrx_word'/>
</head>
<body>
  <div class='ocr_page' id='page_1' title='image "./ioanniscalvinio03unkngoog_0301.png"; bbox 0 0 4900 6167; ppageno 0'>
   <div class='ocr_carea' id='block_1_1' title="bbox 83 942 98 3185">
    <p class='ocr_par' dir='ltr' id='par_1_1' title="bbox 83 942 98 3185">
     <span class='ocr_line' id='line_1_1' title="bbox 83 942 98 3185; baseline 0 0"><span class='ocrx_word' id='word_1_1' title='bbox 83 942 98 3185; x_wconf 95' lang='lat' dir='ltr'><strong> </strong></span> 
     </span>
    </p>
   </div>
   <div class='ocr_carea' id='block_1_2' title="bbox 237 360 335 423">
    <p class='ocr_par' dir='ltr' id='par_1_2' title="bbox 237 360 335 423">
     <span class='ocr_line' id='line_1_2' title="bbox 237 360 335 423; baseline -0.02 0"><span class='ocrx_word' id='word_1_2' title='bbox 237 360 335 423; x_wconf 81' lang='lat'><strong>5⁷3</strong></span> 
     </span>
    </p>
   </div>
   <div class='ocr_carea' id='block_1_3' title="bbox 90 543 2157 800">
    <p class='ocr_par' dir='ltr' id='par_1_3' title="bbox 90 543 2157 800">
     <span class='ocr_line' id='line_1_3' title="bbox 233 543 2157 629; baseline -0.001 -18"><span class='ocrx_word' id='word_1_3' title='bbox 233 546 317 611; x_wconf 88' lang='lat' dir='ltr'><strong>die</strong></span> <span class='ocrx_word' id='word_1_4' title='bbox 372 544 503 611; x_wconf 86' lang='lat' dir='ltr'><strong>sint</strong></span> <span class='ocrx_word' id='word_1_5' title='bbox 566 543 941 610; x_wconf 78' lang='lat' dir='ltr'><strong>tolerabiles</strong></span> <span class='ocrx_word' id='word_1_6' title='bbox 1003 544 1320 624; x_wconf 87' lang='lat' dir='ltr'><strong>ministri,</strong></span> <span class='ocrx_word' id='word_1_7' title='bbox 1403 546 1580 610; x_wconf 90' lang='lat' dir='ltr'><strong>hunc</strong></span> <span class='ocrx_word' id='word_1_8' title='bbox 1646 554 1714 611; x_wconf 92' lang='lat' dir='ltr'><strong>et</strong></span> <span class='ocrx_word' id='word_1_9' title='bbox 1765 543 2044 629; x_wconf 89' lang='lat' dir='ltr'><strong>probum</strong></span> <span class='ocrx_word' id='word_1_10' title='bbox 2089 554 2157 610; x_wconf 91' lang='lat' dir='ltr'><strong>et</strong></span> 
     </span>
     <span class='ocr_line' id='line_1_4' title="bbox 90 629 2155 716; baseline -0.001 -18"><span class='ocrx_word' id='word_1_11' title='bbox 90 654 91 707; x_wconf 78' lang='lat' dir='ltr'><strong>j</strong></span> <span class='ocrx_word' id='word_1_12' title='bbox 232 631 579 716; x_wconf 80' lang='lat' dir='ltr'><strong>diligentem</strong></span> <span class='ocrx_word' id='word_1_13' title='bbox 622 639 691 696; x_wconf 91' lang='lat' dir='ltr'><strong>et</strong></span> <span class='ocrx_word' id='word_1_14' title='bbox 748 630 894 696; x_wconf 89' lang='lat' dir='ltr'><strong>aliis</strong></span> <span class='ocrx_word' id='word_1_15' title='bbox 938 629 1201 696; x_wconf 88' lang='lat' dir='ltr'><strong>dotibus</strong></span> <span class='ocrx_word' id='word_1_16' title='bbox 1252 629 1450 697; x_wconf 90' lang='lat' dir='ltr'><strong>laude</strong></span> <span class='ocrx_word' id='word_1_17' title='bbox 1493 629 1714 715; x_wconf 78' lang='lat' dir='ltr'>dignis</span> <span class='ocrx_word' id='word_1_18' title='bbox 1754 631 2155 697; x_wconf 86' lang='lat' dir='ltr'><strong>instructum</strong></span> 
     </span>
     <span class='ocr_line' id='line_1_5' title="bbox 229 714 2154 800; baseline 0.001 -18"><span class='ocrx_word' id='word_1_19' title='bbox 229 719 469 782; x_wconf 91' lang='lat' dir='ltr'><strong>minime</strong></span> <span class='ocrx_word' id='word_1_20' title='bbox 509 715 982 800; x_wconf 89' lang='lat' dir='ltr'><strong>aspernaberis.</strong></span> <span class='ocrx_word' id='word_1_21' title='bbox 1054 714 1411 783; x_wconf 77' lang='lat' dir='ltr'><strong>Caeterum</strong></span> <span class='ocrx_word' id='word_1_22' title='bbox 1447 723 1525 782; x_wconf 89' lang='lat' dir='ltr'><strong>ut</strong></span> <span class='ocrx_word' id='word_1_23' title='bbox 1565 716 1989 783; x_wconf 82' lang='lat' dir='ltr'><strong>offensionem</strong></span> <span class='ocrx_word' id='word_1_24' title='bbox 2034 717 2154 783; x_wconf 91' lang='lat' dir='ltr'><strong>abs</strong></span> 
     </span>
    </p>
   </div>
   <div class='ocr_carea' id='block_1_4' title="bbox 90 801 2152 973">
    <p class='ocr_par' dir='ltr' id='par_1_4' title="bbox 90 801 2152 973">
     <span class='ocr_line' id='line_1_6' title="bbox 90 801 2151 889; baseline -0.001 -20"><span class='ocrx_word' id='word_1_25' title='bbox 90 824 93 861; x_wconf 42' lang='grc' dir='ltr'><strong>ὲ</strong></span> <span class='ocrx_word' id='word_1_26' title='bbox 227 818 280 869; x_wconf 87' lang='lat' dir='ltr'><strong>te</strong></span> <span class='ocrx_word' id='word_1_27' title='bbox 308 801 616 869; x_wconf 84' lang='lat' dir='ltr'><strong>hactenus</strong></span> <span class='ocrx_word' id='word_1_28' title='bbox 650 811 1033 886; x_wconf 75' lang='lat' dir='ltr'><strong>conceptam</strong></span> <span class='ocrx_word' id='word_1_29' title='bbox 1068 802 1330 868; x_wconf 89' lang='lat' dir='ltr'><strong>silentio</strong></span> <span class='ocrx_word' id='word_1_30' title='bbox 1366 812 1591 889; x_wconf 88' lang='lat' dir='ltr'><strong>tegere</strong></span> <span class='ocrx_word' id='word_1_31' title='bbox 1626 804 1795 869; x_wconf 87' lang='lat' dir='ltr'><strong>forte</strong></span> <span class='ocrx_word' id='word_1_32' title='bbox 1829 802 2151 886; x_wconf 85' lang='lat' dir='ltr'><strong>expediet,</strong></span> 
     </span>
     <span class='ocr_line' id='line_1_7' title="bbox 90 887 2152 973; baseline -0 -19"><span class='ocrx_word' id='word_1_33' title='bbox 90 900 93 917; x_wconf 61' lang='lat'><em>³</em></span> <span class='ocrx_word' id='word_1_34' title='bbox 224 892 300 954; x_wconf 82' lang='lat' dir='ltr'><strong>ita</strong></span> <span class='ocrx_word' id='word_1_35' title='bbox 336 888 405 952; x_wconf 92' lang='lat' dir='ltr'><strong>in</strong></span> <span class='ocrx_word' id='word_1_36' title='bbox 446 897 810 972; x_wconf 89' lang='lat' dir='ltr'><strong>posterum,</strong></span> <span class='ocrx_word' id='word_1_37' title='bbox 868 887 926 952; x_wconf 91' lang='lat' dir='ltr'><strong>si</strong></span> <span class='ocrx_word' id='word_1_38' title='bbox 969 887 1127 973; x_wconf 91' lang='lat' dir='ltr'><strong>quid</strong></span> <span class='ocrx_word' id='word_1_39' title='bbox 1167 899 1418 971; x_wconf 90' lang='lat' dir='ltr'><strong>peccet,</strong></span> <span class='ocrx_word' id='word_1_40' title='bbox 1474 888 1679 955; x_wconf 83' lang='lat' dir='ltr'><strong>libere</strong></span> <span class='ocrx_word' id='word_1_41' title='bbox 1722 909 1872 954; x_wconf 93' lang='lat' dir='ltr'><strong>cum</strong></span> <span class='ocrx_word' id='word_1_42' title='bbox 1916 909 1994 953; x_wconf 94' lang='lat' dir='ltr'><strong>eo</strong></span> <span class='ocrx_word' id='word_1_43' title='bbox 2038 910 2152 954; x_wconf 85' lang='lat' dir='ltr'><strong>ex·</strong></span> 
     </span>
    </p>
   </div>
   <div class='ocr_carea' id='block_1_5' title="bbox 213 974 2151 2266">
    <p class='ocr_par' dir='ltr' id='par_1_5' title="bbox 224 974 2151 1232">
     <span class='ocr_line' id='line_1_8' title="bbox 225 974 2151 1059; baseline -0.001 -19"><span class='ocrx_word' id='word_1_44' title='bbox 225 975 526 1059; x_wconf 87' lang='lat' dir='ltr'><strong>postulare</strong></span> <span class='ocrx_word' id='word_1_45' title='bbox 595 974 986 1057; x_wconf 79' lang='lat' dir='ltr'><strong>praestabit:</strong></span> <span class='ocrx_word' id='word_1_46' title='bbox 1069 974 1263 1040; x_wconf 89' lang='lat' dir='ltr'><strong>modo</strong></span> <span class='ocrx_word' id='word_1_47' title='bbox 1329 996 1415 1040; x_wconf 92' lang='lat' dir='ltr'><strong>ne</strong></span> <span class='ocrx_word' id='word_1_48' title='bbox 1483 977 1555 1040; x_wconf 88' lang='lat' dir='ltr'><strong>in</strong></span> <span class='ocrx_word' id='word_1_49' title='bbox 1627 974 1974 1041; x_wconf 81' lang='lat' dir='ltr'><strong>dissidium</strong></span> <span class='ocrx_word' id='word_1_50' title='bbox 2043 994 2151 1039; x_wconf 88' lang='lat' dir='ltr'><strong>res</strong></span> 
     </span>
     <span class='ocr_line' id='line_1_9' title="bbox 225 1059 2149 1146; baseline -0.001 -19"><span class='ocrx_word' id='word_1_51' title='bbox 225 1070 511 1145; x_wconf 86' lang='lat' dir='ltr'><strong>erumpat.</strong></span> <span class='ocrx_word' id='word_1_52' title='bbox 602 1059 803 1126; x_wconf 85' lang='lat' dir='ltr'><strong>Modo</strong></span> <span class='ocrx_word' id='word_1_53' title='bbox 880 1081 950 1126; x_wconf 93' lang='lat' dir='ltr'><strong>se</strong></span> <span class='ocrx_word' id='word_1_54' title='bbox 1006 1063 1215 1126; x_wconf 89' lang='lat' dir='ltr'><strong>amari</strong></span> <span class='ocrx_word' id='word_1_55' title='bbox 1272 1060 1633 1146; x_wconf 90' lang='lat' dir='ltr'><strong>intelligat,</strong></span> <span class='ocrx_word' id='word_1_56' title='bbox 1692 1081 1845 1126; x_wconf 91' lang='lat' dir='ltr'><strong>eum</strong></span> <span class='ocrx_word' id='word_1_57' title='bbox 1903 1059 2149 1126; x_wconf 88' lang='lat' dir='ltr'><strong>medio·</strong></span> 
     </span>
     <span class='ocr_line' id='line_1_10' title="bbox 224 1146 1568 1232; baseline -0.001 -20"><span class='ocrx_word' id='word_1_58' title='bbox 224 1146 410 1226; x_wconf 70' lang='lat' dir='ltr'><strong>ariter,</strong></span> <span class='ocrx_word' id='word_1_59' title='bbox 459 1156 532 1212; x_wconf 92' lang='lat' dir='ltr'><strong>ut</strong></span> <span class='ocrx_word' id='word_1_60' title='bbox 574 1167 788 1231; x_wconf 84' lang='lat' dir='ltr'><strong>spero,</strong></span> <span class='ocrx_word' id='word_1_61' title='bbox 832 1147 1233 1232; x_wconf 88' lang='lat' dir='ltr'><strong>morigerum</strong></span> <span class='ocrx_word' id='word_1_62' title='bbox 1279 1146 1568 1212; x_wconf 88' lang='lat' dir='ltr'><strong>habebis.</strong></span> 
     </span>
    </p>

    <p class='ocr_par' dir='ltr' id='par_1_6' title="bbox 213 1232 2151 2266">
     <span class='ocr_line' id='line_1_11' title="bbox 366 1232 2150 1314; baseline 0 -17"><span class='ocrx_word' id='word_1_63' title='bbox 366 1232 680 1298; x_wconf 85' lang='lat' dir='ltr'><strong>Proximo</strong></span> <span class='ocrx_word' id='word_1_64' title='bbox 734 1232 1000 1305; x_wconf 81' lang='lat' dir='ltr'><strong>sabbato</strong></span> <span class='ocrx_word' id='word_1_65' title='bbox 1045 1233 1363 1314; x_wconf 84' lang='lat' dir='ltr'><strong>Lugduni</strong></span> <span class='ocrx_word' id='word_1_66' title='bbox 1415 1242 1688 1299; x_wconf 87' lang='lat' dir='ltr'><strong>exustus</strong></span> <span class='ocrx_word' id='word_1_67' title='bbox 1745 1241 1847 1299; x_wconf 90' lang='lat' dir='ltr'><strong>est</strong></span> <span class='ocrx_word' id='word_1_68' title='bbox 1899 1251 2150 1298; x_wconf 89' lang='lat' dir='ltr'><strong>merca-</strong></span> 
     </span>
     <span class='ocr_line' id='line_1_12' title="bbox 222 1317 2150 1403; baseline -0.001 -19"><span class='ocrx_word' id='word_1_69' title='bbox 222 1330 330 1397; x_wconf 81' lang='lat' dir='ltr'><strong>tor,</strong></span> <span class='ocrx_word' id='word_1_70' title='bbox 350 1323 401 1394; x_wconf 83' lang='lat'><strong>¹)</strong></span> <span class='ocrx_word' id='word_1_71' title='bbox 454 1319 567 1402; x_wconf 91' lang='lat' dir='ltr'><strong>qui</strong></span> <span class='ocrx_word' id='word_1_72' title='bbox 624 1319 795 1384; x_wconf 89' lang='lat' dir='ltr'><strong>mira</strong></span> <span class='ocrx_word' id='word_1_73' title='bbox 851 1321 1225 1385; x_wconf 89' lang='lat' dir='ltr'><strong>constantia</strong></span> <span class='ocrx_word' id='word_1_74' title='bbox 1278 1330 1347 1384; x_wconf 91' lang='lat' dir='ltr'><strong>et</strong></span> <span class='ocrx_word' id='word_1_75' title='bbox 1387 1320 1532 1403; x_wconf 88' lang='lat' dir='ltr'><strong>pari</strong></span> <span class='ocrx_word' id='word_1_76' title='bbox 1576 1318 2020 1384; x_wconf 90' lang='lat' dir='ltr'><strong>moderatione</strong></span> <span class='ocrx_word' id='word_1_77' title='bbox 2066 1317 2150 1383; x_wconf 89' lang='lat' dir='ltr'><strong>ad</strong></span> 
     </span>
     <span class='ocr_line' id='line_1_13' title="bbox 221 1403 2151 1489; baseline -0.001 -19"><span class='ocrx_word' id='word_1_78' title='bbox 221 1427 323 1489; x_wconf 85' lang='lat' dir='ltr'><strong>sup</strong></span> <span class='ocrx_word' id='word_1_79' title='bbox 365 1404 595 1471; x_wconf 91' lang='lat' dir='ltr'><strong>licium</strong></span> <span class='ocrx_word' id='word_1_80' title='bbox 655 1405 977 1488; x_wconf 81' lang='lat' dir='ltr'><strong>perrexit:</strong></span> <span class='ocrx_word' id='word_1_81' title='bbox 1041 1426 1242 1488; x_wconf 92' lang='lat' dir='ltr'><strong>quum</strong></span> <span class='ocrx_word' id='word_1_82' title='bbox 1300 1404 1508 1471; x_wconf 88' lang='lat' dir='ltr'><strong>modis</strong></span> <span class='ocrx_word' id='word_1_83' title='bbox 1562 1405 1863 1470; x_wconf 90' lang='lat' dir='ltr'><strong>omnibus</strong></span> <span class='ocrx_word' id='word_1_84' title='bbox 1909 1403 1993 1469; x_wconf 89' lang='lat' dir='ltr'><strong>ad</strong></span> <span class='ocrx_word' id='word_1_85' title='bbox 2036 1403 2151 1469; x_wconf 91' lang='lat' dir='ltr'><strong>de-</strong></span> 
     </span>
     <span class='ocr_line' id='line_1_14' title="bbox 219 1488 2150 1575; baseline -0.001 -19"><span class='ocrx_word' id='word_1_86' title='bbox 219 1494 538 1557; x_wconf 74' lang='lat' dir='ltr'><strong>fectionem</strong></span> <span class='ocrx_word' id='word_1_87' title='bbox 617 1490 958 1573; x_wconf 88' lang='lat' dir='ltr'><strong>impellere</strong></span> <span class='ocrx_word' id='word_1_88' title='bbox 1035 1492 1254 1574; x_wconf 88' lang='lat' dir='ltr'><strong>ipsum</strong></span> <span class='ocrx_word' id='word_1_89' title='bbox 1320 1491 1578 1575; x_wconf 75' lang='lat' dir='ltr'><strong>cognati</strong></span> <span class='ocrx_word' id='word_1_90' title='bbox 1656 1502 1725 1556; x_wconf 91' lang='lat' dir='ltr'><strong>et</strong></span> <span class='ocrx_word' id='word_1_91' title='bbox 1799 1488 2150 1574; x_wconf 90' lang='lat' dir='ltr'><strong>populares</strong></span> 
     </span>
     <span class='ocr_line' id='line_1_15' title="bbox 221 1574 2150 1662; baseline -0.001 -19"><span class='ocrx_word' id='word_1_92' title='bbox 221 1584 576 1643; x_wconf 72' lang='lat' dir='ltr'><strong>tentassent.</strong></span> <span class='ocrx_word' id='word_1_93' title='bbox 659 1576 884 1642; x_wconf 84' lang='lat' dir='ltr'><strong>Mater</strong></span> <span class='ocrx_word' id='word_1_94' title='bbox 926 1577 1124 1641; x_wconf 89' lang='lat' dir='ltr'><strong>etiam</strong></span> <span class='ocrx_word' id='word_1_95' title='bbox 1168 1585 1271 1641; x_wconf 89' lang='lat' dir='ltr'><strong>ter</strong></span> <span class='ocrx_word' id='word_1_96' title='bbox 1314 1575 1588 1662; x_wconf 84' lang='lat' dir='ltr'><strong>genibus</strong></span> <span class='ocrx_word' id='word_1_97' title='bbox 1633 1577 1773 1643; x_wconf 91' lang='lat' dir='ltr'><strong>eius</strong></span> <span class='ocrx_word' id='word_1_98' title='bbox 1816 1574 2150 1654; x_wconf 84' lang='lat' dir='ltr'><strong>advoluta,</strong></span> 
     </span>
     <span class='ocr_line' id='line_1_16' title="bbox 218 1662 2149 1748; baseline -0.002 -19"><span class='ocrx_word' id='word_1_99' title='bbox 218 1665 360 1729; x_wconf 90' lang='lat' dir='ltr'><strong>flens</strong></span> <span class='ocrx_word' id='word_1_100' title='bbox 402 1662 791 1748; x_wconf 86' lang='lat' dir='ltr'><strong>suppliciter</strong></span> <span class='ocrx_word' id='word_1_101' title='bbox 834 1671 1099 1746; x_wconf 90' lang='lat' dir='ltr'><strong>precata</strong></span> <span class='ocrx_word' id='word_1_102' title='bbox 1140 1672 1216 1728; x_wconf 91' lang='lat' dir='ltr'><strong>ut</strong></span> <span class='ocrx_word' id='word_1_103' title='bbox 1257 1662 1432 1728; x_wconf 84' lang='lat' dir='ltr'><strong>vitae</strong></span> <span class='ocrx_word' id='word_1_104' title='bbox 1475 1683 1635 1728; x_wconf 88' lang='lat' dir='ltr'><strong>suae</strong></span> <span class='ocrx_word' id='word_1_105' title='bbox 1678 1670 2004 1746; x_wconf 86' lang='lat' dir='ltr'><strong>parceret,</strong></span> <span class='ocrx_word' id='word_1_106' title='bbox 2048 1663 2149 1726; x_wconf 91' lang='lat' dir='ltr'><strong>ni-</strong></span> 
     </span>
     <span class='ocr_line' id='line_1_17' title="bbox 220 1746 2149 1816; baseline -0.002 -1"><span class='ocrx_word' id='word_1_107' title='bbox 220 1749 299 1815; x_wconf 85' lang='lat' dir='ltr'><strong>hil</strong></span> <span class='ocrx_word' id='word_1_108' title='bbox 349 1749 656 1816; x_wconf 87' lang='lat' dir='ltr'><strong>obtinuit.</strong></span> <span class='ocrx_word' id='word_1_109' title='bbox 746 1749 1011 1815; x_wconf 90' lang='lat' dir='ltr'><strong>Passim</strong></span> <span class='ocrx_word' id='word_1_110' title='bbox 1071 1749 1143 1813; x_wconf 93' lang='lat' dir='ltr'><strong>in</strong></span> <span class='ocrx_word' id='word_1_111' title='bbox 1188 1747 1410 1814; x_wconf 83' lang='lat' dir='ltr'><strong>Gallia</strong></span> <span class='ocrx_word' id='word_1_112' title='bbox 1466 1749 1790 1815; x_wconf 82' lang='lat' dir='ltr'><strong>saeviunt.</strong></span> <span class='ocrx_word' id='word_1_113' title='bbox 1881 1746 2016 1813; x_wconf 83' lang='lat' dir='ltr'><strong>Sed</strong></span> <span class='ocrx_word' id='word_1_114' title='bbox 2076 1748 2149 1812; x_wconf 90' lang='lat' dir='ltr'><strong>in</strong></span> 
     </span>
     <span class='ocr_line' id='line_1_18' title="bbox 218 1833 2149 1920; baseline -0.003 -18"><span class='ocrx_word' id='word_1_115' title='bbox 218 1834 420 1903; x_wconf 81' lang='lat' dir='ltr'><strong>Belsia</strong></span> <span class='ocrx_word' id='word_1_116' title='bbox 439 1841 475 1875; x_wconf 79' lang='grc'><em>“</em></span> <span class='ocrx_word' id='word_1_117' title='bbox 520 1835 915 1920; x_wconf 86' lang='lat' dir='ltr'><strong>praesertim</strong></span> <span class='ocrx_word' id='word_1_118' title='bbox 938 1842 1218 1901; x_wconf 82' lang='lat' dir='ltr'><strong>vexatur</strong></span> <span class='ocrx_word' id='word_1_119' title='bbox 1238 1833 1562 1901; x_wconf 79' lang='lat' dir='ltr'><strong>nobilitas.</strong></span> <span class='ocrx_word' id='word_1_120' title='bbox 1627 1834 1817 1914; x_wconf 86' lang='lat' dir='ltr'><strong>Vale,</strong></span> <span class='ocrx_word' id='word_1_121' title='bbox 1859 1834 2149 1918; x_wconf 86' lang='lat' dir='ltr'><strong>integer-</strong></span> 
     </span>
     <span class='ocr_line' id='line_1_19' title="bbox 216 1918 2150 1989; baseline -0.003 0"><span class='ocrx_word' id='word_1_122' title='bbox 216 1922 359 1989; x_wconf 83' lang='lat' dir='ltr'><strong>rime</strong></span> <span class='ocrx_word' id='word_1_123' title='bbox 412 1921 624 1989; x_wconf 76' lang='lat' dir='ltr'><strong>frater</strong></span> <span class='ocrx_word' id='word_1_124' title='bbox 680 1930 749 1987; x_wconf 92' lang='lat' dir='ltr'><strong>et</strong></span> <span class='ocrx_word' id='word_1_125' title='bbox 789 1921 953 1986; x_wconf 87' lang='lat' dir='ltr'><strong>mibi</strong></span> <span class='ocrx_word' id='word_1_126' title='bbox 998 1941 1158 1986; x_wconf 81' lang='lat' dir='ltr'><strong>vere</strong></span> <span class='ocrx_word' id='word_1_127' title='bbox 1199 1919 1620 1987; x_wconf 81' lang='lat' dir='ltr'><strong>observande.</strong></span> <span class='ocrx_word' id='word_1_128' title='bbox 1709 1918 2041 1986; x_wconf 90' lang='lat' dir='ltr'><strong>Dominus</strong></span> <span class='ocrx_word' id='word_1_129' title='bbox 2085 1928 2150 1983; x_wconf 89' lang='lat' dir='ltr'><strong>te</strong></span> 
     </span>
     <span class='ocr_line' id='line_1_20' title="bbox 216 2005 2146 2093; baseline -0.002 -19"><span class='ocrx_word' id='word_1_130' title='bbox 216 2009 428 2092; x_wconf 87' lang='lat' dir='ltr'><strong>spiritu</strong></span> <span class='ocrx_word' id='word_1_131' title='bbox 472 2027 597 2074; x_wconf 84' lang='lat' dir='ltr'><strong>suo</strong></span> <span class='ocrx_word' id='word_1_132' title='bbox 640 2028 871 2093; x_wconf 89' lang='lat' dir='ltr'><strong>regere</strong></span> <span class='ocrx_word' id='word_1_133' title='bbox 912 2015 1147 2091; x_wconf 86' lang='lat' dir='ltr'><strong>pergat</strong></span> <span class='ocrx_word' id='word_1_134' title='bbox 1185 2005 1427 2090; x_wconf 89' lang='lat' dir='ltr'><strong>diuque</strong></span> <span class='ocrx_word' id='word_1_135' title='bbox 1469 2014 1692 2072; x_wconf 86' lang='lat' dir='ltr'><strong>servet</strong></span> <span class='ocrx_word' id='word_1_136' title='bbox 1735 2005 2146 2073; x_wconf 89' lang='lat' dir='ltr'><strong>incolumem.</strong></span> 
     </span>
     <span class='ocr_line' id='line_1_21' title="bbox 216 2091 2149 2172; baseline -0.001 -13"><span class='ocrx_word' id='word_1_137' title='bbox 216 2092 434 2161; x_wconf 81' lang='lat' dir='ltr'><strong>Saluta</strong></span> <span class='ocrx_word' id='word_1_138' title='bbox 480 2095 755 2161; x_wconf 75' lang='lat' dir='ltr'><strong>fratrem</strong></span> <span class='ocrx_word' id='word_1_139' title='bbox 798 2103 991 2159; x_wconf 85' lang='lat' dir='ltr'><strong>tuum</strong></span> <span class='ocrx_word' id='word_1_140' title='bbox 1034 2104 1102 2158; x_wconf 89' lang='lat' dir='ltr'><strong>et</strong></span> <span class='ocrx_word' id='word_1_141' title='bbox 1140 2094 1402 2159; x_wconf 85' lang='lat' dir='ltr'><strong>amicos.</strong></span> <span class='ocrx_word' id='word_1_142' title='bbox 1492 2092 1825 2172; x_wconf 83' lang='lat' dir='ltr'><strong>Genevae,</strong></span> <span class='ocrx_word' id='word_1_143' title='bbox 1877 2096 1974 2159; x_wconf 83' lang='lat'><strong>14.</strong></span> <span class='ocrx_word' id='word_1_144' title='bbox 2020 2091 2149 2159; x_wconf 87' lang='lat' dir='ltr'><strong>Oa-</strong></span> 
     </span>
     <span class='ocr_line' id='line_1_22' title="bbox 213 2179 933 2266; baseline -0.003 -20"><span class='ocrx_word' id='word_1_145' title='bbox 213 2179 364 2246; x_wconf 86' lang='lat' dir='ltr'><strong>lend.</strong></span> <span class='ocrx_word' id='word_1_146' title='bbox 410 2180 701 2266; x_wconf 82' lang='lat' dir='ltr'><strong>Augusti</strong></span> <span class='ocrx_word' id='word_1_147' title='bbox 751 2182 933 2244; x_wconf 84' lang='grc'><strong>1553.</strong></span> 
     </span>
    </p>
   </div>
   <div class='ocr_carea' id='block_1_6' title="bbox 694 2692 1655 2918">
    <p class='ocr_par' dir='ltr' id='par_1_7' title="bbox 694 2692 1655 2918">
     <span class='ocr_line' id='line_1_23' title="bbox 1088 2692 1270 2763; baseline -0.016 0"><span class='ocrx_word' id='word_1_148' title='bbox 1088 2692 1270 2763; x_wconf 74' lang='grc'><strong>1761.</strong></span> 
     </span>
     <span class='ocr_line' id='line_1_24' title="bbox 694 2846 1655 2918; baseline -0.004 -1"><span class='ocrx_word' id='word_1_149' title='bbox 694 2848 1180 2918; x_wconf 79' lang='lat' dir='ltr'><strong>SULZERUS</strong></span> <span class='ocrx_word' id='word_1_150' title='bbox 1224 2846 1655 2917; x_wconf 82' lang='lat' dir='ltr'><strong>OALVINO.</strong></span> 
     </span>
    </p>
   </div>
   <div class='ocr_carea' id='block_1_7' title="bbox 212 3013 2149 3186">
    <p class='ocr_par' dir='ltr' id='par_1_8' title="bbox 212 3013 2149 3186">
     <span class='ocr_line' id='line_1_25' title="bbox 368 3013 2146 3105; baseline -0.003 -16"><span class='ocrx_word' id='word_1_151' title='bbox 368 3020 601 3089; x_wconf 77' lang='lat' dir='ltr'><strong>Relata</strong></span> <span class='ocrx_word' id='word_1_152' title='bbox 642 3022 830 3105; x_wconf 78' lang='lat' dir='ltr'><strong>refert</strong></span> <span class='ocrx_word' id='word_1_153' title='bbox 870 3022 948 3088; x_wconf 76' lang='lat' dir='ltr'><strong>de</strong></span> <span class='ocrx_word' id='word_1_154' title='bbox 975 3021 1220 3104; x_wconf 75' lang='lat' dir='ltr'><strong>proelio</strong></span> <span class='ocrx_word' id='word_1_155' title='bbox 1273 3022 1434 3087; x_wconf 73' lang='lat' dir='ltr'><strong>inter</strong></span> <span class='ocrx_word' id='word_1_156' title='bbox 1474 3018 1802 3086; x_wconf 61' lang='lat' dir='ltr'><strong>Albanum</strong></span> <span class='ocrx_word' id='word_1_157' title='bbox 1841 3013 2146 3084; x_wconf 73' lang='lat' dir='ltr'><strong>marchio-</strong></span> 
     </span>
     <span class='ocr_line' id='line_1_26' title="bbox 212 3105 2149 3186; baseline -0.004 -11"><span class='ocrx_word' id='word_1_158' title='bbox 212 3128 332 3175; x_wconf 77' lang='lat' dir='ltr'><strong>nem</strong></span> <span class='ocrx_word' id='word_1_159' title='bbox 377 3114 435 3174; x_wconf 73' lang='lat' dir='ltr'><strong>et</strong></span> <span class='ocrx_word' id='word_1_160' title='bbox 480 3107 872 3175; x_wconf 73' lang='lat' dir='ltr'><strong>Mam-itiam</strong></span> <span class='ocrx_word' id='word_1_161' title='bbox 914 3106 1221 3175; x_wconf 68' lang='lat' dir='ltr'><strong>electorem</strong></span> <span class='ocrx_word' id='word_1_162' title='bbox 1262 3109 1607 3186; x_wconf 70' lang='lat' dir='ltr'><strong>commisso,</strong></span> <span class='ocrx_word' id='word_1_163' title='bbox 1650 3106 1796 3170; x_wconf 75' lang='lat' dir='ltr'><strong>item</strong></span> <span class='ocrx_word' id='word_1_164' title='bbox 1838 3105 1913 3171; x_wconf 80' lang='lat' dir='ltr'><strong>de</strong></span> <span class='ocrx_word' id='word_1_165' title='bbox 1954 3107 2149 3168; x_wconf 80' lang='lat' dir='ltr'><strong>morte</strong></span> 
     </span>
    </p>
   </div>
   <div class='ocr_carea' id='block_1_8' title="bbox 86 3193 721 3283">
    <p class='ocr_par' dir='ltr' id='par_1_9' title="bbox 86 3193 721 3283">
     <span class='ocr_line' id='line_1_27' title="bbox 86 3193 721 3283; baseline 0.005 -27"><span class='ocrx_word' id='word_1_166' title='bbox 86 3238 87 3283; x_wconf 52' lang='lat'><em>5</em></span> <span class='ocrx_word' id='word_1_167' title='bbox 210 3194 357 3278; x_wconf 75' lang='lat' dir='ltr'><strong>reyis</strong></span> <span class='ocrx_word' id='word_1_168' title='bbox 395 3193 721 3262; x_wconf 74' lang='lat' dir='ltr'><strong>Eduardi.</strong></span> 
     </span>
    </p>
   </div>
   <div class='ocr_carea' id='block_1_9' title="bbox 507 3360 1824 3435">
    <p class='ocr_par' dir='ltr' id='par_1_10' title="bbox 507 3360 1824 3435">
     <span class='ocr_line' id='line_1_28' title="bbox 507 3360 1824 3435; baseline -0.004 -15"><span class='ocrx_word' id='word_1_169' title='bbox 507 3366 621 3433; x_wconf 80' lang='lat' dir='ltr'><strong>(Ex</strong></span> <span class='ocrx_word' id='word_1_170' title='bbox 654 3364 989 3435; x_wconf 80' lang='lat' dir='ltr'><strong>autographo</strong></span> <span class='ocrx_word' id='word_1_171' title='bbox 1025 3364 1154 3419; x_wconf 84' lang='lat' dir='ltr'><strong>Ood.</strong></span> <span class='ocrx_word' id='word_1_172' title='bbox 1194 3363 1394 3419; x_wconf 80' lang='lat' dir='ltr'><strong>Genev.</strong></span> <span class='ocrx_word' id='word_1_173' title='bbox 1438 3362 1552 3431; x_wconf 77' lang='lat'><strong>112,</strong></span> <span class='ocrx_word' id='word_1_174' title='bbox 1584 3363 1676 3417; x_wconf 79' lang='lat' dir='ltr'><strong>fol.</strong></span> <span class='ocrx_word' id='word_1_175' title='bbox 1711 3360 1824 3427; x_wconf 83' lang='lat'><strong>91.)</strong></span> 
     </span>
    </p>
   </div>
   <div class='ocr_carea' id='block_1_10' title="bbox 210 3533 2148 3945">
    <p class='ocr_par' dir='ltr' id='par_1_11' title="bbox 210 3533 2148 3945">
     <span class='ocr_line' id='line_1_29' title="bbox 365 3533 2148 3622; baseline -0.004 -17"><span class='ocrx_word' id='word_1_176' title='bbox 365 3537 619 3605; x_wconf 85' lang='lat' dir='ltr'><strong>Christi</strong></span> <span class='ocrx_word' id='word_1_177' title='bbox 708 3559 901 3605; x_wconf 86' lang='lat' dir='ltr'><strong>servo</strong></span> <span class='ocrx_word' id='word_1_178' title='bbox 985 3537 1551 3622; x_wconf 87' lang='lat' dir='ltr'><strong>praestantissimo</strong></span> <span class='ocrx_word' id='word_1_179' title='bbox 1640 3533 2148 3617; x_wconf 87' lang='lat' dir='ltr'><strong>fidelissimoque</strong></span> 
     </span>
     <span class='ocr_line' id='line_1_30' title="bbox 210 3618 2147 3705; baseline -0.004 -14"><span class='ocrx_word' id='word_1_180' title='bbox 210 3625 441 3705; x_wconf 82' lang='lat' dir='ltr'><strong>pastori</strong></span> <span class='ocrx_word' id='word_1_181' title='bbox 488 3626 797 3691; x_wconf 59' lang='lat' dir='ltr'><strong>ecclesiae</strong></span> <span class='ocrx_word' id='word_1_182' title='bbox 842 3623 1253 3692; x_wconf 82' lang='lat' dir='ltr'><strong>Genevensis</strong></span> <span class='ocrx_word' id='word_1_183' title='bbox 1310 3622 1403 3688; x_wconf 90' lang='lat' dir='ltr'><strong>Io.</strong></span> <span class='ocrx_word' id='word_1_184' title='bbox 1448 3620 1733 3688; x_wconf 81' lang='lat' dir='ltr'><strong>Calvino</strong></span> <span class='ocrx_word' id='word_1_185' title='bbox 1786 3619 2026 3687; x_wconf 83' lang='lat' dir='ltr'><strong>eximio</strong></span> <span class='ocrx_word' id='word_1_186' title='bbox 2068 3618 2147 3683; x_wconf 92' lang='lat' dir='ltr'><strong>il-</strong></span> 
     </span>
     <span class='ocr_line' id='line_1_31' title="bbox 212 3705 2147 3777; baseline -0.001 -6"><span class='ocrx_word' id='word_1_187' title='bbox 212 3708 531 3777; x_wconf 82' lang='lat' dir='ltr'><strong>lustratori</strong></span> <span class='ocrx_word' id='word_1_188' title='bbox 589 3725 656 3774; x_wconf 86' lang='lat' dir='ltr'><strong>et</strong></span> <span class='ocrx_word' id='word_1_189' title='bbox 713 3709 1073 3777; x_wconf 81' lang='lat' dir='ltr'><strong>enarratori</strong></span> <span class='ocrx_word' id='word_1_190' title='bbox 1128 3707 1501 3774; x_wconf 82' lang='lat' dir='ltr'><strong>divinorum</strong></span> <span class='ocrx_word' id='word_1_191' title='bbox 1563 3706 1975 3774; x_wconf 89' lang='lat' dir='ltr'><strong>oraculorum</strong></span> <span class='ocrx_word' id='word_1_192' title='bbox 2016 3705 2147 3770; x_wconf 78' lang='lat' dir='ltr'><strong>fra-</strong></span> 
     </span>
     <span class='ocr_line' id='line_1_32' title="bbox 210 3794 1753 3945; baseline -0.003 -84"><span class='ocrx_word' id='word_1_193' title='bbox 210 3798 285 3861; x_wconf 85' lang='lat' dir='ltr'><strong>tri</strong></span> <span class='ocrx_word' id='word_1_194' title='bbox 325 3806 392 3862; x_wconf 85' lang='lat' dir='ltr'><strong>et</strong></span> <span class='ocrx_word' id='word_1_195' title='bbox 434 3803 845 3882; x_wconf 77' lang='lat' dir='ltr'><strong>symmystae</strong></span> <span class='ocrx_word' id='word_1_196' title='bbox 889 3816 1086 3880; x_wconf 89' lang='lat' dir='ltr'><strong>quam</strong></span> <span class='ocrx_word' id='word_1_197' title='bbox 1132 3794 1468 3861; x_wconf 88' lang='lat' dir='ltr'><strong>carissimo</strong></span> <span class='ocrx_word' id='word_1_198' title='bbox 1496 3798 1548 3873; x_wconf 89' lang='lat'><strong>¹)</strong></span> <span class='ocrx_word' id='word_1_199' title='bbox 1687 3878 1753 3945; x_wconf 73' lang='lat' dir='ltr'>G</span> 
     </span>
    </p>

    <p class='ocr_par' dir='ltr' id='par_1_12' title="bbox 1756 3899 2020 3945">
     <span class='ocr_line' id='line_1_33' title="bbox 1756 3899 2020 3945; baseline -0.011 0"><span class='ocrx_word' id='word_1_200' title='bbox 1756 3899 2020 3945; x_wconf 84' lang='lat' dir='ltr'><strong>onevae.</strong></span> 
     </span>
    </p>
   </div>
   <div class='ocr_carea' id='block_1_11' title="bbox 207 4018 2151 4707">
    <p class='ocr_par' dir='ltr' id='par_1_13' title="bbox 210 4018 2149 4281">
     <span class='ocr_line' id='line_1_34' title="bbox 364 4018 2148 4105; baseline -0.004 -15"><span class='ocrx_word' id='word_1_201' title='bbox 364 4022 438 4090; x_wconf 81' lang='lat' dir='ltr'><strong>S.</strong></span> <span class='ocrx_word' id='word_1_202' title='bbox 508 4022 698 4105; x_wconf 77' lang='lat' dir='ltr'><strong>Quae</strong></span> <span class='ocrx_word' id='word_1_203' title='bbox 733 4022 818 4088; x_wconf 89' lang='lat' dir='ltr'><strong>ad</strong></span> <span class='ocrx_word' id='word_1_204' title='bbox 856 4018 1272 4088; x_wconf 72' lang='lat' dir='ltr'><strong>Schertlinum</strong></span> <span class='ocrx_word' id='word_1_205' title='bbox 1288 4022 1348 4097; x_wconf 79' lang='lat'><strong>²)</strong></span> <span class='ocrx_word' id='word_1_206' title='bbox 1392 4027 1696 4085; x_wconf 89' lang='lat' dir='ltr'><strong>nostrum</strong></span> <span class='ocrx_word' id='word_1_207' title='bbox 1737 4020 1939 4085; x_wconf 88' lang='lat' dir='ltr'><strong>allata</strong></span> <span class='ocrx_word' id='word_1_208' title='bbox 1973 4025 2148 4098; x_wconf 90' lang='lat' dir='ltr'><strong>sunt,</strong></span> 
     </span>
     <span class='ocr_line' id='line_1_35' title="bbox 210 4104 2149 4192; baseline 0 -20"><span class='ocrx_word' id='word_1_209' title='bbox 210 4106 280 4173; x_wconf 85' lang='lat' dir='ltr'><strong>de</strong></span> <span class='ocrx_word' id='word_1_210' title='bbox 319 4107 636 4176; x_wconf 67' lang='lat' dir='ltr'><strong>Mam-inii</strong></span> <span class='ocrx_word' id='word_1_211' title='bbox 679 4107 1050 4192; x_wconf 65' lang='lat' dir='ltr'><strong>Albanique</strong></span> <span class='ocrx_word' id='word_1_212' title='bbox 1093 4106 1400 4173; x_wconf 88' lang='lat' dir='ltr'><strong>conflictu</strong></span> <span class='ocrx_word' id='word_1_213' title='bbox 1414 4158 1432 4186; x_wconf 92' lang='lat'><strong>,</strong></span> <span class='ocrx_word' id='word_1_214' title='bbox 1487 4106 1719 4172; x_wconf 87' lang='lat' dir='ltr'><strong>eadem</strong></span> <span class='ocrx_word' id='word_1_215' title='bbox 1760 4116 1830 4172; x_wconf 89' lang='lat' dir='ltr'><strong>et</strong></span> <span class='ocrx_word' id='word_1_216' title='bbox 1871 4104 2149 4172; x_wconf 83' lang='lat' dir='ltr'><strong>Senatui</strong></span> 
     </span>
     <span class='ocr_line' id='line_1_36' title="bbox 211 4190 2147 4281; baseline 0.001 -24"><span class='ocrx_word' id='word_1_217' title='bbox 211 4203 419 4261; x_wconf 86' lang='lat' dir='ltr'><strong>nostro</strong></span> <span class='ocrx_word' id='word_1_218' title='bbox 463 4196 831 4281; x_wconf 85' lang='lat' dir='ltr'><strong>significata</strong></span> <span class='ocrx_word' id='word_1_219' title='bbox 882 4200 1038 4260; x_wconf 89' lang='lat' dir='ltr'><strong>sunt</strong></span> <span class='ocrx_word' id='word_1_220' title='bbox 1080 4191 1373 4272; x_wconf 85' lang='lat' dir='ltr'><strong>aliunde,</strong></span> <span class='ocrx_word' id='word_1_221' title='bbox 1428 4192 1500 4257; x_wconf 90' lang='lat' dir='ltr'><strong>in</strong></span> <span class='ocrx_word' id='word_1_222' title='bbox 1549 4191 1727 4259; x_wconf 87' lang='lat' dir='ltr'><strong>hunc</strong></span> <span class='ocrx_word' id='word_1_223' title='bbox 1768 4190 2071 4261; x_wconf 86' lang='lat' dir='ltr'><strong>modum:</strong></span> <span class='ocrx_word' id='word_1_224' title='bbox 2092 4193 2147 4277; x_wconf 79' lang='lat'><strong>⁸)</strong></span> 
     </span>
    </p>

    <p class='ocr_par' dir='ltr' id='par_1_14' title="bbox 207 4277 2151 4707">
     <span class='ocr_line' id='line_1_37' title="bbox 364 4277 2151 4365; baseline -0.003 -17"><span class='ocrx_word' id='word_1_225' title='bbox 364 4280 809 4365; x_wconf 84' lang='lat' dir='ltr'><strong>Posteaquam</strong></span> <span class='ocrx_word' id='word_1_226' title='bbox 849 4278 1149 4347; x_wconf 76' lang='lat' dir='ltr'><strong>Albertus</strong></span> <span class='ocrx_word' id='word_1_227' title='bbox 1191 4279 1409 4363; x_wconf 86' lang='lat' dir='ltr'><strong>copias</strong></span> <span class='ocrx_word' id='word_1_228' title='bbox 1465 4298 1620 4344; x_wconf 91' lang='lat' dir='ltr'><strong>suas</strong></span> <span class='ocrx_word' id='word_1_229' title='bbox 1670 4277 2039 4364; x_wconf 83' lang='lat' dir='ltr'><strong>collegisset</strong></span> <span class='ocrx_word' id='word_1_230' title='bbox 2082 4285 2151 4345; x_wconf 92' lang='lat' dir='ltr'><strong>et</strong></span> 
     </span>
     <span class='ocr_line' id='line_1_38' title="bbox 210 4362 2149 4451; baseline 0.001 -23"><span class='ocrx_word' id='word_1_231' title='bbox 210 4363 562 4434; x_wconf 58' lang='lat' dir='ltr'><strong>Macrim</strong></span> <span class='ocrx_word' id='word_1_232' title='bbox 603 4388 722 4433; x_wconf 87' lang='lat' dir='ltr'><strong>suo</strong></span> <span class='ocrx_word' id='word_1_233' title='bbox 756 4387 1015 4451; x_wconf 84' lang='lat' dir='ltr'><strong>quoque</strong></span> <span class='ocrx_word' id='word_1_234' title='bbox 1061 4373 1235 4431; x_wconf 87' lang='lat' dir='ltr'><strong>esset</strong></span> <span class='ocrx_word' id='word_1_235' title='bbox 1266 4365 1624 4432; x_wconf 88' lang='lat' dir='ltr'><strong>instructus</strong></span> <span class='ocrx_word' id='word_1_236' title='bbox 1658 4367 1969 4442; x_wconf 83' lang='lat' dir='ltr'><strong>exercitu,</strong></span> <span class='ocrx_word' id='word_1_237' title='bbox 2014 4362 2149 4430; x_wconf 90' lang='lat' dir='ltr'><strong>bel-</strong></span> 
     </span>
     <span class='ocr_line' id='line_1_39' title="bbox 207 4449 2148 4538; baseline 0.001 -25"><span class='ocrx_word' id='word_1_238' title='bbox 207 4449 336 4518; x_wconf 88' lang='lat' dir='ltr'><strong>lum</strong></span> <span class='ocrx_word' id='word_1_239' title='bbox 376 4452 486 4521; x_wconf 87' lang='lat' dir='ltr'><strong>hio</strong></span> <span class='ocrx_word' id='word_1_240' title='bbox 528 4452 627 4519; x_wconf 86' lang='lat' dir='ltr'><strong>illi</strong></span> <span class='ocrx_word' id='word_1_241' title='bbox 667 4474 790 4538; x_wconf 91' lang='lat' dir='ltr'><strong>pro</strong></span> <span class='ocrx_word' id='word_1_242' title='bbox 833 4471 1018 4518; x_wconf 90' lang='lat' dir='ltr'><strong>more</strong></span> <span class='ocrx_word' id='word_1_243' title='bbox 1061 4450 1486 4518; x_wconf 83' lang='lat' dir='ltr'><strong>denunciavit</strong></span> <span class='ocrx_word' id='word_1_244' title='bbox 1517 4472 1636 4536; x_wconf 91' lang='lat' dir='ltr'><strong>per</strong></span> <span class='ocrx_word' id='word_1_245' title='bbox 1675 4450 2020 4517; x_wconf 87' lang='lat' dir='ltr'><strong>heroldum</strong></span> <span class='ocrx_word' id='word_1_246' title='bbox 2055 4450 2148 4515; x_wconf 82' lang='lat' dir='ltr'><strong>fe·</strong></span> 
     </span>
     <span class='ocr_line' id='line_1_40' title="bbox 208 4535 2150 4623; baseline 0 -20"><span class='ocrx_word' id='word_1_247' title='bbox 208 4535 448 4620; x_wconf 81' lang='lat' dir='ltr'><strong>cialem,</strong></span> <span class='ocrx_word' id='word_1_248' title='bbox 488 4558 685 4622; x_wconf 91' lang='lat' dir='ltr'><strong>quem</strong></span> <span class='ocrx_word' id='word_1_249' title='bbox 728 4537 1028 4606; x_wconf 64' lang='lat' dir='ltr'><strong>Alba-tus</strong></span> <span class='ocrx_word' id='word_1_250' title='bbox 1068 4535 1370 4603; x_wconf 85' lang='lat' dir='ltr'><strong>hilariter</strong></span> <span class='ocrx_word' id='word_1_251' title='bbox 1411 4546 1748 4623; x_wconf 86' lang='lat' dir='ltr'><strong>acceptum</strong></span> <span class='ocrx_word' id='word_1_252' title='bbox 1802 4537 1874 4603; x_wconf 85' lang='lat' dir='ltr'><strong>in</strong></span> <span class='ocrx_word' id='word_1_253' title='bbox 1917 4536 2150 4604; x_wconf 89' lang='lat' dir='ltr'><strong>castris</strong></span> 
     </span>
     <span class='ocr_line' id='line_1_41' title="bbox 210 4621 2148 4707; baseline -0.002 -17"><span class='ocrx_word' id='word_1_254' title='bbox 210 4624 594 4694; x_wconf 82' lang='lat' dir='ltr'><strong>circumduci</strong></span> <span class='ocrx_word' id='word_1_255' title='bbox 634 4624 828 4693; x_wconf 89' lang='lat' dir='ltr'><strong>iussit</strong></span> <span class='ocrx_word' id='word_1_256' title='bbox 868 4632 1208 4707; x_wconf 86' lang='lat' dir='ltr'><strong>totumque</strong></span> <span class='ocrx_word' id='word_1_257' title='bbox 1242 4621 1627 4707; x_wconf 85' lang='lat' dir='ltr'><strong>adparatum</strong></span> <span class='ocrx_word' id='word_1_258' title='bbox 1667 4621 1822 4691; x_wconf 83' lang='lat' dir='ltr'><strong>belli</strong></span> <span class='ocrx_word' id='word_1_259' title='bbox 1868 4621 2148 4707; x_wconf 85' lang='lat' dir='ltr'><strong>singulis</strong></span> 
     </span>
    </p>
   </div>
   <div class='ocr_carea' id='block_1_12' title="bbox 209 4779 609 4793">
    <p class='ocr_par' dir='ltr' id='par_1_15' title="bbox 209 4779 609 4793">
     <span class='ocr_line' id='line_1_42' title="bbox 209 4779 609 4793; baseline 0 1374"><span class='ocrx_word' id='word_1_260' title='bbox 209 4779 609 4793; x_wconf 95' lang='lat' dir='ltr'><strong> </strong></span> 
     </span>
    </p>
   </div>
   <div class='ocr_carea' id='block_1_13' title="bbox 210 4878 2149 5010">
    <p class='ocr_par' dir='ltr' id='par_1_16' title="bbox 210 4878 2149 5010">
     <span class='ocr_line' id='line_1_43' title="bbox 210 4878 2149 5010; baseline -0.004 -70"><span class='ocrx_word' id='word_1_261' title='bbox 210 4882 378 4940; x_wconf 75' lang='lat'><strong>1700.</strong></span> <span class='ocrx_word' id='word_1_262' title='bbox 404 4884 460 4949; x_wconf 90' lang='lat'><strong>1)</strong></span> <span class='ocrx_word' id='word_1_263' title='bbox 498 4884 697 5010; x_wconf 53' lang='lat' dir='ltr'><strong>w.</strong></span> <span class='ocrx_word' id='word_1_264' title='bbox 718 4882 1012 5009; x_wconf 43' lang='lat' dir='ltr'><strong>egam-g</strong></span> <span class='ocrx_word' id='word_1_265' title='bbox 1069 4881 1215 5006; x_wconf 45' lang='lat' dir='ltr'><strong>{aa</strong></span> <span class='ocrx_word' id='word_1_266' title='bbox 1225 4881 1379 5005; x_wconf 45' lang='lat' dir='ltr'><strong>Im</strong></span> <span class='ocrx_word' id='word_1_267' title='bbox 1410 4881 1453 4936; x_wconf 92' lang='lat'><strong>1.</strong></span> <span class='ocrx_word' id='word_1_268' title='bbox 1476 4880 1561 4935; x_wconf 84' lang='lat'><strong>91.</strong></span> <span class='ocrx_word' id='word_1_269' title='bbox 1618 4882 1872 4953; x_wconf 63' lang='lat' dir='ltr'><strong>Mar-mn</strong></span> <span class='ocrx_word' id='word_1_270' title='bbox 1886 4879 1978 4946; x_wconf 71' lang='lat' dir='ltr'><strong>roz.</strong></span> <span class='ocrx_word' id='word_1_271' title='bbox 1999 4878 2149 4946; x_wconf 75' lang='lat'><strong>267).</strong></span> 
     </span>
    </p>
   </div>
   <div class='ocr_carea' id='block_1_14' title="bbox 211 5017 2149 5230">
    <p class='ocr_par' dir='ltr' id='par_1_17' title="bbox 211 5017 2149 5230">
     <span class='ocr_line' id='line_1_44' title="bbox 211 5017 1482 5092; baseline -0.002 -17"><span class='ocrx_word' id='word_1_272' title='bbox 211 5021 369 5078; x_wconf 71' lang='lat'><strong>1⁷01.</strong></span> <span class='ocrx_word' id='word_1_273' title='bbox 406 5024 464 5092; x_wconf 80' lang='lat'><strong>1)</strong></span> <span class='ocrx_word' id='word_1_274' title='bbox 499 5023 920 5092; x_wconf 61' lang='lat' dir='ltr'><strong>Iucu-optionem</strong></span> <span class='ocrx_word' id='word_1_275' title='bbox 953 5019 1175 5076; x_wconf 65' lang='lat' dir='ltr'><strong>addida</strong></span> <span class='ocrx_word' id='word_1_276' title='bbox 1211 5017 1482 5074; x_wconf 66' lang='lat' dir='ltr'><strong>Paralius.</strong></span> 
     </span>
     <span class='ocr_line' id='line_1_45' title="bbox 402 5086 1366 5159; baseline -0.005 -13"><span class='ocrx_word' id='word_1_277' title='bbox 402 5091 465 5155; x_wconf 74' lang='lat'><strong>2)</strong></span> <span class='ocrx_word' id='word_1_278' title='bbox 501 5091 761 5147; x_wconf 70' lang='lat' dir='ltr'><strong>Basileus</strong></span> <span class='ocrx_word' id='word_1_279' title='bbox 1046 5089 1144 5159; x_wconf 86' lang='lat' dir='ltr'><strong>(N.</strong></span> <span class='ocrx_word' id='word_1_280' title='bbox 1180 5086 1366 5153; x_wconf 74' lang='lat'><strong>1554).</strong></span> 
     </span>
     <span class='ocr_line' id='line_1_46' title="bbox 402 5153 2149 5230; baseline -0.004 -14"><span class='ocrx_word' id='word_1_281' title='bbox 402 5158 736 5230; x_wconf 52' lang='lat' dir='ltr'><strong>&amp;Dalm</strong></span> <span class='ocrx_word' id='word_1_282' title='bbox 879 5153 2149 5230; x_wconf 62' lang='lat' dir='ltr'><strong>oetproeuofflovmhaumeiviaeszeia</strong></span> 
     </span>
    </p>
   </div>
   <div class='ocr_carea' id='block_1_15' title="bbox 210 5221 2152 5356">
    <p class='ocr_par' dir='ltr' id='par_1_18' title="bbox 210 5221 2152 5356">
     <span class='ocr_line' id='line_1_47' title="bbox 210 5221 2152 5356; baseline -0.002 -73"><span class='ocrx_word' id='word_1_283' title='bbox 210 5226 639 5356; x_wconf 37' lang='lat' dir='ltr'><strong>1612&amp;ka</strong></span> <span class='ocrx_word' id='word_1_284' title='bbox 650 5229 938 5300; x_wconf 57' lang='lat' dir='ltr'><strong>Lunum,</strong></span> <span class='ocrx_word' id='word_1_285' title='bbox 976 5229 1185 5286; x_wconf 68' lang='lat' dir='ltr'><strong>Merite</strong></span> <span class='ocrx_word' id='word_1_286' title='bbox 1216 5244 1268 5283; x_wconf 81' lang='lat' dir='ltr'><strong>c.</strong></span> <span class='ocrx_word' id='word_1_287' title='bbox 1306 5223 1364 5281; x_wconf 73' lang='grc' dir='ltr'><strong>Β.</strong></span> <span class='ocrx_word' id='word_1_288' title='bbox 1404 5225 1447 5279; x_wconf 93' lang='lat'><strong>1.</strong></span> <span class='ocrx_word' id='word_1_289' title='bbox 1482 5221 1613 5294; x_wconf 79' lang='lat'><strong>5803</strong></span> <span class='ocrx_word' id='word_1_290' title='bbox 1654 5223 1869 5294; x_wconf 72' lang='lat' dir='ltr'><strong>Ranke,</strong></span> <span class='ocrx_word' id='word_1_291' title='bbox 1904 5223 2152 5280; x_wconf 67' lang='lat' dir='ltr'><strong>amacha</strong></span> 
     </span>
    </p>
   </div>
   <div class='ocr_carea' id='block_1_16' title="bbox 1962 356 2347 426">
    <p class='ocr_par' dir='ltr' id='par_1_19' title="bbox 1962 356 2347 426">
     <span class='ocr_line' id='line_1_48' title="bbox 1962 356 2347 426; baseline 0.003 -4"><span class='ocrx_word' id='word_1_292' title='bbox 1962 359 2127 422; x_wconf 83' lang='lat'>1553</span> <span class='ocrx_word' id='word_1_293' title='bbox 2170 356 2347 426; x_wconf 82' lang='lat' dir='ltr'><strong>IUL.</strong></span> 
     </span>
    </p>
   </div>
   <div class='ocr_carea' id='block_1_17' title="bbox 2186 550 2221 5325">
    <p class='ocr_par' dir='ltr' id='par_1_20' title="bbox 2186 550 2221 5325">
     <span class='ocr_line' id='line_1_49' title="bbox 2186 550 2221 5325; baseline 0 0"><span class='ocrx_word' id='word_1_294' title='bbox 2186 550 2221 5325; x_wconf 95' lang='lat' dir='ltr'><strong> </strong></span> 
     </span>
    </p>
   </div>
   <div class='ocr_carea' id='block_1_18' title="bbox 4092 369 4222 432">
    <p class='ocr_par' dir='ltr' id='par_1_21' title="bbox 4092 369 4222 432">
     <span class='ocr_line' id='line_1_50' title="bbox 4092 369 4222 432; baseline 0.015 -2"><span class='ocrx_word' id='word_1_295' title='bbox 4092 369 4222 432; x_wconf 76' lang='lat'><strong>5⁷4</strong></span> 
     </span>
    </p>
   </div>
   <div class='ocr_carea' id='block_1_19' title="bbox 2250 544 4218 4390">
    <p class='ocr_par' dir='ltr' id='par_1_22' title="bbox 2250 544 4218 3379">
     <span class='ocr_line' id='line_1_51' title="bbox 2258 544 4217 636; baseline 0.005 -26"><span class='ocrx_word' id='word_1_296' title='bbox 2258 546 2329 610; x_wconf 90' lang='lat' dir='ltr'><strong>in</strong></span> <span class='ocrx_word' id='word_1_297' title='bbox 2374 544 2673 628; x_wconf 88' lang='lat' dir='ltr'><strong>partibus</strong></span> <span class='ocrx_word' id='word_1_298' title='bbox 2717 545 3067 630; x_wconf 87' lang='lat' dir='ltr'><strong>diligenter</strong></span> <span class='ocrx_word' id='word_1_299' title='bbox 3098 545 3373 612; x_wconf 86' lang='lat' dir='ltr'><strong>ostendi.</strong></span> <span class='ocrx_word' id='word_1_300' title='bbox 3443 548 3583 614; x_wconf 87' lang='lat' dir='ltr'><strong>Nec</strong></span> <span class='ocrx_word' id='word_1_301' title='bbox 3621 569 3822 629; x_wconf 86' lang='lat' dir='ltr'><strong>mora,</strong></span> <span class='ocrx_word' id='word_1_302' title='bbox 3867 573 4080 636; x_wconf 88' lang='lat' dir='ltr'><strong>quum·</strong></span> <span class='ocrx_word' id='word_1_303' title='bbox 4112 576 4217 620; x_wconf 87' lang='lat' dir='ltr'><strong>re-</strong></span> 
     </span>
     <span class='ocr_line' id='line_1_52' title="bbox 2256 631 4216 723; baseline 0.005 -27"><span class='ocrx_word' id='word_1_304' title='bbox 2256 632 2544 698; x_wconf 88' lang='lat' dir='ltr'><strong>misisset</strong></span> <span class='ocrx_word' id='word_1_305' title='bbox 2586 632 2874 699; x_wconf 84' lang='lat' dir='ltr'><strong>vicissim</strong></span> <span class='ocrx_word' id='word_1_306' title='bbox 2932 638 3001 697; x_wconf 89' lang='lat' dir='ltr'><strong>et</strong></span> <span class='ocrx_word' id='word_1_307' title='bbox 3071 631 3316 699; x_wconf 91' lang='lat' dir='ltr'><strong>bellum</strong></span> <span class='ocrx_word' id='word_1_308' title='bbox 3377 633 3733 701; x_wconf 88' lang='lat' dir='ltr'><strong>denunciat</strong></span> <span class='ocrx_word' id='word_1_309' title='bbox 3803 645 3871 701; x_wconf 91' lang='lat' dir='ltr'><strong>et</strong></span> <span class='ocrx_word' id='word_1_310' title='bbox 3911 659 4216 723; x_wconf 87' lang='lat' dir='ltr'><strong>pugnam</strong></span> 
     </span>
     <span class='ocr_line' id='line_1_53' title="bbox 2255 715 4218 804; baseline 0.006 -24"><span class='ocrx_word' id='word_1_311' title='bbox 2255 718 2327 781; x_wconf 93' lang='lat' dir='ltr'><strong>in</strong></span> <span class='ocrx_word' id='word_1_312' title='bbox 2371 718 2728 784; x_wconf 88' lang='lat' dir='ltr'><strong>crastinum</strong></span> <span class='ocrx_word' id='word_1_313' title='bbox 2794 715 2965 782; x_wconf 90' lang='lat' dir='ltr'><strong>diem</strong></span> <span class='ocrx_word' id='word_1_314' title='bbox 3024 718 3325 800; x_wconf 87' lang='lat' dir='ltr'><strong>postulat.</strong></span> <span class='ocrx_word' id='word_1_315' title='bbox 3413 720 3792 804; x_wconf 87' lang='lat' dir='ltr'><strong>Acquiescit</strong></span> <span class='ocrx_word' id='word_1_316' title='bbox 3851 723 4218 792; x_wconf 72' lang='lat' dir='ltr'><strong>Mauricius</strong></span> 
     </span>
     <span class='ocr_line' id='line_1_54' title="bbox 2255 803 4214 888; baseline 0.005 -21"><span class='ocrx_word' id='word_1_317' title='bbox 2255 823 2531 887; x_wconf 87' lang='lat' dir='ltr'><strong>eamque</strong></span> <span class='ocrx_word' id='word_1_318' title='bbox 2574 803 2659 869; x_wconf 92' lang='lat' dir='ltr'><strong>ad</strong></span> <span class='ocrx_word' id='word_1_319' title='bbox 2705 823 2847 867; x_wconf 87' lang='lat' dir='ltr'><strong>rem</strong></span> <span class='ocrx_word' id='word_1_320' title='bbox 2892 824 3033 869; x_wconf 90' lang='lat' dir='ltr'><strong>sese</strong></span> <span class='ocrx_word' id='word_1_321' title='bbox 3075 813 3279 888; x_wconf 83' lang='lat' dir='ltr'><strong>parat.</strong></span> <span class='ocrx_word' id='word_1_322' title='bbox 3368 805 3622 871; x_wconf 88' lang='lat' dir='ltr'><strong>Verum</strong></span> <span class='ocrx_word' id='word_1_323' title='bbox 3667 808 4051 875; x_wconf 83' lang='lat' dir='ltr'><strong>interventu</strong></span> <span class='ocrx_word' id='word_1_324' title='bbox 4094 810 4214 877; x_wconf 91' lang='lat' dir='ltr'><strong>du-</strong></span> 
     </span>
     <span class='ocr_line' id='line_1_55' title="bbox 2255 888 4215 972; baseline 0.005 -18"><span class='ocrx_word' id='word_1_325' title='bbox 2255 909 2403 954; x_wconf 87' lang='lat' dir='ltr'><strong>cum</strong></span> <span class='ocrx_word' id='word_1_326' title='bbox 2450 888 3015 972; x_wconf 60' lang='lat' dir='ltr'><strong>Mechezburqensts</strong></span> <span class='ocrx_word' id='word_1_327' title='bbox 3066 899 3132 953; x_wconf 90' lang='lat' dir='ltr'><strong>et</strong></span> <span class='ocrx_word' id='word_1_328' title='bbox 3181 889 3518 957; x_wconf 76' lang='lat' dir='ltr'><strong>Pomerani</strong></span> <span class='ocrx_word' id='word_1_329' title='bbox 3574 892 3821 959; x_wconf 86' lang='lat' dir='ltr'><strong>factum</strong></span> <span class='ocrx_word' id='word_1_330' title='bbox 3838 946 3854 972; x_wconf 93' lang='lat'><strong>,</strong></span> <span class='ocrx_word' id='word_1_331' title='bbox 3912 906 3989 960; x_wconf 89' lang='lat' dir='ltr'><strong>ut</strong></span> <span class='ocrx_word' id='word_1_332' title='bbox 4040 897 4215 964; x_wconf 88' lang='lat' dir='ltr'><strong>acies</strong></span> 
     </span>
     <span class='ocr_line' id='line_1_56' title="bbox 2255 972 4214 1065; baseline 0.004 -25"><span class='ocrx_word' id='word_1_333' title='bbox 2255 973 2671 1040; x_wconf 86' lang='lat' dir='ltr'><strong>substiterint</strong></span> <span class='ocrx_word' id='word_1_334' title='bbox 2724 976 2807 1039; x_wconf 90' lang='lat' dir='ltr'><strong>ad</strong></span> <span class='ocrx_word' id='word_1_335' title='bbox 2864 972 3003 1040; x_wconf 90' lang='lat' dir='ltr'><strong>dies</strong></span> <span class='ocrx_word' id='word_1_336' title='bbox 3060 995 3320 1058; x_wconf 89' lang='lat' dir='ltr'><strong>paucos.</strong></span> <span class='ocrx_word' id='word_1_337' title='bbox 3412 975 3547 1043; x_wconf 83' lang='lat' dir='ltr'><strong>Sed</strong></span> <span class='ocrx_word' id='word_1_338' title='bbox 3591 999 3794 1061; x_wconf 91' lang='lat' dir='ltr'><strong>quum</strong></span> <span class='ocrx_word' id='word_1_339' title='bbox 3839 1002 3960 1046; x_wconf 91' lang='lat' dir='ltr'><strong>nec</strong></span> <span class='ocrx_word' id='word_1_340' title='bbox 4002 984 4214 1065; x_wconf 89' lang='lat' dir='ltr'><strong>preci-</strong></span> 
     </span>
     <span class='ocr_line' id='line_1_57' title="bbox 2251 1060 4207 1152; baseline 0.004 -25"><span class='ocrx_word' id='word_1_341' title='bbox 2251 1060 2377 1127; x_wconf 90' lang='lat' dir='ltr'><strong>bus</strong></span> <span class='ocrx_word' id='word_1_342' title='bbox 2421 1082 2544 1148; x_wconf 88' lang='lat' dir='ltr'><strong>nec</strong></span> <span class='ocrx_word' id='word_1_343' title='bbox 2586 1061 2937 1126; x_wconf 88' lang='lat' dir='ltr'><strong>autoritate</strong></span> <span class='ocrx_word' id='word_1_344' title='bbox 2980 1061 3364 1144; x_wconf 90' lang='lat' dir='ltr'><strong>cuiusquam</strong></span> <span class='ocrx_word' id='word_1_345' title='bbox 3408 1064 3581 1129; x_wconf 86' lang='lat' dir='ltr'><strong>flecti</strong></span> <span class='ocrx_word' id='word_1_346' title='bbox 3626 1064 3926 1131; x_wconf 84' lang='lat' dir='ltr'><strong>Marchio</strong></span> <span class='ocrx_word' id='word_1_347' title='bbox 3970 1078 4207 1152; x_wconf 92' lang='lat' dir='ltr'><strong>posset,</strong></span> 
     </span>
     <span class='ocr_line' id='line_1_58' title="bbox 2254 1146 4214 1220; baseline 0.005 -9"><span class='ocrx_word' id='word_1_348' title='bbox 2254 1153 2323 1212; x_wconf 90' lang='lat' dir='ltr'><strong>et</strong></span> <span class='ocrx_word' id='word_1_349' title='bbox 2365 1146 2496 1211; x_wconf 90' lang='lat' dir='ltr'><strong>iam</strong></span> <span class='ocrx_word' id='word_1_350' title='bbox 2542 1168 2674 1211; x_wconf 90' lang='lat' dir='ltr'><strong>non</strong></span> <span class='ocrx_word' id='word_1_351' title='bbox 2719 1147 2992 1213; x_wconf 90' lang='lat' dir='ltr'><strong>obscure</strong></span> <span class='ocrx_word' id='word_1_352' title='bbox 3048 1168 3241 1212; x_wconf 89' lang='lat' dir='ltr'><strong>suum</strong></span> <span class='ocrx_word' id='word_1_353' title='bbox 3298 1150 3658 1215; x_wconf 83' lang='lat' dir='ltr'><strong>exercitum</strong></span> <span class='ocrx_word' id='word_1_354' title='bbox 3703 1151 4016 1218; x_wconf 88' lang='lat' dir='ltr'><strong>Hassiam</strong></span> <span class='ocrx_word' id='word_1_355' title='bbox 4062 1176 4214 1220; x_wconf 85' lang='lat' dir='ltr'><strong>ver-</strong></span> 
     </span>
     <span class='ocr_line' id='line_1_59' title="bbox 2254 1231 4212 1312; baseline 0.005 -15"><span class='ocrx_word' id='word_1_356' title='bbox 2254 1252 2367 1298; x_wconf 93' lang='lat' dir='ltr'><strong>sus</strong></span> <span class='ocrx_word' id='word_1_357' title='bbox 2412 1231 2730 1299; x_wconf 87' lang='lat' dir='ltr'><strong>deducere</strong></span> <span class='ocrx_word' id='word_1_358' title='bbox 2776 1232 3229 1312; x_wconf 87' lang='lat' dir='ltr'><strong>contenderet,</strong></span> <span class='ocrx_word' id='word_1_359' title='bbox 3289 1233 3602 1299; x_wconf 87' lang='lat' dir='ltr'><strong>nimirum</strong></span> <span class='ocrx_word' id='word_1_360' title='bbox 3660 1245 3737 1301; x_wconf 89' lang='lat' dir='ltr'><strong>ut</strong></span> <span class='ocrx_word' id='word_1_361' title='bbox 3794 1258 3947 1304; x_wconf 88' lang='lat' dir='ltr'><strong>suos</strong></span> <span class='ocrx_word' id='word_1_362' title='bbox 3993 1237 4212 1306; x_wconf 82' lang='lat' dir='ltr'><strong>Swin-</strong></span> 
     </span>
     <span class='ocr_line' id='line_1_60' title="bbox 2252 1316 4215 1403; baseline 0.005 -20"><span class='ocrx_word' id='word_1_363' title='bbox 2252 1317 2417 1383; x_wconf 89' lang='lat' dir='ltr'><strong>furti</strong></span> <span class='ocrx_word' id='word_1_364' title='bbox 2472 1319 2765 1384; x_wconf 87' lang='lat' dir='ltr'><strong>obsessos</strong></span> <span class='ocrx_word' id='word_1_365' title='bbox 2821 1316 3133 1383; x_wconf 86' lang='lat' dir='ltr'><strong>liberaret</strong></span> <span class='ocrx_word' id='word_1_366' title='bbox 3184 1329 3253 1384; x_wconf 90' lang='lat' dir='ltr'><strong>et</strong></span> <span class='ocrx_word' id='word_1_367' title='bbox 3293 1319 3718 1403; x_wconf 86' lang='lat' dir='ltr'><strong>Imperatoris</strong></span> <span class='ocrx_word' id='word_1_368' title='bbox 3769 1323 3978 1388; x_wconf 89' lang='lat' dir='ltr'><strong>filium</strong></span> <span class='ocrx_word' id='word_1_369' title='bbox 4036 1327 4215 1392; x_wconf 88' lang='lat' dir='ltr'><strong>exci-</strong></span> 
     </span>
     <span class='ocr_line' id='line_1_61' title="bbox 2254 1403 4213 1498; baseline 0.005 -30"><span class='ocrx_word' id='word_1_370' title='bbox 2254 1410 2458 1487; x_wconf 87' lang='lat' dir='ltr'><strong>peret,</strong></span> <span class='ocrx_word' id='word_1_371' title='bbox 2503 1405 2892 1487; x_wconf 82' lang='lat' dir='ltr'><strong>insequutus</strong></span> <span class='ocrx_word' id='word_1_372' title='bbox 2936 1411 3037 1469; x_wconf 88' lang='lat' dir='ltr'><strong>est</strong></span> <span class='ocrx_word' id='word_1_373' title='bbox 3079 1403 3473 1485; x_wconf 74' lang='lat' dir='ltr'><strong>MauriciuS,</strong></span> <span class='ocrx_word' id='word_1_374' title='bbox 3536 1414 3604 1471; x_wconf 92' lang='lat' dir='ltr'><strong>et</strong></span> <span class='ocrx_word' id='word_1_375' title='bbox 3643 1415 4050 1491; x_wconf 87' lang='lat' dir='ltr'><strong>postremum</strong></span> <span class='ocrx_word' id='word_1_376' title='bbox 4096 1433 4213 1498; x_wconf 90' lang='lat' dir='ltr'><strong>ag-</strong></span> 
     </span>
     <span class='ocr_line' id='line_1_62' title="bbox 2251 1489 4212 1574; baseline 0.004 -19"><span class='ocrx_word' id='word_1_377' title='bbox 2251 1512 2403 1555; x_wconf 92' lang='lat' dir='ltr'><strong>men</strong></span> <span class='ocrx_word' id='word_1_378' title='bbox 2426 1490 2808 1556; x_wconf 84' lang='lat' dir='ltr'><strong>velitaribus</strong></span> <span class='ocrx_word' id='word_1_379' title='bbox 2851 1490 3089 1574; x_wconf 86' lang='lat' dir='ltr'><strong>pugnis</strong></span> <span class='ocrx_word' id='word_1_380' title='bbox 3133 1489 3229 1554; x_wconf 89' lang='lat' dir='ltr'><strong>ita</strong></span> <span class='ocrx_word' id='word_1_381' title='bbox 3274 1492 3559 1571; x_wconf 83' lang='lat' dir='ltr'><strong>vexavit,</strong></span> <span class='ocrx_word' id='word_1_382' title='bbox 3608 1504 3686 1558; x_wconf 92' lang='lat' dir='ltr'><strong>ut</strong></span> <span class='ocrx_word' id='word_1_383' title='bbox 3729 1493 3812 1559; x_wconf 86' lang='lat' dir='ltr'><strong>ad</strong></span> <span class='ocrx_word' id='word_1_384' title='bbox 3838 1495 4079 1560; x_wconf 85' lang='lat' dir='ltr'><strong>iustam</strong></span> <span class='ocrx_word' id='word_1_385' title='bbox 4123 1500 4212 1563; x_wconf 89' lang='lat' dir='ltr'><strong>sit</strong></span> 
     </span>
     <span class='ocr_line' id='line_1_63' title="bbox 2254 1575 4209 1662; baseline 0.005 -21"><span class='ocrx_word' id='word_1_386' title='bbox 2254 1584 2526 1642; x_wconf 84' lang='lat' dir='ltr'><strong>ventum</strong></span> <span class='ocrx_word' id='word_1_387' title='bbox 2594 1575 3078 1641; x_wconf 89' lang='lat' dir='ltr'><strong>dimicationem</strong></span> <span class='ocrx_word' id='word_1_388' title='bbox 3137 1577 3398 1642; x_wconf 88' lang='lat' dir='ltr'><strong>aciebus</strong></span> <span class='ocrx_word' id='word_1_389' title='bbox 3454 1577 3762 1662; x_wconf 86' lang='lat' dir='ltr'><strong>utrinque</strong></span> <span class='ocrx_word' id='word_1_390' title='bbox 3827 1583 4209 1662; x_wconf 90' lang='lat' dir='ltr'><strong>commissis,</strong></span> 
     </span>
     <span class='ocr_line' id='line_1_64' title="bbox 2255 1659 4211 1751; baseline 0.004 -25"><span class='ocrx_word' id='word_1_391' title='bbox 2255 1659 2360 1726; x_wconf 91' lang='lat' dir='ltr'><strong>die</strong></span> <span class='ocrx_word' id='word_1_392' title='bbox 2418 1667 2476 1726; x_wconf 88' lang='grc'><strong>9.</strong></span> <span class='ocrx_word' id='word_1_393' title='bbox 2521 1661 2680 1727; x_wconf 90' lang='lat' dir='ltr'><strong>Iulii</strong></span> <span class='ocrx_word' id='word_1_394' title='bbox 2737 1662 2819 1727; x_wconf 90' lang='lat' dir='ltr'><strong>ab</strong></span> <span class='ocrx_word' id='word_1_395' title='bbox 2885 1662 3049 1727; x_wconf 87' lang='lat' dir='ltr'><strong>hora</strong></span> <span class='ocrx_word' id='word_1_396' title='bbox 3114 1661 3309 1726; x_wconf 89' lang='lat' dir='ltr'><strong>tertia</strong></span> <span class='ocrx_word' id='word_1_397' title='bbox 3363 1662 3814 1746; x_wconf 89' lang='lat' dir='ltr'><strong>pomeridiana</strong></span> <span class='ocrx_word' id='word_1_398' title='bbox 3867 1677 4073 1751; x_wconf 85' lang='lat' dir='ltr'><strong>usque</strong></span> <span class='ocrx_word' id='word_1_399' title='bbox 4126 1668 4211 1734; x_wconf 90' lang='lat' dir='ltr'><strong>ad</strong></span> 
     </span>
     <span class='ocr_line' id='line_1_65' title="bbox 2253 1747 4214 1835; baseline 0.003 -21"><span class='ocrx_word' id='word_1_400' title='bbox 2253 1768 2616 1831; x_wconf 85' lang='lat' dir='ltr'><strong>vesperam,</strong></span> <span class='ocrx_word' id='word_1_401' title='bbox 2662 1754 2884 1833; x_wconf 87' lang='lat' dir='ltr'><strong>strage</strong></span> <span class='ocrx_word' id='word_1_402' title='bbox 2925 1750 2996 1813; x_wconf 89' lang='lat' dir='ltr'><strong>in</strong></span> <span class='ocrx_word' id='word_1_403' title='bbox 3043 1749 3180 1813; x_wconf 88' lang='lat' dir='ltr'><strong>enti</strong></span> <span class='ocrx_word' id='word_1_404' title='bbox 3222 1747 3821 1816; x_wconf 81' lang='lat' dir='ltr'><strong>Marchionicorum</strong></span> <span class='ocrx_word' id='word_1_405' title='bbox 3856 1752 3968 1835; x_wconf 89' lang='lat' dir='ltr'><strong>qui</strong></span> <span class='ocrx_word' id='word_1_406' title='bbox 4001 1753 4074 1819; x_wconf 88' lang='lat' dir='ltr'><strong>in</strong></span> <span class='ocrx_word' id='word_1_407' title='bbox 4107 1755 4214 1819; x_wconf 84' lang='lat' dir='ltr'><strong>fu-</strong></span> 
     </span>
     <span class='ocr_line' id='line_1_66' title="bbox 2253 1834 4211 1923; baseline 0.005 -26"><span class='ocrx_word' id='word_1_408' title='bbox 2253 1853 2406 1919; x_wconf 85' lang='lat' dir='ltr'><strong>gam</strong></span> <span class='ocrx_word' id='word_1_409' title='bbox 2467 1841 2629 1899; x_wconf 90' lang='lat' dir='ltr'><strong>sunt</strong></span> <span class='ocrx_word' id='word_1_410' title='bbox 2684 1834 2814 1899; x_wconf 90' lang='lat' dir='ltr'><strong>acti</strong></span> <span class='ocrx_word' id='word_1_411' title='bbox 2871 1841 2987 1898; x_wconf 89' lang='lat' dir='ltr'><strong>tan</strong></span> <span class='ocrx_word' id='word_1_412' title='bbox 3034 1855 3138 1899; x_wconf 90' lang='lat' dir='ltr'><strong>em</strong></span> <span class='ocrx_word' id='word_1_413' title='bbox 3191 1844 3259 1899; x_wconf 92' lang='lat' dir='ltr'><strong>et</strong></span> <span class='ocrx_word' id='word_1_414' title='bbox 3313 1835 3395 1900; x_wconf 91' lang='lat' dir='ltr'><strong>ab</strong></span> <span class='ocrx_word' id='word_1_415' title='bbox 3441 1834 3859 1922; x_wconf 67' lang='lat' dir='ltr'><strong>Heideyclaero</strong></span> <span class='ocrx_word' id='word_1_416' title='bbox 3901 1859 4211 1923; x_wconf 87' lang='lat' dir='ltr'><strong>supremo</strong></span> 
     </span>
     <span class='ocr_line' id='line_1_67' title="bbox 2253 1919 4209 2005; baseline 0.005 -22"><span class='ocrx_word' id='word_1_417' title='bbox 2253 1920 2545 2003; x_wconf 88' lang='lat' dir='ltr'><strong>equitum</strong></span> <span class='ocrx_word' id='word_1_418' title='bbox 2580 1920 2897 2005; x_wconf 85' lang='lat' dir='ltr'><strong>magistro</strong></span> <span class='ocrx_word' id='word_1_419' title='bbox 2932 1919 3332 1985; x_wconf 90' lang='lat' dir='ltr'><strong>horrendum</strong></span> <span class='ocrx_word' id='word_1_420' title='bbox 3367 1921 3439 1986; x_wconf 91' lang='lat' dir='ltr'><strong>in</strong></span> <span class='ocrx_word' id='word_1_421' title='bbox 3471 1921 3737 1992; x_wconf 87' lang='lat' dir='ltr'><strong>modum</strong></span> <span class='ocrx_word' id='word_1_422' title='bbox 3777 1924 4004 1991; x_wconf 87' lang='lat' dir='ltr'><strong>attriti.</strong></span> <span class='ocrx_word' id='word_1_423' title='bbox 4050 1922 4209 1992; x_wconf 81' lang='lat' dir='ltr'><strong>Vic-</strong></span> 
     </span>
     <span class='ocr_line' id='line_1_68' title="bbox 2253 2003 4213 2089; baseline 0.003 -19"><span class='ocrx_word' id='word_1_424' title='bbox 2253 2006 2427 2071; x_wconf 91' lang='lat' dir='ltr'><strong>toria</strong></span> <span class='ocrx_word' id='word_1_425' title='bbox 2470 2025 2627 2089; x_wconf 89' lang='lat' dir='ltr'><strong>ergo</strong></span> <span class='ocrx_word' id='word_1_426' title='bbox 2670 2006 2916 2088; x_wconf 89' lang='lat' dir='ltr'><strong>potitus</strong></span> <span class='ocrx_word' id='word_1_427' title='bbox 2959 2003 3327 2071; x_wconf 75' lang='lat' dir='ltr'><strong>Mauricius</strong></span> <span class='ocrx_word' id='word_1_428' title='bbox 3382 2013 3485 2071; x_wconf 89' lang='lat' dir='ltr'><strong>est</strong></span> <span class='ocrx_word' id='word_1_429' title='bbox 3541 2007 3656 2074; x_wconf 90' lang='lat' dir='ltr'><strong>sed</strong></span> <span class='ocrx_word' id='word_1_430' title='bbox 3706 2028 3785 2073; x_wconf 91' lang='lat' dir='ltr'><strong>ea</strong></span> <span class='ocrx_word' id='word_1_431' title='bbox 3904 2019 4213 2076; x_wconf 88' lang='lat' dir='ltr'><strong>rcruenta</strong></span> 
     </span>
     <span class='ocr_line' id='line_1_69' title="bbox 2253 2030 4210 2263; baseline 0.003 -22"><span class='ocrx_word' id='word_1_432' title='bbox 2253 2110 2478 2242; x_wconf 53' lang='lat'><strong>2220.</strong></span> <span class='ocrx_word' id='word_1_433' title='bbox 2527 2030 4210 2263; x_wconf 49' lang='lat' dir='ltr'><strong>2³3..3²3⁸{?12.⁸ffiss.333⁶2,.?3ss333.5ffiffl</strong></span> 
     </span>
     <span class='ocr_line' id='line_1_70' title="bbox 2252 2262 4211 2346; baseline 0.003 -19"><span class='ocrx_word' id='word_1_434' title='bbox 2252 2283 2383 2345; x_wconf 90' lang='lat' dir='ltr'><strong>que</strong></span> <span class='ocrx_word' id='word_1_435' title='bbox 2426 2262 2626 2329; x_wconf 90' lang='lat' dir='ltr'><strong>duces</strong></span> <span class='ocrx_word' id='word_1_436' title='bbox 2669 2274 2738 2329; x_wconf 90' lang='lat' dir='ltr'><strong>et</strong></span> <span class='ocrx_word' id='word_1_437' title='bbox 2779 2263 3042 2328; x_wconf 86' lang='lat' dir='ltr'><strong>triarios</strong></span> <span class='ocrx_word' id='word_1_438' title='bbox 3084 2262 3348 2342; x_wconf 91' lang='lat' dir='ltr'><strong>milites,</strong></span> <span class='ocrx_word' id='word_1_439' title='bbox 3396 2262 3774 2346; x_wconf 74' lang='lat' dir='ltr'><strong>Philippum</strong></span> <span class='ocrx_word' id='word_1_440' title='bbox 3816 2274 3885 2331; x_wconf 92' lang='lat' dir='ltr'><strong>et</strong></span> <span class='ocrx_word' id='word_1_441' title='bbox 3909 2265 4211 2333; x_wconf 77' lang='lat' dir='ltr'><strong>Carolum</strong></span> 
     </span>
     <span class='ocr_line' id='line_1_71' title="bbox 2268 2347 4208 2437; baseline 0.003 -24"><span class='ocrx_word' id='word_1_442' title='bbox 2268 2348 2570 2415; x_wconf 58' lang='lat' dir='ltr'><strong>Victorem</strong></span> <span class='ocrx_word' id='word_1_443' title='bbox 2612 2347 2906 2414; x_wconf 74' lang='lat' dir='ltr'><strong>Heinrici</strong></span> <span class='ocrx_word' id='word_1_444' title='bbox 2948 2347 3458 2415; x_wconf 84' lang='lat' dir='ltr'><strong>Brunsvicensis</strong></span> <span class='ocrx_word' id='word_1_445' title='bbox 3499 2349 3670 2415; x_wconf 89' lang='lat' dir='ltr'><strong>filios</strong></span> <span class='ocrx_word' id='word_1_446' title='bbox 3715 2361 3783 2415; x_wconf 91' lang='lat' dir='ltr'><strong>et</strong></span> <span class='ocrx_word' id='word_1_447' title='bbox 3825 2350 4044 2435; x_wconf 90' lang='lat' dir='ltr'><strong>ipsum</strong></span> <span class='ocrx_word' id='word_1_448' title='bbox 4085 2374 4208 2437; x_wconf 86' lang='lat' dir='ltr'><strong>pa-</strong></span> 
     </span>
     <span class='ocr_line' id='line_1_72' title="bbox 2252 2433 4208 2520; baseline 0.003 -21"><span class='ocrx_word' id='word_1_449' title='bbox 2252 2442 2424 2500; x_wconf 89' lang='lat' dir='ltr'><strong>trem</strong></span> <span class='ocrx_word' id='word_1_450' title='bbox 2469 2433 2874 2512; x_wconf 76' lang='lat' dir='ltr'><strong>Hemichum,</strong></span> <span class='ocrx_word' id='word_1_451' title='bbox 2933 2433 3316 2500; x_wconf 88' lang='lat' dir='ltr'><strong>bellatorem</strong></span> <span class='ocrx_word' id='word_1_452' title='bbox 3368 2444 3684 2520; x_wconf 83' lang='lat' dir='ltr'><strong>perpetuo</strong></span> <span class='ocrx_word' id='word_1_453' title='bbox 3741 2436 4070 2503; x_wconf 89' lang='lat' dir='ltr'><strong>infelicem</strong></span> <span class='ocrx_word' id='word_1_454' title='bbox 4112 2439 4208 2504; x_wconf 90' lang='lat' dir='ltr'><strong>le-</strong></span> 
     </span>
     <span class='ocr_line' id='line_1_73' title="bbox 2251 2518 4209 2607; baseline 0.003 -22"><span class='ocrx_word' id='word_1_455' title='bbox 2251 2519 2473 2586; x_wconf 85' lang='lat' dir='ltr'><strong>taliter</strong></span> <span class='ocrx_word' id='word_1_456' title='bbox 2515 2520 2956 2600; x_wconf 85' lang='lat' dir='ltr'><strong>vulneratum,</strong></span> <span class='ocrx_word' id='word_1_457' title='bbox 3000 2518 3397 2586; x_wconf 58' lang='lat' dir='ltr'><strong>Maur-icium</strong></span> <span class='ocrx_word' id='word_1_458' title='bbox 3429 2542 3586 2588; x_wconf 85' lang='lat' dir='ltr'><strong>vero</strong></span> <span class='ocrx_word' id='word_1_459' title='bbox 3625 2521 3865 2607; x_wconf 89' lang='lat' dir='ltr'><strong>glande</strong></span> <span class='ocrx_word' id='word_1_460' title='bbox 3906 2522 4209 2590; x_wconf 87' lang='lat' dir='ltr'><strong>bombar-</strong></span> 
     </span>
     <span class='ocr_line' id='line_1_74' title="bbox 2253 2605 4210 2695; baseline 0.002 -24"><span class='ocrx_word' id='word_1_461' title='bbox 2253 2605 2398 2673; x_wconf 87' lang='lat' dir='ltr'><strong>dica</strong></span> <span class='ocrx_word' id='word_1_462' title='bbox 2438 2606 2665 2685; x_wconf 88' lang='lat' dir='ltr'><strong>ictum,</strong></span> <span class='ocrx_word' id='word_1_463' title='bbox 2709 2626 3082 2691; x_wconf 88' lang='lat' dir='ltr'><strong>quanquam</strong></span> <span class='ocrx_word' id='word_1_464' title='bbox 3125 2607 3347 2672; x_wconf 90' lang='lat' dir='ltr'><strong>minus</strong></span> <span class='ocrx_word' id='word_1_465' title='bbox 3388 2607 3771 2692; x_wconf 88' lang='lat' dir='ltr'><strong>periculose.</strong></span> <span class='ocrx_word' id='word_1_466' title='bbox 3837 2608 4019 2675; x_wconf 83' lang='lat' dir='ltr'><strong>Hinc</strong></span> <span class='ocrx_word' id='word_1_467' title='bbox 4051 2631 4210 2695; x_wconf 87' lang='lat' dir='ltr'><strong>ergo</strong></span> 
     </span>
     <span class='ocr_line' id='line_1_75' title="bbox 2251 2690 4210 2780; baseline 0.002 -22"><span class='ocrx_word' id='word_1_468' title='bbox 2251 2690 2577 2776; x_wconf 86' lang='lat' dir='ltr'><strong>colligitur</strong></span> <span class='ocrx_word' id='word_1_469' title='bbox 2612 2713 2779 2775; x_wconf 88' lang='lat' dir='ltr'><strong>quae</strong></span> <span class='ocrx_word' id='word_1_470' title='bbox 2812 2712 2856 2776; x_wconf 89' lang='lat' dir='ltr'><strong>p</strong></span> <span class='ocrx_word' id='word_1_471' title='bbox 2985 2691 3000 2705; x_wconf 81' lang='lat'><em>⁰</em></span> <span class='ocrx_word' id='word_1_472' title='bbox 3093 2698 3309 2758; x_wconf 85' lang='lat' dir='ltr'><strong>torum</strong></span> <span class='ocrx_word' id='word_1_473' title='bbox 3344 2714 3486 2759; x_wconf 91' lang='lat' dir='ltr'><strong>sors</strong></span> <span class='ocrx_word' id='word_1_474' title='bbox 3519 2694 3739 2773; x_wconf 87' lang='lat' dir='ltr'><strong>fuerit,</strong></span> <span class='ocrx_word' id='word_1_475' title='bbox 3782 2705 4210 2780; x_wconf 84' lang='lat' dir='ltr'><strong>posteaquam</strong></span> 
     </span>
     <span class='ocr_line' id='line_1_76' title="bbox 2252 2777 4210 2847; baseline 0.003 -5"><span class='ocrx_word' id='word_1_476' title='bbox 2252 2786 2436 2843; x_wconf 85' lang='lat' dir='ltr'><strong>tanto</strong></span> <span class='ocrx_word' id='word_1_477' title='bbox 2478 2779 2773 2845; x_wconf 88' lang='lat' dir='ltr'><strong>constitit</strong></span> <span class='ocrx_word' id='word_1_478' title='bbox 2813 2777 3090 2844; x_wconf 78' lang='lat' dir='ltr'><strong>victoria</strong></span> <span class='ocrx_word' id='word_1_479' title='bbox 3130 2779 3384 2844; x_wconf 85' lang='lat' dir='ltr'><strong>victori.</strong></span> <span class='ocrx_word' id='word_1_480' title='bbox 3488 2777 3624 2845; x_wconf 83' lang='lat' dir='ltr'><strong>Sed</strong></span> <span class='ocrx_word' id='word_1_481' title='bbox 3684 2781 4002 2847; x_wconf 89' lang='lat' dir='ltr'><strong>eiusmodi</strong></span> <span class='ocrx_word' id='word_1_482' title='bbox 4044 2781 4210 2847; x_wconf 84' lang='lat' dir='ltr'><strong>solet</strong></span> 
     </span>
     <span class='ocr_line' id='line_1_77' title="bbox 2250 2862 4207 2951; baseline 0.003 -23"><span class='ocrx_word' id='word_1_483' title='bbox 2250 2864 2465 2930; x_wconf 89' lang='lat' dir='ltr'><strong>rabies</strong></span> <span class='ocrx_word' id='word_1_484' title='bbox 2497 2864 2568 2929; x_wconf 89' lang='lat' dir='ltr'><strong>in</strong></span> <span class='ocrx_word' id='word_1_485' title='bbox 2602 2862 2790 2929; x_wconf 91' lang='lat' dir='ltr'><strong>bellis</strong></span> <span class='ocrx_word' id='word_1_486' title='bbox 2823 2862 3127 2930; x_wconf 82' lang='lat' dir='ltr'><strong>civilibus</strong></span> <span class='ocrx_word' id='word_1_487' title='bbox 3169 2863 3506 2931; x_wconf 87' lang='lat' dir='ltr'><strong>declarari.</strong></span> <span class='ocrx_word' id='word_1_488' title='bbox 3576 2864 3673 2931; x_wconf 94' lang='lat' dir='ltr'><strong>De</strong></span> <span class='ocrx_word' id='word_1_489' title='bbox 3696 2866 3968 2946; x_wconf 78' lang='lat' dir='ltr'><strong>Alberto,</strong></span> <span class='ocrx_word' id='word_1_490' title='bbox 4004 2888 4207 2951; x_wconf 91' lang='lat' dir='ltr'><strong>quum</strong></span> 
     </span>
     <span class='ocr_line' id='line_1_78' title="bbox 2251 2949 4206 3035; baseline 0.002 -20"><span class='ocrx_word' id='word_1_491' title='bbox 2251 2950 2484 3015; x_wconf 85' lang='lat' dir='ltr'><strong>castris</strong></span> <span class='ocrx_word' id='word_1_492' title='bbox 2528 2949 2951 3035; x_wconf 85' lang='lat' dir='ltr'><strong>egrederetur</strong></span> <span class='ocrx_word' id='word_1_493' title='bbox 3007 2949 3292 3016; x_wconf 89' lang='lat' dir='ltr'><strong>nuncius</strong></span> <span class='ocrx_word' id='word_1_494' title='bbox 3351 2949 3459 3016; x_wconf 87' lang='lat' dir='ltr'><strong>die</strong></span> <span class='ocrx_word' id='word_1_495' title='bbox 3508 2955 3586 3017; x_wconf 88' lang='lat'><strong>10</strong></span> <span class='ocrx_word' id='word_1_496' title='bbox 3656 2951 3815 3017; x_wconf 85' lang='lat' dir='ltr'><strong>Iulii</strong></span> <span class='ocrx_word' id='word_1_497' title='bbox 3831 3004 3847 3031; x_wconf 94' lang='lat'><strong>,</strong></span> <span class='ocrx_word' id='word_1_498' title='bbox 3905 2962 4206 3019; x_wconf 89' lang='lat' dir='ltr'><strong>constare</strong></span> 
     </span>
     <span class='ocr_line' id='line_1_79' title="bbox 2251 3034 4207 3121; baseline 0.002 -21"><span class='ocrx_word' id='word_1_499' title='bbox 2251 3034 2547 3101; x_wconf 88' lang='lat' dir='ltr'><strong>nondum</strong></span> <span class='ocrx_word' id='word_1_500' title='bbox 2591 3036 2807 3118; x_wconf 89' lang='lat' dir='ltr'><strong>potuit</strong></span> <span class='ocrx_word' id='word_1_501' title='bbox 2875 3043 3300 3121; x_wconf 84' lang='lat' dir='ltr'><strong>superstesne</strong></span> <span class='ocrx_word' id='word_1_502' title='bbox 3367 3034 3456 3101; x_wconf 89' lang='lat' dir='ltr'><strong>sit</strong></span> <span class='ocrx_word' id='word_1_503' title='bbox 3522 3057 3610 3101; x_wconf 90' lang='lat' dir='ltr'><strong>an</strong></span> <span class='ocrx_word' id='word_1_504' title='bbox 3677 3047 3976 3103; x_wconf 91' lang='lat' dir='ltr'><strong>mortuus</strong></span> <span class='ocrx_word' id='word_1_505' title='bbox 4032 3040 4207 3104; x_wconf 91' lang='lat' dir='ltr'><strong>inter</strong></span> 
     </span>
     <span class='ocr_line' id='line_1_80' title="bbox 2253 3119 4212 3273; baseline 0.002 -88"><span class='ocrx_word' id='word_1_506' title='bbox 2253 3119 2576 3187; x_wconf 86' lang='lat' dir='ltr'><strong>cadavera</strong></span> <span class='ocrx_word' id='word_1_507' title='bbox 2622 3122 2846 3200; x_wconf 91' lang='lat' dir='ltr'><strong>iaceat,</strong></span> <span class='ocrx_word' id='word_1_508' title='bbox 2892 3122 3044 3204; x_wconf 90' lang='lat' dir='ltr'><strong>quia</strong></span> <span class='ocrx_word' id='word_1_509' title='bbox 3169 3143 3295 3188; x_wconf 92' lang='lat' dir='ltr'><strong>uus</strong></span> <span class='ocrx_word' id='word_1_510' title='bbox 3338 3123 3477 3188; x_wconf 91' lang='lat' dir='ltr'><strong>eius</strong></span> <span class='ocrx_word' id='word_1_511' title='bbox 3513 3123 3656 3188; x_wconf 90' lang='lat' dir='ltr'><strong>sine</strong></span> <span class='ocrx_word' id='word_1_512' title='bbox 3699 3144 3950 3189; x_wconf 87' lang='lat' dir='ltr'><strong>sessore</strong></span> <span class='ocrx_word' id='word_1_513' title='bbox 3991 3145 4212 3273; x_wconf 42' lang='grc' dir='ltr'>τοξι-</span> 
     </span>
     <span class='ocr_line' id='line_1_81' title="bbox 2252 3209 4206 3293; baseline 0.003 -22"><span class='ocrx_word' id='word_1_514' title='bbox 2252 3215 2525 3286; x_wconf 91' lang='lat' dir='ltr'><strong>tusest,</strong></span> <span class='ocrx_word' id='word_1_515' title='bbox 2579 3209 2695 3272; x_wconf 79' lang='lat' dir='ltr'><strong>mit</strong></span> <span class='ocrx_word' id='word_1_516' title='bbox 2735 3227 2974 3293; x_wconf 68' lang='lat' dir='ltr'><strong>sweyen</strong></span> <span class='ocrx_word' id='word_1_517' title='bbox 3067 3212 3099 3226; x_wconf 73' lang='lat'><strong>⁶·</strong></span> <span class='ocrx_word' id='word_1_518' title='bbox 3206 3209 3982 3275; x_wconf 69' lang='lat' dir='ltr'><strong>mmdeinemmantel.</strong></span> <span class='ocrx_word' id='word_1_519' title='bbox 4139 3231 4206 3276; x_wconf 90' lang='lat' dir='ltr'><strong>e-</strong></span> 
     </span>
     <span class='ocr_line' id='line_1_82' title="bbox 2250 3292 3843 3379; baseline 0.002 -21"><span class='ocrx_word' id='word_1_520' title='bbox 2250 3314 2401 3358; x_wconf 89' lang='lat' dir='ltr'><strong>rum</strong></span> <span class='ocrx_word' id='word_1_521' title='bbox 2445 3292 2709 3377; x_wconf 85' lang='lat' dir='ltr'><strong>singula</strong></span> <span class='ocrx_word' id='word_1_522' title='bbox 2751 3314 2904 3358; x_wconf 86' lang='lat' dir='ltr'><strong>mox</strong></span> <span class='ocrx_word' id='word_1_523' title='bbox 2947 3293 3240 3360; x_wconf 85' lang='lat' dir='ltr'><strong>exactius</strong></span> <span class='ocrx_word' id='word_1_524' title='bbox 3281 3314 3762 3379; x_wconf 85' lang='lat' dir='ltr'><strong>cognoscemus.</strong></span> <span class='ocrx_word' id='word_1_525' title='bbox 3788 3299 3843 3373; x_wconf 80' lang='lat'><strong>⁴)</strong></span> 
     </span>
    </p>

    <p class='ocr_par' dir='ltr' id='par_1_23' title="bbox 2250 3379 4212 4390">
     <span class='ocr_line' id='line_1_83' title="bbox 2423 3379 4204 3464; baseline 0.003 -21"><span class='ocrx_word' id='word_1_526' title='bbox 2423 3379 2529 3443; x_wconf 91' lang='lat' dir='ltr'><strong>De</strong></span> <span class='ocrx_word' id='word_1_527' title='bbox 2575 3379 2742 3463; x_wconf 76' lang='lat' dir='ltr'><strong>Reye</strong></span> <span class='ocrx_word' id='word_1_528' title='bbox 2774 3379 3053 3464; x_wconf 71' lang='lat' dir='ltr'><strong>Anyliae</strong></span> <span class='ocrx_word' id='word_1_529' title='bbox 3096 3380 3451 3463; x_wconf 89' lang='lat' dir='ltr'><strong>accipimus</strong></span> <span class='ocrx_word' id='word_1_530' title='bbox 3494 3389 3610 3445; x_wconf 90' lang='lat' dir='ltr'><strong>aut</strong></span> <span class='ocrx_word' id='word_1_531' title='bbox 3652 3380 3787 3446; x_wconf 87' lang='lat' dir='ltr'><strong>fato</strong></span> <span class='ocrx_word' id='word_1_532' title='bbox 3840 3381 3974 3446; x_wconf 90' lang='lat' dir='ltr'><strong>iam</strong></span> <span class='ocrx_word' id='word_1_533' title='bbox 4017 3383 4204 3449; x_wconf 82' lang='lat' dir='ltr'><strong>func-</strong></span> 
     </span>
     <span class='ocr_line' id='line_1_84' title="bbox 2250 3463 4206 3551; baseline 0.002 -22"><span class='ocrx_word' id='word_1_534' title='bbox 2250 3471 2395 3529; x_wconf 87' lang='lat' dir='ltr'><strong>tum</strong></span> <span class='ocrx_word' id='word_1_535' title='bbox 2439 3470 2558 3530; x_wconf 87' lang='lat' dir='ltr'><strong>aut</strong></span> <span class='ocrx_word' id='word_1_536' title='bbox 2598 3473 2777 3531; x_wconf 88' lang='lat' dir='ltr'><strong>certe</strong></span> <span class='ocrx_word' id='word_1_537' title='bbox 2819 3485 2976 3530; x_wconf 85' lang='lat' dir='ltr'><strong>mox</strong></span> <span class='ocrx_word' id='word_1_538' title='bbox 3019 3463 3177 3530; x_wconf 88' lang='lat' dir='ltr'><strong>hinc</strong></span> <span class='ocrx_word' id='word_1_539' title='bbox 3219 3464 3302 3531; x_wconf 89' lang='lat' dir='ltr'><strong>ad</strong></span> <span class='ocrx_word' id='word_1_540' title='bbox 3344 3466 3709 3532; x_wconf 91' lang='lat' dir='ltr'><strong>Dominum</strong></span> <span class='ocrx_word' id='word_1_541' title='bbox 3766 3466 4206 3551; x_wconf 87' lang='lat' dir='ltr'><strong>migraturum</strong></span> 
     </span>
     <span class='ocr_line' id='line_1_85' title="bbox 2292 3549 4203 3635; baseline 0.001 -19"><span class='ocrx_word' id='word_1_542' title='bbox 2292 3550 2423 3616; x_wconf 89' lang='lat' dir='ltr'><strong>uod</strong></span> <span class='ocrx_word' id='word_1_543' title='bbox 2467 3549 2616 3615; x_wconf 89' lang='lat' dir='ltr'><strong>tabe</strong></span> <span class='ocrx_word' id='word_1_544' title='bbox 2658 3550 3001 3616; x_wconf 88' lang='lat' dir='ltr'><strong>incurabili</strong></span> <span class='ocrx_word' id='word_1_545' title='bbox 3046 3550 3298 3617; x_wconf 88' lang='lat' dir='ltr'><strong>laboret</strong></span> <span class='ocrx_word' id='word_1_546' title='bbox 3314 3603 3330 3631; x_wconf 95' lang='lat'><strong>,</strong></span> <span class='ocrx_word' id='word_1_547' title='bbox 3386 3552 3542 3635; x_wconf 90' lang='lat' dir='ltr'><strong>plan</strong></span> <span class='ocrx_word' id='word_1_548' title='bbox 3627 3573 3708 3617; x_wconf 90' lang='lat' dir='ltr'><strong>ue</strong></span> <span class='ocrx_word' id='word_1_549' title='bbox 3766 3551 4127 3635; x_wconf 87' lang='lat' dir='ltr'><strong>desperata.</strong></span> <span class='ocrx_word' id='word_1_550' title='bbox 4144 3555 4203 3629; x_wconf 66' lang='grc' dir='ltr'><strong>ὁ)</strong></span> 
     </span>
     <span class='ocr_line' id='line_1_86' title="bbox 2286 3636 4210 3721; baseline 0.002 -20"><span class='ocrx_word' id='word_1_551' title='bbox 2286 3636 2329 3701; x_wconf 92' lang='lat' dir='ltr'><strong>d</strong></span> <span class='ocrx_word' id='word_1_552' title='bbox 2371 3637 2426 3702; x_wconf 90' lang='lat' dir='ltr'><strong>si</strong></span> <span class='ocrx_word' id='word_1_553' title='bbox 2472 3656 2703 3701; x_wconf 80' lang='lat' dir='ltr'><strong>verum</strong></span> <span class='ocrx_word' id='word_1_554' title='bbox 2747 3648 2878 3716; x_wconf 88' lang='lat' dir='ltr'><strong>est,</strong></span> <span class='ocrx_word' id='word_1_555' title='bbox 2934 3637 3104 3702; x_wconf 89' lang='lat' dir='ltr'><strong>sicut</strong></span> <span class='ocrx_word' id='word_1_556' title='bbox 3146 3646 3369 3704; x_wconf 86' lang='lat' dir='ltr'><strong>metuo</strong></span> <span class='ocrx_word' id='word_1_557' title='bbox 3409 3657 3588 3720; x_wconf 90' lang='lat' dir='ltr'><strong>quan</strong></span> <span class='ocrx_word' id='word_1_558' title='bbox 3632 3637 3934 3721; x_wconf 88' lang='lat' dir='ltr'><strong>oquidem</strong></span> <span class='ocrx_word' id='word_1_559' title='bbox 3978 3636 4210 3704; x_wconf 87' lang='lat' dir='ltr'><strong>biblio·</strong></span> 
     </span>
     <span class='ocr_line' id='line_1_87' title="bbox 2252 3721 4209 3875; baseline 0.002 -89"><span class='ocrx_word' id='word_1_560' title='bbox 2252 3721 2404 3805; x_wconf 88' lang='lat' dir='ltr'><strong>pola</strong></span> <span class='ocrx_word' id='word_1_561' title='bbox 2444 3721 2662 3786; x_wconf 88' lang='lat' dir='ltr'><strong>Italus</strong></span> <span class='ocrx_word' id='word_1_562' title='bbox 2706 3732 2889 3787; x_wconf 87' lang='lat' dir='ltr'><strong>recta</strong></span> <span class='ocrx_word' id='word_1_563' title='bbox 2942 3722 3125 3789; x_wconf 90' lang='lat' dir='ltr'><strong>illinc</strong></span> <span class='ocrx_word' id='word_1_564' title='bbox 3167 3722 3443 3788; x_wconf 80' lang='lat' dir='ltr'><strong>veniens</strong></span> <span class='ocrx_word' id='word_1_565' title='bbox 3499 3723 3569 3788; x_wconf 90' lang='lat' dir='ltr'><strong>id</strong></span> <span class='ocrx_word' id='word_1_566' title='bbox 3626 3744 3698 3789; x_wconf 91' lang='lat' dir='ltr'><strong>se</strong></span> <span class='ocrx_word' id='word_1_567' title='bbox 3740 3743 3781 3787; x_wconf 91' lang='lat' dir='ltr'><strong>a</strong></span> <span class='ocrx_word' id='word_1_568' title='bbox 3817 3721 3948 3789; x_wconf 82' lang='lat' dir='ltr'><strong>fide</strong></span> <span class='ocrx_word' id='word_1_569' title='bbox 3991 3724 4209 3875; x_wconf 54' lang='lat' dir='ltr'><strong>diffinis</strong></span> 
     </span>
     <span class='ocr_line' id='line_1_88' title="bbox 2253 3809 4209 3892; baseline 0.002 -19"><span class='ocrx_word' id='word_1_570' title='bbox 2253 3809 2579 3889; x_wconf 89' lang='lat' dir='ltr'><strong>accepisse</strong></span> <span class='ocrx_word' id='word_1_571' title='bbox 2633 3809 2993 3873; x_wconf 77' lang='lat' dir='ltr'><strong>affirmavit</strong></span> <span class='ocrx_word' id='word_1_572' title='bbox 3045 3812 3431 3892; x_wconf 90' lang='lat' dir='ltr'><strong>iussumque</strong></span> <span class='ocrx_word' id='word_1_573' title='bbox 3476 3826 3619 3875; x_wconf 89' lang='lat' dir='ltr'><strong>esse</strong></span> <span class='ocrx_word' id='word_1_574' title='bbox 3670 3818 3749 3874; x_wconf 90' lang='lat' dir='ltr'><strong>ut</strong></span> <span class='ocrx_word' id='word_1_575' title='bbox 3789 3809 4050 3875; x_wconf 86' lang='lat' dir='ltr'><strong>Bernar</strong></span> <span class='ocrx_word' id='word_1_576' title='bbox 4099 3811 4209 3876; x_wconf 86' lang='lat' dir='ltr'><strong>&#39;no</strong></span> 
     </span>
     <span class='ocr_line' id='line_1_89' title="bbox 2260 3892 4210 3980; baseline 0.002 -22"><span class='ocrx_word' id='word_1_577' title='bbox 2260 3892 2492 3959; x_wconf 73' lang='lat' dir='ltr'><strong>Ochino</strong></span> <span class='ocrx_word' id='word_1_578' title='bbox 2531 3893 2601 3958; x_wconf 88' lang='lat' dir='ltr'><strong>id</strong></span> <span class='ocrx_word' id='word_1_579' title='bbox 2654 3895 2727 3958; x_wconf 92' lang='lat' dir='ltr'><strong>in</strong></span> <span class='ocrx_word' id='word_1_580' title='bbox 2780 3896 3066 3959; x_wconf 88' lang='lat' dir='ltr'><strong>transitu</strong></span> <span class='ocrx_word' id='word_1_581' title='bbox 3121 3904 3500 3978; x_wconf 87' lang='lat' dir='ltr'><strong>secretoque</strong></span> <span class='ocrx_word' id='word_1_582' title='bbox 3545 3895 3965 3979; x_wconf 83' lang='lat' dir='ltr'><strong>significaret,</strong></span> <span class='ocrx_word' id='word_1_583' title='bbox 4010 3916 4210 3980; x_wconf 87' lang='lat' dir='ltr'><strong>argu-</strong></span> 
     </span>
     <span class='ocr_line' id='line_1_90' title="bbox 2252 3978 4211 4066; baseline 0.002 -22"><span class='ocrx_word' id='word_1_584' title='bbox 2252 3989 2551 4044; x_wconf 88' lang='lat' dir='ltr'><strong>mentum</strong></span> <span class='ocrx_word' id='word_1_585' title='bbox 2592 3987 2694 4044; x_wconf 88' lang='lat' dir='ltr'><strong>est</strong></span> <span class='ocrx_word' id='word_1_586' title='bbox 2735 3979 2960 4046; x_wconf 89' lang='lat' dir='ltr'><strong>iudicii</strong></span> <span class='ocrx_word' id='word_1_587' title='bbox 3003 3978 3132 4044; x_wconf 89' lang='lat' dir='ltr'><strong>Dei</strong></span> <span class='ocrx_word' id='word_1_588' title='bbox 3183 3981 3767 4064; x_wconf 89' lang='lat' dir='ltr'><strong>imperscrutabilis</strong></span> <span class='ocrx_word' id='word_1_589' title='bbox 3822 3982 3937 4066; x_wconf 89' lang='lat' dir='ltr'><strong>qui</strong></span> <span class='ocrx_word' id='word_1_590' title='bbox 3977 3984 4211 4048; x_wconf 89' lang='lat' dir='ltr'><strong>florem</strong></span> 
     </span>
     <span class='ocr_line' id='line_1_91' title="bbox 2251 4064 4212 4152; baseline 0.001 -22"><span class='ocrx_word' id='word_1_591' title='bbox 2251 4073 2591 4131; x_wconf 90' lang='lat' dir='ltr'><strong>ostcnsum</strong></span> <span class='ocrx_word' id='word_1_592' title='bbox 2611 4064 2663 4152; x_wconf 74' lang='lat'><strong>⁸)</strong></span> <span class='ocrx_word' id='word_1_593' title='bbox 2730 4076 2867 4130; x_wconf 91' lang='lat' dir='ltr'><strong>tam</strong></span> <span class='ocrx_word' id='word_1_594' title='bbox 2931 4065 3254 4131; x_wconf 90' lang='lat' dir='ltr'><strong>illustrem</strong></span> <span class='ocrx_word' id='word_1_595' title='bbox 3321 4064 3483 4132; x_wconf 88' lang='lat' dir='ltr'><strong>adeo</strong></span> <span class='ocrx_word' id='word_1_596' title='bbox 3541 4068 3670 4133; x_wconf 88' lang='lat' dir='ltr'><strong>cito</strong></span> <span class='ocrx_word' id='word_1_597' title='bbox 3727 4067 3944 4151; x_wconf 87' lang='lat' dir='ltr'><strong>eripit.</strong></span> <span class='ocrx_word' id='word_1_598' title='bbox 4033 4067 4212 4134; x_wconf 83' lang='lat' dir='ltr'><strong>Sunt</strong></span> 
     </span>
     <span class='ocr_line' id='line_1_92' title="bbox 2250 4149 4211 4237; baseline 0.001 -20"><span class='ocrx_word' id='word_1_599' title='bbox 2250 4152 2366 4234; x_wconf 92' lang='lat' dir='ltr'><strong>qui</strong></span> <span class='ocrx_word' id='word_1_600' title='bbox 2409 4150 2633 4217; x_wconf 89' lang='lat' dir='ltr'><strong>dicant</strong></span> <span class='ocrx_word' id='word_1_601' title='bbox 2655 4149 2953 4217; x_wconf 70' lang='lat' dir='ltr'><strong>Caesaris</strong></span> <span class='ocrx_word' id='word_1_602' title='bbox 2995 4152 3244 4217; x_wconf 88' lang='lat' dir='ltr'><strong>artibus</strong></span> <span class='ocrx_word' id='word_1_603' title='bbox 3286 4153 3565 4237; x_wconf 85' lang='lat' dir='ltr'><strong>petitum</strong></span> <span class='ocrx_word' id='word_1_604' title='bbox 3597 4154 4211 4219; x_wconf 83' lang='lat' dir='ltr'><strong>innocentissimum</strong></span> 
     </span>
     <span class='ocr_line' id='line_1_93' title="bbox 2250 4236 4211 4316; baseline 0.001 -13"><span class='ocrx_word' id='word_1_605' title='bbox 2250 4237 2576 4304; x_wconf 85' lang='lat' dir='ltr'><strong>iuvenem.</strong></span> <span class='ocrx_word' id='word_1_606' title='bbox 2666 4236 2803 4304; x_wconf 83' lang='lat' dir='ltr'><strong>Sed</strong></span> <span class='ocrx_word' id='word_1_607' title='bbox 2861 4236 3007 4302; x_wconf 84' lang='lat' dir='ltr'><strong>vale</strong></span> <span class='ocrx_word' id='word_1_608' title='bbox 3047 4238 3324 4316; x_wconf 90' lang='lat' dir='ltr'><strong>iterum,</strong></span> <span class='ocrx_word' id='word_1_609' title='bbox 3376 4238 3583 4304; x_wconf 88' lang='lat' dir='ltr'><strong>frater</strong></span> <span class='ocrx_word' id='word_1_610' title='bbox 3636 4239 3710 4304; x_wconf 90' lang='lat' dir='ltr'><strong>in</strong></span> <span class='ocrx_word' id='word_1_611' title='bbox 3753 4239 4043 4304; x_wconf 88' lang='lat' dir='ltr'><strong>Domino</strong></span> <span class='ocrx_word' id='word_1_612' title='bbox 4096 4239 4211 4304; x_wconf 88' lang='lat' dir='ltr'><strong>ob-</strong></span> 
     </span>
     <span class='ocr_line' id='line_1_94' title="bbox 2251 4321 3809 4390; baseline -0.001 0"><span class='ocrx_word' id='word_1_613' title='bbox 2251 4321 2777 4390; x_wconf 83' lang='lat' dir='ltr'><strong>servandissime.</strong></span> <span class='ocrx_word' id='word_1_614' title='bbox 2864 4323 2992 4388; x_wconf 90' lang='lat' dir='ltr'><strong>Die</strong></span> <span class='ocrx_word' id='word_1_615' title='bbox 3043 4327 3138 4388; x_wconf 86' lang='lat'><strong>19.</strong></span> <span class='ocrx_word' id='word_1_616' title='bbox 3181 4323 3337 4389; x_wconf 91' lang='lat' dir='ltr'><strong>Iulii</strong></span> <span class='ocrx_word' id='word_1_617' title='bbox 3378 4326 3577 4390; x_wconf 86' lang='lat' dir='ltr'><strong>Anno</strong></span> <span class='ocrx_word' id='word_1_618' title='bbox 3626 4328 3809 4389; x_wconf 87' lang='grc'><strong>1553.</strong></span> 
     </span>
    </p>
   </div>
   <div class='ocr_carea' id='block_1_20' title="bbox 3578 4440 4036 4509">
    <p class='ocr_par' dir='ltr' id='par_1_24' title="bbox 3578 4440 4036 4509">
     <span class='ocr_line' id='line_1_95' title="bbox 3578 4440 4036 4509; baseline -0.002 -1"><span class='ocrx_word' id='word_1_619' title='bbox 3578 4443 3654 4508; x_wconf 77' lang='grc' dir='ltr'><strong>Τ.</strong></span> <span class='ocrx_word' id='word_1_620' title='bbox 3700 4440 4036 4509; x_wconf 80' lang='lat' dir='ltr'><strong>Sulcerus.</strong></span> 
     </span>
    </p>
   </div>
   <div class='ocr_carea' id='block_1_21' title="bbox 2251 4594 3594 4855">
    <p class='ocr_par' dir='ltr' id='par_1_25' title="bbox 2251 4594 3594 4855">
     <span class='ocr_line' id='line_1_96' title="bbox 2423 4594 3594 4664; baseline -0.001 -2"><span class='ocrx_word' id='word_1_621' title='bbox 2423 4596 2646 4664; x_wconf 83' lang='lat' dir='ltr'><strong>Velim</strong></span> <span class='ocrx_word' id='word_1_622' title='bbox 2680 4598 2766 4664; x_wconf 88' lang='lat' dir='ltr'><strong>D.</strong></span> <span class='ocrx_word' id='word_1_623' title='bbox 2806 4594 3061 4663; x_wconf 65' lang='lat' dir='ltr'><strong>Fauno</strong></span> <span class='ocrx_word' id='word_1_624' title='bbox 3095 4595 3260 4662; x_wconf 87' lang='lat' dir='ltr'><strong>haec</strong></span> <span class='ocrx_word' id='word_1_625' title='bbox 3301 4614 3594 4662; x_wconf 91' lang='lat' dir='ltr'><strong>commu-</strong></span> 
     </span>
     <span class='ocr_line' id='line_1_97' title="bbox 2251 4681 3592 4784; baseline -0.001 -34"><span class='ocrx_word' id='word_1_626' title='bbox 2251 4685 2453 4764; x_wconf 86' lang='lat' dir='ltr'><strong>nices,</strong></span> <span class='ocrx_word' id='word_1_627' title='bbox 2489 4684 2598 4751; x_wconf 90' lang='lat' dir='ltr'><strong>cui</strong></span> <span class='ocrx_word' id='word_1_628' title='bbox 2626 4683 3034 4784; x_wconf 85' lang='lat' dir='ltr'><strong>scripsissem</strong></span> <span class='ocrx_word' id='word_1_629' title='bbox 3057 4682 3114 4748; x_wconf 89' lang='lat' dir='ltr'><strong>si</strong></span> <span class='ocrx_word' id='word_1_630' title='bbox 3147 4681 3442 4749; x_wconf 89' lang='lat' dir='ltr'><strong>licuisset</strong></span> <span class='ocrx_word' id='word_1_631' title='bbox 3473 4702 3592 4765; x_wconf 88' lang='lat' dir='ltr'><strong>per</strong></span> 
     </span>
     <span class='ocr_line' id='line_1_98' title="bbox 2251 4770 3013 4855; baseline -0.007 -18"><span class='ocrx_word' id='word_1_632' title='bbox 2251 4771 2563 4855; x_wconf 89' lang='lat' dir='ltr'><strong>temporis</strong></span> <span class='ocrx_word' id='word_1_633' title='bbox 2603 4770 3013 4837; x_wconf 69' lang='lat' dir='ltr'><strong>brev-itatem.</strong></span> 
     </span>
    </p>
   </div>
   <div class='ocr_carea' id='block_1_22' title="bbox 2251 4894 2663 4905">
    <p class='ocr_par' dir='ltr' id='par_1_26' title="bbox 2251 4894 2663 4905">
     <span class='ocr_line' id='line_1_99' title="bbox 2251 4894 2663 4905; baseline 0 1262"><span class='ocrx_word' id='word_1_634' title='bbox 2251 4894 2663 4905; x_wconf 95' lang='lat' dir='ltr'><strong> </strong></span> 
     </span>
    </p>
   </div>
   <div class='ocr_carea' id='block_1_23' title="bbox 2252 4939 4210 5355">
    <p class='ocr_par' dir='ltr' id='par_1_27' title="bbox 2252 4939 4210 5355">
     <span class='ocr_line' id='line_1_100' title="bbox 2361 4939 4210 5027; baseline -0.002 -30"><span class='ocrx_word' id='word_1_635' title='bbox 2361 4939 3541 5027; x_wconf 54' lang='grc' dir='ltr'><strong>Ηθῆαιςιιεῶο·«τοιιειαιιόοοο«ιοοιειιιιε,</strong></span> <span class='ocrx_word' id='word_1_636' title='bbox 3590 4939 3811 5010; x_wconf 62' lang='lat' dir='ltr'><strong>mannis</strong></span> <span class='ocrx_word' id='word_1_637' title='bbox 3862 4941 4210 4994; x_wconf 62' lang='lat' dir='ltr'><strong>mmm</strong></span> 
     </span>
     <span class='ocr_line' id='line_1_101' title="bbox 2252 5013 4207 5199; baseline -0.004 -62"><span class='ocrx_word' id='word_1_638' title='bbox 2252 5013 2782 5146; x_wconf 43' lang='grc' dir='ltr'><strong>ωαααὸῗὸἶέααε</strong></span> <span class='ocrx_word' id='word_1_639' title='bbox 2814 5078 2865 5135; x_wconf 79' lang='grc'><strong>6.</strong></span> <span class='ocrx_word' id='word_1_640' title='bbox 2901 5077 3043 5161; x_wconf 61' lang='grc' dir='ltr'><strong>ιωρει·</strong></span> <span class='ocrx_word' id='word_1_641' title='bbox 3074 5091 3226 5132; x_wconf 71' lang='lat' dir='ltr'><strong>«mo</strong></span> <span class='ocrx_word' id='word_1_642' title='bbox 3259 5083 3362 5158; x_wconf 60' lang='lat' dir='ltr'><strong>apt.</strong></span> <span class='ocrx_word' id='word_1_643' title='bbox 3404 5075 3470 5130; x_wconf 72' lang='grc' dir='ltr'><strong>ιθ</strong></span> <span class='ocrx_word' id='word_1_644' title='bbox 3505 5074 3697 5139; x_wconf 58' lang='lat' dir='ltr'><strong>(aaa.</strong></span> <span class='ocrx_word' id='word_1_645' title='bbox 3721 5074 3958 5199; x_wconf 46' lang='lat' dir='ltr'><strong>ham</strong></span> <span class='ocrx_word' id='word_1_646' title='bbox 3995 5075 4207 5148; x_wconf 59' lang='lat' dir='ltr'><strong>saw,</strong></span> 
     </span>
     <span class='ocr_line' id='line_1_102' title="bbox 2254 5145 4210 5355; baseline -0.005 -79"><span class='ocrx_word' id='word_1_647' title='bbox 2254 5145 3360 5355; x_wconf 42' lang='lat' dir='ltr'><strong>&amp;wwsffisrmffi</strong></span> <span class='ocrx_word' id='word_1_648' title='bbox 3378 5145 3762 5270; x_wconf 60' lang='lat' dir='ltr'><strong>m..</strong></span> <span class='ocrx_word' id='word_1_649' title='bbox 3860 5161 3928 5201; x_wconf 78' lang='lat'><strong>..</strong></span> <span class='ocrx_word' id='word_1_650' title='bbox 3963 5161 4069 5216; x_wconf 67' lang='lat'><strong>..0</strong></span> <span class='ocrx_word' id='word_1_651' title='bbox 4103 5145 4210 5202; x_wconf 54' lang='grc' dir='ltr'><strong>α*</strong></span> 
     </span>
    </p>

    <p class='ocr_par' dir='ltr' id='par_1_28' title="bbox 2553 5304 2878 5344">
     <span class='ocr_line' id='line_1_103' title="bbox 2553 5304 2878 5344; baseline -0.015 0"><span class='ocrx_word' id='word_1_652' title='bbox 2553 5304 2660 5344; x_wconf 61' lang='grc'><strong>000</strong></span> <span class='ocrx_word' id='word_1_653' title='bbox 2865 5327 2878 5339; x_wconf 93' lang='grc'><strong>.</strong></span> 
     </span>
    </p>
   </div>
  </div>
 </body>
</html>
