4900 6167
200 446 320 508 ‘657

214 631 292 698 ris
320 651 441 696 non
476 628 743 696 auferet.
811 628 1038 695 Rediit
1070 629 1153 697 ab
1188 629 1511 696 Helvetiis
1545 629 1845 697 nuncius.
1874 634 1919 707 ¹)
1977 629 2132 698 Uno

213 736 501 785 censeam
544 717 986 798 pronunciant
1026 736 1272 788 omnes.
1322 715 1642 783 Servatum
1674 717 1910 799 impios
1951 737 2132 782 erro-

214 823 319 884 res,
356 799 587 886 quibus
627 801 783 867 olim
827 800 1124 867 turbavit
1158 801 1364 868 Satan
1407 802 1765 878 ecclesiam,
1808 824 1986 869 nune
2030 824 2132 868 re·

214 907 460 955 novasse
503 897 571 953 et
612 896 985 953 monstrum
1026 907 1171 953 esse
1232 909 1361 953 non
1412 887 1775 954 ferendum.
1861 888 2134 954 Gordati

213 974 608 1040 Basilienses.
666 973 970 1058 Tigurini
1007 975 1300 1038 omnium
1337 972 1917 1040 vehementissimi.
1960 975 2135 1039 Nam

213 1072 271 1127 et
303 1060 708 1143 impietatum
752 1060 1060 1125 atrocitas
1095 1061 1385 1143 graviter
1427 1060 1509 1125 ab
1546 1058 1677 1124 illis
1718 1061 2132 1144 exprimitur,

212 1158 268 1212 et
296 1146 637 1211 hortantur
668 1155 975 1210 senatum
1008 1156 1311 1210 nostrum
1346 1143 1430 1210 ad
1465 1145 1899 1212 severitatem.
1958 1144 2134 1212 Sub-

211 1230 481 1297 scribunt
548 1230 1033 1297 Sohafhusiani.
1143 1231 1581 1297 Bernensium
1646 1231 1854 1297 literis
1933 1231 2134 1298 etiam

212 1317 496 1402 appositis
552 1315 872 1383 accedunt
934 1325 1003 1381 et
1058 1326 1327 1394 senat-us
1391 1316 1618 1381 literae
1636 1368 1651 1393 ,
1713 1318 1947 1400 quibus
2002 1337 2137 1382 non

470 1402 790 1469 stimulati
846 1410 1004 1468 sunt
1059 1403 1288 1468 nostri.
1390 1401 1636 1469 Caesar
1676 1403 1990 1483 comicus,
2046 1402 2134 1468 si-

90 1554 102 1565 ,
210 1489 434 1553 mulato
475 1509 597 1573 per
640 1488 931 1554 triduum
991 1488 1251 1566 morbo,
1312 1489 1382 1553 in
1425 1488 1676 1554 curiam
1717 1488 1987 1554 tandem
2030 1510 2136 1554 as-

211 1574 421 1653 eendit,
441 1578 497 1655 ²)
543 1584 623 1640 ut
654 1574 1046 1640 sceleratum
1088 1575 1291 1639 istum
1332 1594 1540 1657 poena
1582 1575 1915 1640 eximeret.
2002 1574 2137 1639 Ne·

209 1681 318 1744 que
356 1662 530 1726 enim
576 1660 837 1725 erubuit
894 1668 1113 1743 petere
1131 1712 1148 1739 ,
1208 1669 1281 1724 ut
1337 1660 1624 1743 cognitio
1669 1658 1753 1726 ad
1796 1658 2136 1727 Ducentos

208 1747 463 1811 reniret:
503 1748 648 1812 sine
679 1748 1131 1812 controversia
1163 1754 1385 1811 tamen
1420 1744 1769 1811 damnatus
1802 1753 1922 1813 est.
1968 1745 2137 1812 Oras

208 1830 278 1896 ad
315 1832 706 1917 supplicium
750 1830 1043 1898 ducetur.
1108 1832 1339 1898 Genus
1373 1832 1605 1896 mortis
1648 1833 1867 1898 conati
1908 1853 2138 1900 sumus

210 1926 464 1997 mutare,
510 1917 623 1984 sed
668 1919 929 1983 frustra.
952 1924 1008 1994 ⁸)
1095 1918 1233 1984 Cur
1272 1918 1437 1983 nihil
1481 1919 1969 2001 profecerimus,
2027 1938 2138 1983 co-

208 2022 329 2068 ram
370 2003 778 2069 narrandum
823 2003 1070 2069 differe.
1088 2007 1149 2087 ⁴)
1235 2003 1421 2081 Vale,
1467 2004 1892 2088 integerrime
1935 2004 2140 2069 frater

79 2100 85 2127 ³
206 2098 266 2152 et
302 2089 553 2155 Christi
610 2090 911 2155 minister
964 2091 1221 2155 eximie.
1311 2088 1494 2154 Deus
1552 2098 1622 2154 te
1675 2100 2019 2156 conservet
2062 2110 2138 2155 ac

210 2183 375 2258 regat
416 2194 696 2258 semper.
785 2177 1036 2241 Amicis
1080 2173 1381 2241 omnibus
1422 2174 1775 2259 plurimam
1837 2175 2137 2240 salutem.

208 2258 407 2327 Nostri
466 2271 530 2325 te
584 2260 967 2327 resalutant.
1057 2261 1391 2337 Genevae,
1449 2265 1549 2326 26.
1595 2258 1900 2327 Octobris
1951 2264 2133 2326 1553.

1014 2556 1417 2565 -·-—-—--·-o————›

1074 2772 1264 2844 1840.

391 2910 401 2923 “
460 2926 1096 2998 GRATAROLUS
1127 2930 1173 3005 ι)
1223 2921 1859 2995 BULLINGERO.

362 3102 684 3169 Set-vetum
717 3101 937 3165 merito
970 3100 1268 3165 damnari
1301 3098 1603 3182 affirmat,
1658 3094 1987 3166 &vinum
2018 3099 2138 3161 im·

206 3189 403 3256 nerito
443 3192 698 3273 propter
738 3186 999 3252 eundem
1039 3186 1317 3265 traduei5
1360 3183 1661 3249 Basileae
1692 3203 1836 3249 vero
1867 3183 2141 3248 literatos

206 3275 440 3359 aliquos
477 3275 667 3341 aliter
707 3273 934 3338 sentire
974 3273 1277 3354 queritur.

210 3445 550 3515 (Excerpe-im
594 3460 663 3498 cx
709 3443 871 3499 Arch.
920 3444 1099 3497 Turio.
1146 3441 1290 3495 Plut.
1338 3442 1434 3495 VI.
1484 3441 1612 3495 Vol.
1661 3438 1784 3502 155,
1828 3441 1959 3494 olim
1994 3440 2136 3509 Epp.

576 3513 730 3568 Tom.
766 3511 849 3578 33,
886 3512 980 3569 rol.
1012 3510 1097 3567 55.
1137 3540 1198 3551 --
1239 3512 1448 3566 Simler.
1488 3511 1606 3566 Vol.
1641 3508 1754 3577 80.)

79 3770 85 3783 “
206 3784 366 3845 lese.
395 3792 454 3857 1)
496 3788 702 3845 seam
735 3788 813 3843 αα
851 3785 1069 3843 coma
1103 3786 1179 3840 au
1215 3785 1298 3840 19.
1339 3784 1453 3840 oct.
1489 3782 1652 3854 (opp.
1690 3782 1841 3837 vm.
1875 3781 2023 3849 807).

394 3860 453 3925 2)
496 3859 721 3914 Perrini
835 3858 1132 3913 aesentiam
1175 3861 1444 3910 testantur
1489 3860 1616 3909 aeta
1661 3858 1885 3907 senatus
1928 3852 2007 3906 ad
2051 3848 2135 3902 26.

212 3923 312 3982 Oet.
361 3930 425 3994 (l.
482 3929 519 3983 1.
568 3943 623 3996 p.
784 3929 827 3990 ).
899 3926 1047 3980 Hier.
1105 3923 1172 3977 de
1222 3931 1389 3977 morte
1443 3921 1653 3977 Servett'
1702 3937 1793 3990 ap.
1851 3920 2138 3981 Modum,

207 3996 445 4053 Andarna.
480 3996 627 4052 Vm.
662 4012 716 4063 p.
751 3993 858 4048 449
892 3996 1024 4050 haee
1056 3992 1241 4047 habet.-
1274 3992 1550 4046 Amsdens
1585 3991 1810 4044 Gorrius
1852 3991 2005 4056 (niel)
2041 3988 2140 4040 mi-

210 4063 341 4119 litiae
384 4067 499 4120 dux
549 4071 608 4119 et
648 4065 793 4118 idem
840 4074 958 4117 tum
1004 4064 1212 4133 primus
1256 4062 1445 4115 consul
1489 4060 1668 4127 urbis,
1717 4076 1882 4128 quum
1928 4058 2143 4112 rideret

208 4135 399 4190 animoa
434 4142 749 4188 senatorum
784 4134 1073 4187 inclinatos
1116 4132 1172 4183 in
1226 4146 1411 4183 necem
1447 4129 1695 4193 hominis,
1743 4128 1917 4182 noluit
1951 4126 2141 4180 adesse

208 4200 257 4255 in
285 4203 502 4271 iudicio,
536 4203 757 4272 negavit
799 4218 866 4255 ue
900 4218 959 4255 se
1034 4200 1316 4269 articipem
1352 4199 1470 4252 fore
1505 4199 1622 4251 eius
1646 4198 1933 4266 sanguinis.
1990 4194 2141 4248 Idem

206 4268 440 4325 fecerunt
475 4273 695 4341 quidam
733 4288 763 4323 a
791 4272 842 4323 ·i.
913 4270 994 4324 Re
1019 4270 1129 4338 iqui
1178 4270 1270 4321 alii
1313 4267 1476 4320 aliter
1521 4266 1863 4333 damnarunt,
1901 4263 2141 4318 nonnulli

209 4339 270 4391 ad
301 4341 569 4407 exsilium,
604 4340 697 4393 alii
741 4340 811 4392 ad
847 4347 1141 4460 perge-tuos
1184 4352 1451 4399 carceres,
1487 4351 1614 4405 pars
1658 4336 1830 4388 maior
1874 4334 1944 4386 ad
1990 4335 2142 4402 ignes

209 4409 302 4461 nisi
335 4418 621 4465 recantare
659 4409 836 4462 vellet.
909 4411 932 4472 (
999 4422 1029 4460 e
1067 4407 1294 4462 Calvino
1328 4405 1514 4470 nihil.)

398 4478 462 4543 3)
502 4476 593 4531 De
627 4477 726 4532 tali
761 4484 960 4532 conatu
1005 4477 1067 4529 in
1104 4475 1262 4530 Actis
1302 4489 1371 4528 ne
1410 4471 1519 4541 γρῦ
1550 4471 1780 4542 quidem.
1860 4468 2026 4539 Quem
2062 4475 2142 4523 ta·

206 4560 317 4600 men
359 4549 577 4602 silentio
620 4546 921 4628 praeterire
978 4546 1074 4598 vix
1121 4543 1425 4613 poetieam
1468 4543 1518 4594 si
1560 4556 1752 4595 revera
1798 4540 2042 4594 ministri
2083 4540 2143 4591 in

207 4627 421 4686 corpore
455 4619 538 4669 ali
574 4615 674 4670 und
705 4619 1015 4669 tentassent.
1884 4677 1895 4689 .

399 4685 463 4743 4)
559 4684 783 4739 arellam
820 4689 1029 4738 constat
1066 4681 1119 4736 d.
1156 4679 1242 4733 27.
1283 4678 1397 4734 Oct.
1442 4678 1689 4733 Genevae
1731 4676 1981 4742 adfuwee
2014 4691 2143 4743 eup-

201 4750 361 4819 plicia
413 4754 637 4808 Servati.
728 4752 889 4807 Patet
931 4768 1059 4819 erqo
1109 4748 1423 4811 Calvinum,
1478 4763 1641 4816 quum
1685 4746 1828 4800 hanc
1873 4746 2144 4811 sev-iteret,

209 4832 320 4874 em
351 4838 467 4878 non
501 4828 614 4877 tan
648 4822 755 4876 cito
800 4820 1124 4885 adfuturum
1172 4818 1482 4873 credidisse.
1559 4814 1712 4884 Quae
1747 4813 2147 4881 Kirclihoferus

204 4902 259 4955 p.
294 4888 394 4943 118
507 4898 591 4946 ert
621 4893 806 4944 minue
839 4896 1091 4944 accurate
1125 4887 1274 4941 dieta
1306 4885 1575 4941 videntur.
1662 4882 1796 4938 Viae
1829 4884 1992 4938 etiam
2031 4882 2142 4950 Ep.

212 4955 417 5013 Farelli
490 5003 501 5012 .
538 4960 592 5014 d.
630 4958 711 5013 10.
750 4958 883 5013 Dec.
915 4967 966 5012 et
1000 4973 1141 5026 quae
1173 4957 1253 5010 ibi
1284 4954 1684 5009 annotabimus.

212 5024 391 5082 1840.
424 5030 471 5092 l)
511 5028 637 5084 Gal.
688 5027 988 5082 Gratarolo
1022 5025 1409 5094 Beryamensis
1454 5022 1695 5076 medicus
1738 5038 1790 5075 a.
1842 5018 1976 5074 1549
2021 5021 2145 5075 reli·

208 5096 382 5162 aionis
415 5114 583 5152 caasa
602 5098 883 5152 Boeaeam
918 5112 976 5150 ee
1005 5111 1037 5149 r
2028 5159 2036 5169 .

213 5179 366 5230 quam
398 5183 498 5235 per
532 5183 702 5221 unum
737 5181 943 5220 annum
984 5164 1120 5217 Mar
1221 5161 1279 5230 qi
1321 5162 1601 5231 professor
1633 5159 1853 5239 fuerat..
1914 5157 2145 5225 Sertpsit

207 5233 369 5300 plura
403 5236 480 5290 ad
510 5236 831 5291 medicinam
865 5236 1197 5303 pertinentia
1229 5238 1280 5287 et
1313 5232 1429 5285 alia
1475 5245 1702 5300 quoque.
1787 5227 1918 5282 Vnde
1955 5226 2145 5295 Bayle,

212 5300 471 5431 {deta-ster,
523 5305 777 5360 Gordeen'i
837 5304 1063 5358 Italiam
1106 5302 1321 5369 reform.
1404 5296 1613 5353 Thuaa.
1659 5298 1735 5352 ad
1789 5313 1841 5352 a.
1883 5294 2145 5354 15681211.

250 5373 261 5388 ⁹
298 5430 310 5440 ,
348 5390 403 5427 n.
435 5381 529 5430 etc.

419 5460 637 5515 Caluini
665 5475 849 5529 opera.
934 5458 1047 5513 Vol.
1087 5456 1251 5512 XIV.

1920 443 2081 505 1553
2127 437 2455 509 OO'l'OB.

4065 447 4200 513 658

2404 628 2791 697 Clarissimo
2829 641 2901 695 et
2932 629 3180 714 optimo
3214 629 3525 698 melesiae
3546 630 3908 718 Tigurinae
3941 634 4202 717 pastori

2234 717 2310 782 D.
2357 708 2722 782 Heinricho
2761 714 3172 801 Bullingero,
3215 737 3362 783 meo
3405 718 4002 785 observandissime

3741 826 3824 870 au
3862 806 4126 959 zui-13¹
4126 892 4200 959 d·

2237 1110 2788 1177 Haeresiareham
2813 1109 3133 1177 Servatum
3175 1120 3333 1194 puto
3378 1111 3592 1178 adhuc
3634 1115 3883 1179 servari
3928 1114 4002 1178 in
4044 1135 4193 1181 car-—

2236 1197 2496 1262 ceribus
2534 1194 2616 1261 ob
2656 1198 2796 1262 eius
2841 1196 3266 1280 pertinaciam
3323 1206 3393 1262 et
3433 1198 3804 1282 superbiam
3845 1200 4198 1266 inconcus-

2237 1303 2399 1347 sam.
2458 1281 2796 1348 Maternus
2832 1292 3024 1348 autor
3058 1283 3232 1360 dicit,
3268 1283 3602 1367 Hispanos
3636 1285 3808 1350 elata
3841 1285 4198 1352 iactantiae

2237 1368 2651 1434 animositate
2671 1370 3100 1451 praepositos:
3126 1367 3236 1433 hic
3256 1390 3390 1433 non
3412 1369 3730 1436 absimilis
3753 1380 3869 1436 est.
3897 1370 4035 1437 Sed
4056 1373 4198 1435 uti-

2238 1475 2393 1519 nam
2430 1454 2645 1520 nullos
2668 1453 2942 1520 haberet
2983 1475 3137 1520 suae
3162 1469 3375 1520 sectae
3404 1454 3708 1531 fautores,
3744 1465 3888 1521 tum
3912 1455 4022 1521 hic
4045 1465 4195 1522 tum

2239 1538 2479 1622 alibi,2)
2515 1560 2599 1605 ex
2633 1539 2740 1605 his
2775 1542 3178 1623 praesertim,
3216 1541 3326 1624 qui
3361 1542 3788 1608 literatissimi
3826 1564 3902 1609 ac
3938 1562 4200 1608 summe

2238 1626 2488 1710 egregii
2520 1624 2748 1690 haberi
2792 1626 3038 1691 volunt.
3132 1625 3376 1691 Audivi
3421 1628 3669 1710 aliquos
3714 1629 3837 1693 hac
3880 1627 3962 1692 de
3996 1648 4200 1694 causa

2235 1712 2558 1793 optimum
2620 1712 2999 1778 ministrum
3073 1710 3403 1779 Calvinum
3480 1713 3925 1792 traducentes,
3993 1734 4068 1780 ac
4134 1713 4198 1779 si

2235 1797 2532 1864 carnifex
2576 1804 2766 1863 esset.
2856 1797 3057 1863 Hunc
3114 1818 3233 1881 pro
3277 1797 3526 1864 viribus
3583 1809 3652 1864 et
3704 1799 3846 1865 loeo
3902 1807 3969 1864 et
4021 1811 4197 1864 tem-

2237 1904 2394 1967 pore
2435 1883 2510 1947 in
2551 1882 2680 1948 Dei
2723 1882 2998 1967 gloriam
3044 1891 3295 1949 tutatus
3340 1904 3520 1949 sum:
3577 1907 3788 1967 neque
3840 1906 3961 1969 pro
4020 1884 4201 1950 veri·

2238 1976 2373 2033 tate
2416 1968 2732 2054 (Domino
2776 1970 3092 2048 confisus)
3148 1969 3417 2053 posthac
3471 1970 3672 2036 etiam
3729 1972 3946 2038 aerius
3990 1968 4199 2037 desis·—

2236 2061 2395 2133 tam,
2439 2053 2700 2119 etiamsi
2759 2055 2964 2138 pulex
3021 2055 3148 2121 sim
3206 2065 3436 2121 contra
3483 2056 3885 2139 elephantes.
3978 2054 4198 2142 Cupio

2239 2140 2419 2207 enim
2463 2140 2674 2224 magis
2717 2141 2976 2222 placere
3018 2139 3182 2219 Dee,
3228 2162 3422 2224 quam
3473 2142 3867 2209 hominibus.
3956 2142 4032 2210 Si
4076 2166 4203 2228 per

2239 2226 2413 2291 vitae
2456 2225 2796 2292 commoda
2837 2226 3082 2304 liceret,
3127 2246 3324 2309 quam
3364 2228 3582 2293 fucata
3616 2238 3911 2294 monstra
3945 2230 4202 2313 opinio-

2238 2332 2400 2376 num
2454 2310 2877 2378 audiremus?
2967 2311 3103 2378 Sed
3163 2313 3314 2377 nolo
3373 2326 3437 2377 te
3491 2315 3563 2378 in
3617 2315 3905 2397 peiorem
3925 2366 3942 2393 ,
3998 2337 4204 2399 quam

2237 2417 2401 2479 opus
2444 2399 2550 2473 sit,
2596 2396 2859 2463 trahere
2903 2397 3357 2481 suspicionem.
3447 2399 3773 2467 Brevibus
3833 2401 4201 2484 respondeo

2256 2482 2551 2567 Veryerio
2594 2490 2848 2563 nostro,
2908 2493 2986 2548 ut
3039 2483 3159 2549 tibi
3213 2504 3468 2567 quoque
3520 2506 3605 2550 ex
3662 2494 3850 2570 parte
3907 2486 4203 2553 laborem

2243 2567 2550 2633 adimam.
2639 2569 2823 2634 Bene
2866 2569 3034 2649 vale,
3091 2569 3183 2634 mi
3226 2571 3477 2635 Doctor
3519 2570 4001 2652 colendissimo,
4058 2594 4200 2639 me·

2243 2674 2369 2736 que
2422 2673 2499 2720 ac
2556 2676 2703 2721 mea
2757 2656 2978 2720 omnia
3031 2663 3146 2720 tua
3204 2676 3347 2720 esse
3390 2666 3783 2740 tuorumque
3838 2659 4208 2725 amicorum

2245 2740 2441 2806 noris.
2531 2739 2630 2805 Ex
2674 2741 2939 2808 Basilea
2982 2741 3086 2806 die
3129 2745 3229 2805 28.
3274 2740 3579 2809 Octobris
3629 2748 3811 2810 1553.

3375 2880 3816 2945 Festinanter.

3026 2964 3397 3031 Gulielmus
3441 2965 3838 3071 Gratarolus
3880 2967 4207 3034 Medicus.

3033 3258 3442 3269 -.-—-—-—-——-——

3114 3493 3304 3565 1841.

2634 3630 3307 3699 BULLINGERUS
3355 3631 3789 3698 OALVINO.

2418 3802 4206 3874 Petitminsuumusumdesmbicuretomnia

2242 3889 2481 3970 scripta
2533 3909 2691 3970 quae
2758 3889 2844 3953 ad
2904 3888 3143 3955 Servati
3205 3890 3511 3974 neqotium
3564 3890 3818 3971 publice
3880 3893 4197 3976 ayendum

2234 3975 2563 4056 pertinent,
2601 3979 2654 4039 et
2677 3974 3117 4041 Restitutionie
3136 3976 3592 4042 christianismi
3611 3977 3931 4058 exemplar
3966 3981 4192 4045 mittat.

2246 4147 2359 4208 (Ex
2395 4145 2733 4268 παίσει-88110
2771 4144 2901 4199 Ood.
2940 4145 3142 4200 Gener.
3180 4144 3296 4211 114,
3333 4146 3423 4199 sol.
3460 4146 3544 4200 89.
3618 4149 3854 4203 Exstant
3888 4150 4202 4203 recentiora

2245 4216 2581 4285 exemplaria
2660 4213 2744 4267 od.
2782 4213 2925 4279 111⁸,
2962 4215 3051 4267 fol.
3087 4212 3207 4280 235,
3255 4216 3465 4268 Bernae
3501 4234 3555 4268 m
3595 4218 3735 4287 Epp.
3777 4218 3873 4271 VI.
3910 4235 3963 4288 p.
4000 4217 4106 4272 328
4141 4229 4204 4274 et

2863 4299 2949 4351 ap.
2987 4282 3273 4336 Simlerum
3313 4283 3437 4337 Vol.
3472 4284 3587 4349 80.)

2421 4453 2803 4519 Clarissimo
2859 4455 3003 4519 viro
3047 4455 3130 4519 D.
3179 4454 3408 4520 Ioanni
3455 4455 3733 4521 Calvino
3793 4457 3921 4523 fido
3980 4457 4209 4524 Gene-

2249 4541 2474 4605 vensis
2516 4540 2827 4639 ecclesiae
2870 4541 3114 4624 pastori
3161 4539 3422 4605 domino
3473 4542 3853 4608 honorando
3897 4552 3964 4608 et
4008 4543 4206 4608 fratri

2250 4645 2368 4691 suo
2412 4646 2768 4692 carisslmo.

3673 4716 3890 4781 Genff.

2421 4848 2492 4915 S.
2540 4849 2624 4914 D.
2715 4850 3128 4932 Scripseram
3172 4852 3230 4913 2.
3269 4846 3575 4916 Octobris
3617 4871 3737 4933 per
3780 4850 4210 4916 tabellionem

2250 4948 2547 5002 vestrum
2592 4933 2675 5000 ad
2719 4950 2804 5013 te,
2832 4941 2882 5014 ¹)
2928 4933 3200 5000 colende
3246 4948 3312 4999 et
3353 4956 3501 5002 care
3548 4938 3636 5001 mi
3677 4936 3948 5013 Calvine,
3993 4957 4214 5018 quan-

1174 5096 1185 5107 ‘
1236 5095 1334 5148 ubi
1364 5094 1525 5147 etiam
1561 5108 1615 5146 a.
1650 5088 1788 5143 1568
1819 5090 1968 5156 obiit,
1997 5094 2145 5157 post·
2258 5114 2265 5117 *
2350 5114 2361 5117 -
2402 5114 2431 5117 -

2456 5226 2517 5288 2)
2554 5224 2641 5291 of.
2688 5225 3002 5294 Vei-yorinu·
3037 5232 3088 5278 et
3127 5223 3410 5280 Gallieium
3451 5223 3599 5278 1828.
3637 5223 3789 5279 1834.

2250 5298 2425 5352 1841.
2462 5298 2518 5363 1)
2556 5295 2761 5350 Exstat
2794 5295 3068 5362 publicum
3103 5295 3365 5361 scriptum
3403 5295 3477 5348 ad
3518 5295 3791 5361 Senatum,
3828 5295 4036 5350 nullum
4074 5312 4214 5352 vera

2245 5370 2527 5436 privatum
2562 5366 2640 5420 ad
2677 5364 2983 5419 Calvinum.

3715 5448 3785 5500 42
