4900 6167
617 403 738 489 10⁷

1494 580 1685 652 1483.

711 737 1294 807 FRANmsous
1340 739 1402 802 A
1444 689 2000 802 BURGUNDIA
2044 733 2473 801 oALleo.

792 911 918 977 Per
979 909 1334 976 Gallasium
1407 928 1484 972 ecc
1541 905 1782 991 Anylia
1845 905 2157 973 Genevam
2211 907 2562 972 redeuntem

619 997 953 1066 Calvinum
1005 996 1237 1060 salutat
1295 995 1471 1076 eique
1515 994 1761 1077 qratia-9
1814 993 1945 1076 ayit
2000 992 2071 1058 ob
2114 993 2559 1059 dedicationem

621 1083 787 1180 chi
828 1082 1130 1148 Eduardo
1172 1081 1558 1161 inscriptam.

956 1251 1064 1316 (Ex
1099 1235 1435 1319 autographo
1470 1249 1599 1303 Cod.
1640 1248 1799 1304 Goth.
1839 1247 1957 1316 405,
1994 1248 2090 1302 fol.
2124 1246 2234 1313 10.)

786 1420 1227 1504 Integerrimo'
1285 1418 1780 1502 doctissimoque
1835 1420 1919 1484 D.
1988 1419 2225 1484 Ioanni
2283 1416 2561 1482 Calvino

618 1509 829 1575 amico
866 1506 1342 1571 humanissimo

2060 1590 2387 1655 Genevae.

786 1728 1050 1793 Literae
1094 1735 1265 1804 tuae,
1312 1724 1593 1791 Domine
1640 1725 1913 1815 Calvine,
1961 1725 2043 1791 ad
2079 1749 2183 1792 me
2217 1732 2563 1811 pergratae

614 1821 959 1890 venerunt,
1001 1833 1135 1879 non
1180 1833 1256 1877 00
1300 1811 1511 1877 00111111
1558 1815 1821 1877 1101111110
1866 1812 2035 1895 quod
2080 1812 2195 1878 abs
2239 1822 2321 1889 te,
2365 1833 2562 1894 quem

618 1901 860 1983 alioqui
901 1899 1173 1963 maximi
1226 1898 1391 1963 facio
1410 1948 1424 1973 ‚
1485 1899 1809 1980 profectae
1853 1899 2017 1976 sint,
2084 1919 2315 1964 verum
2359 1918 2562 1980 quum

616 1986 779 2053 alias
804 1982 904 2050 ‘ob
947 2003 1170 2048 causas
1216 1992 1356 2049 tum
1409 1983 1616 2047 multo
1671 1982 1957 2047 maxime
2001 2005 2079 2048 ea
2120 1995 2305 2068 parte
2349 1983 2561 2049 oblec-

615 2078 876 2146 tarunt,
929 2090 1060 2152 qua
1095 2070 1326 2156 scribis
1385 2078 1450 2133 te
1494 2068 1702 2134 literis
1746 2069 1908 2133 meis
1949 2078 2317 2151 permotum
2362 2069 2562 2134 fuisse

615 2166 693 2223 ut
733 2157 874 2241 regi
916 2162 1160 2230 nostro,
1205 2174 1280 2218 ac
1322 2154 1595 2237 proinde
1639 2153 1761 2218 toti
1793 2174 2047 2238 quoque
2089 2155 2294 2238 ipsius
2338 2174 2558 2238 regn0‚

615 2249 752 2309 tam
794 2243 934 2325 pias
977 2240 1326 2321 doctaeque
1371 2237 1853 2305 lucubrationes
1897 2249 2042 2306 tuas
2077 2240 2417 2312 cuiusdam
2446 2260 2559 2322 pe-

614 2328 775 2395 culii
816 2328 957 2392 vice
1002 2325 1295 2391 donares.
1386 2325 1557 2389 Nam
1602 2324 1709 2390 hic
1750 2326 1916 2390 mihi
1971 2329 2139 2392 serio
2182 2327 2421 2391 habere
2465 2326 2559 2390 vi·

616 2414 775 2478 deor
820 2411 992 2494 quod
1035 2409 1327 2493 gratuler
1372 2411 1565 2476 huius
1608 2411 1879 2476 honoris
1921 2411 2366 2496 commodique
2410 2431 2559 2495 par-

619 2507 755 2565 tem
833 2497 997 2560 mihi
1069 2509 1396 2577 acceptam
1470 2496 1643 2560 ferri.
1756 2495 1952 2562 Certe
2020 2507 2173 2563 tuus
2255 2497 2562 2563 Nicolaus

617 2583 783 2648 mihi
840 2603 912 2646 ac
969 2583 1089 2645 toti
1137 2582 1332 2645 etiam
1377 2579 1684 2647 ecclesiae
1745 2602 1970 2664 aeque
2003 2592 2228 2666 gratus
2273 2582 2557 2658 advenit,

618 2668 791 2734 sicut
846 2668 1061 2750 ipsum
1115 2666 1181 2729 id
1240 2668 1519 2732 sensisse
1591 2688 1725 2732 non
1782 2665 2023 2732 dubito.
2111 2669 2179 2735 Is
2246 2669 2366 2734 tibi
2439 2667 2559 2732 hoc

618 2754 836 2836 ipsum
900 2752 1095 2838 latius
1161 2752 1404 2817 referre
1460 2752 1704 2834 poterit
1719 2803 1733 2828 ‚
1808 2761 1874 2818 et
1938 2753 2066 2819 alia
2120 2755 2329 2820 multa
2393 2774 2560 2836 quae

617 2838 782 2903 mihi
824 2858 1001 2902 nunc
1044 2857 1178 2901 non
1218 2847 1318 2901 est
1359 2837 1685 2903 scribendi
1725 2837 1938 2904 locus:
1986 2859 2062 2904 ac
2104 2840 2161 2906 si
2205 2841 2399 2905 etiam
2446 2839 2560 2904 da·

619 2932 830 3002 retur,
893 2922 1119 2986 malim
1178 2931 1393 2988 tamen
1452 2945 1533 2989 ex
1576 2924 1717 3006 ipso
1761 2925 1924 2989 scias
1969 2945 2135 3008 quae
2178 2947 2398 2991 coram
2454 2925 2561 2989 hic

617 3009 785 3075 vidit
827 3017 894 3073 et
935 3008 1201 3086 audivit,
1243 3030 1444 3092 quum
1482 3011 1575 3074 sic
1608 3009 1839 3076 melius
1876 3017 1942 3075 et
1975 3012 2216 3077 certius
2251 3009 2331 3076 de
2365 3012 2562 3076 rebus

618 3096 859 3162 nostris
895 3094 1195 3159 omnibus
1233 3097 1442 3176 possis
1476 3115 1876 3179 cognoscere.
1942 3095 2205 3179 Alioqui
2242 3099 2307 3162 in
2345 3096 2561 3161 animo

618 3191 749 3260 est,
795 3180 924 3246 nisi
967 3179 1124 3263 quid
1170 3180 1346 3245 aliud
1390 3202 1493 3246 me
1532 3182 1786 3247 interea
1828 3182 2164 3261 obturbet,
2210 3191 2287 3247 ut
2328 3202 2562 3264 prope-

620 3267 794 3333 diem
837 3286 956 3332 vos
998 3266 1299 3331 revisam.
1391 3265 1584 3348 Quod
1630 3267 1687 3331 si
1728 3269 1822 3345 fit,
1868 3268 2093 3334 multis
2137 3277 2203 3334 et
2246 3266 2562 3334 suavibus

615 3351 953 3435 colloquiis
976 3350 1377 3416 satiabimur.
1445 3350 1569 3418 Sin
1611 3353 1848 3432 minus,
1882 3354 1953 3417 in
1996 3354 2319 3420 scribendi
2354 3353 2564 3419 officio

614 3435 871 3504 interea
912 3435 1210 3502 sedulum
1255 3458 1362 3502 me
1405 3437 1918 3522 vigilantemque
1952 3441 2308 3521 praestabo.
2374 3439 2592 3518 Vale,

618 3521 1086 3591 iucundissime
1128 3524 1237 3587 vir
1280 3532 1349 3587 et
1393 3524 1798 3589 amicissime.
1888 3523 2210 3590 Dominus
2267 3534 2336 3589 te
2379 3524 2566 3591 nobis

619 3607 982 3675 diutissime
1024 3616 1244 3672 servet
1285 3608 1674 3674 incolumem
1693 3660 1710 3686 ,
1755 3609 1981 3674 utilem
2043 3610 2348 3677 ecclesiae
2406 3631 2564 3676 suae

616 3702 959 3844 mmm
1046 3692 1339 3758 Londini
1397 3696 1537 3775 ipso
1583 3694 1685 3759 die
1732 3692 2018 3779 Georgio
2079 3715 2298 3773 sacro,
2355 3716 2564 3779 quon-

810 3779 1175 3863 Anglorum
1221 3780 1440 3844 Marti.
1495 3785 1674 3844 1551.

1160 3917 1342 3981 'l'uus
1382 3916 1776 3982 Franciscus
1823 3939 1862 3981 a
1906 3918 2310 4002 Burgundio..
2347 3921 2391 3995 ¹)

1502 4426 1694 4497 1484.

1172 4561 1531 4631 LASOUS
1578 4563 2013 4633 CALVINO.

794 4733 979 4801 Dolet
1032 4737 1086 4798 et
1126 4739 1377 4800 exea-sed
1432 4737 2007 4803 commendationem
2061 4739 2209 4804 olim
2254 4737 2567 4806 Floriano

630 4821 921 4907 Sueliyae
972 4819 1211 4903 insiqni
1264 4819 1557 4888 nebuloni
1611 4842 1654 4886 a
1714 4842 1782 4886 se
1835 4843 2197 4890 concessam.
2301 4823 2567 4892 Consen-

623 4929 768 4975 sum
797 4905 1027 4991 probat
1067 4905 1176 4970 sed
1215 4905 1588 4972 clarioribus
1620 4906 1825 4973 verbis
1859 4916 2204 4993 conceptum
2245 4912 2471 4978 mallet.

627 5079 742 5146 (Ex
775 5075 1110 5158 autographo
1145 5075 1273 5130 cod.
1311 5075 1549 5131 Gothani
1581 5075 1714 5146 405,
1748 5078 1838 5134 sol.
1873 5077 1958 5152 73.
2016 5077 2215 5161 ,Edidit
2248 5097 2315 5135 ex
2351 5077 2566 5137 schedis

894 5153 1094 5201 nostru
1128 5144 1370 5216 Kuyper.
1405 5146 1554 5199 Tom.
1589 5146 1661 5201 11.
1698 5147 1836 5218 Opp.
1873 5147 2029 5203 Lasci
2065 5168 2117 5220 p.
2153 5149 2299 5218 650.)

628 5256 823 5350 usas
836 5256 895 5360 1)
908 5255 1163 5353 isim...-
1191 5298 1370 5366 trater
1402 5299 1509 5369 (N.
1546 5300 1698 5365 1399,
1732 5306 1845 5356 not.
1882 5259 1953 5366 3').

2034 335 2039 341 ⁴
2127 389 2652 458 EPISTOLAE
2700 390 3117 456 1483—1486

4491 389 4628 454 108

2661 577 2826 664 Viro
2882 579 3286 644 sanctissimo
3346 586 3414 644 et
3477 578 3731 646 Ohristi
3792 577 4100 645 ecclesiae
4152 575 4328 662 apud
4384 575 4638 650 Gens*

2663 685 2814 730 vam
2857 662 3103 730 doctori
3143 664 3519 730 fidelissimo
3574 665 3762 731 fratri
3818 665 3890 730 in
3932 662 4212 729 Domino
4253 662 4626 729 observan-

3490 750 3771 816 dissimo.

2835 884 3044 951 Dabis
3079 886 3243 951 mihi
3286 888 3563 962 veniam,
3612 887 3716 953 vir
3750 885 4176 964 sanctissime,
4214 884 4392 969 quod
4428 904 4625 952 1111110

2662 971 2756 1036 ita
2818 973 3041 1055 paucis
3098 981 3166 1038 et
3222 972 3648 1038 tumultuarie
3703 973 3785 1038 ad
3849 980 3917 1037 te
3982 971 4280 1037 scribam.
4391 969 4625 1051 Cogor

2664 1058 2840 1122 enim
2915 1058 3049 1123 iam
3127 1079 3322 1141 equos
3394 1059 3522 1124 iter
3594 1059 4011 1144 ingressurus
4033 1059 4085 1139 ¹)
4153 1053 4621 1124 conscendere.

2662 1143 2911 1209 Facere
2956 1166 3112 1209 vero
3171 1144 3355 1209 nolui
3409 1153 3483 1210 ut
3537 1150 3689 1209 tuus
3729 1145 4010 1209 nuncius
4028 1145 4086 1224 ²)
4131 1143 4275 1208 sine
4318 1142 4488 1206 meis
4536 1140 4624 1206 li-

2664 1230 2823 1294 teris
2879 1227 2961 1294 ad
3017 1239 3084 1293 te
3145 1228 3411 1294 rediret:
3483 1229 3700 1312 itaque
3765 1229 4005 1312 raptim
4058 1248 4265 1310 pauca
4327 1224 4627 1294 scribere

2664 1315 2868 1379 malui
2931 1336 3125 1397 quam
3172 1315 3352 1380 nihil.
3441 1317 3745 1400 Agnosco
3808 1314 4092 1397 culpam.
4127 1323 4372 1378 temere
4435 1333 4627 1378 com-

2666 1400 2956 1466 mendati
3011 1400 3315 1465 Floriani
3382 1400 3582 1480 illius,
3652 1410 3721 1465 et
3777 1401 4023 1467 factum
4092 1398 4296 1464 doleo,
4318 1396 4373 1483 ⁸)
4475 1398 4627 1465 Sed

2663 1485 2822 1568 quid
2866 1485 3223 1551 faciamus?
3297 1485 3697 1552 Credulitate
3741 1495 3809 1550 et
3851 1484 4017 1551 b'ene
4059 1483 4352 1551 merendi
4392 1483 4626 1551 studio

2666 1579 2998 1654 peccatum
3056 1580 3188 1648 est,
3244 1582 3310 1636 et
3351 1580 3643 1654 praestat
3703 1592 3824 1636 nos
3896 1572 4020 1637 hac
4082 1573 4154 1635 in
4223 1577 4414 1654 parte
4472 1569 4626 1635 falli

2666 1678 2858 1740 quam
2901 1667 2979 1722 ut
3021 1679 3252 1739 parum
3297 1657 3566 1723 officiosi
3608 1657 3831 1722 simus.
3920 1657 4114 1723 Nunc
4155 1654 4443 1721 hominis
4487 1655 4623 1720 im·

2665 1752 2965 1826 posturas
3010 1743 3398 1808 damnamus
3440 1749 3857 1825 posteaquam
3916 1743 4060 1808 illas
4101 1741 4420 1807 novimus.
4513 1740 4627 1807 'ru

2663 1850 2782 1912 pro
2828 1839 2944 1893 tua
2988 1828 3391 1893 humanitate
3433 1830 3643 1895 fecisti
3683 1829 3866 1911 quod.
3891 1848 4025 1892 non
4062 1835 4270 1892 totum
4315 1826 4382 1891 id
4428 1845 4625 1892 aoce-

2666 1916 2838 1998 peris
2882 1914 3054 1997 quod
3106 1914 3224 1980 tibi
3269 1913 3654 1980 debebatur:
3701 1914 3815 1980 sed
3859 1935 3964 1979 me
4007 1913 4177 1979 nihil
4219 1910 4624 1979 offendisses

2664 2001 2916 2065 etiamsi
2960 2008 3172 2065 totum
3215 2001 3587 2081 accepisses.
3677 1999 3820 2064 Imo
3877 2021 4033 2065 vero
4085 2000 4208 2063 hoc
4265 1997 4386 2062 tibi
4432 2007 4624 2064 certo

2663 2084 3078 2169 persuadeas,
3133 2085 3297 2149 mihi
3353 2087 3488 2150 fore
3545 2086 3988 2168 gratissimum
4031 2084 4086 2150 si
4132 2093 4197 2149 te
4239 2082 4372 2147 ullo
4413 2081 4623 2150 modo

2660 2192 2780 2255 per
2822 2192 2928 2236 me
2971 2171 3268 2236 adiuvari
3308 2193 3498 2254 posse
3540 2173 3755 2249 sciam,
3801 2180 3997 2253 tuque
4040 2169 4108 2233 id
4151 2168 4318 2233 mihi
4360 2167 4624 2235 indices

2663 2278 2779 2340 pro
2823 2258 3113 2322 fraterna
3155 2255 3381 2322 nostra
3423 2259 3692 2322 caritate
3735 2269 3804 2321 et
3844 2257 4144 2322 libertate
4186 2261 4432 2320 mutua.

2836 2341 2938 2408 De
2983 2351 3204 2407 nostra
3246 2362 3396 2407 cum
3439 2342 3704 2408 Christo
3749 2343 3820 2406 in
3863 2363 4065 2408 coena
4105 2339 4620 2424 participatione

2663 2437 2875 2494 tecum
2913 2429 3138 2505 sentio,
3184 2429 3298 2493 sed
3334 2430 3484 2512 quia
3524 2429 3726 2494 verba
3762 2428 3905 2493 illa-1
3950 2449 4073 2492 nos
4108 2427 4251 2492 fieri
4289 2435 4403 2491 aut
4436 2425 4623 2492 effici

2664 2515 3010 2598 participes
3054 2513 3345 2592 Christo,
3402 2514 3549 2597 plus
3606 2516 3674 2578 in
3719 2536 3790 2580 se
3845 2514 4356 2596 complectantur
4409 2530 4622 2594 quam

2661 2601 3132 2665 incrementum
3175 2600 3710 2682 participationis,
3755 2601 3882 2664 nisi
3924 2599 4205 2664 addatur
4240 2596 4620 2681 explicatio,

2665 2694 2732 2751 et
2774 2686 2898 2751 hac
2940 2684 3196 2750 dicendi
3238 2686 3447 2750 forma
3490 2707 3640 2751 usos
3684 2685 3981 2751 videmus
4036 2686 4148 2767 qui
4203 2703 4446 2749 novam
4488 2702 4623 2748 no-

2662 2769 2854 2835 bisin
2892 2791 3129 2837 coenae
3164 2792 3287 2837 usu
3322 2770 3750 2836 idololatriam
3783 2773 4195 2847 invexerunt,
4231 2767 4650 2835 maluissem-

2663 2856 3045 2922 clarioribus
3089 2857 3308 2922 verbis
3347 2878 3488 2922 rem
3531 2858 3928 2940 propositam
3971 2855 4198 2933 fuisse,
4258 2874 4426 2937 quae
4462 2854 4648 2922 aliis.

2663 2963 2928 3008 rursum
2982 2942 3521 3023 explicationibus
3578 2963 3712 3007 non
3757 2949 4050 3026 egerent.
4140 2940 4275 3007 Sed
4337 2939 4463 3007 hoc
4515 2938 4622 3007 10-

2665 3028 2813 3093 vius
2870 3037 2987 3093 est.
3085 3028 3231 3111 Ego
3292 3026 3437 3093 Deo
3490 3027 3758 3110 Optimo
3811 3028 4106 3094 Maximo
4173 3025 4421 3111 gratias
4486 3044 4622 3112 ago

2666 3112 2835 3197 quod
2878 3135 2953 3179 eo
2988 3134 3128 3178 rem
3164 3113 3525 3193 deduxerit,
3571 3136 3698 3197 quo
3733 3113 4079 3180 deductam
4115 3134 4256 3178 esse
4290 3110 4624 3178 videmus.

2665 3200 2872 3265 Plura
2913 3200 3100 3265 brevi
3145 3199 3226 3265 de
3277 3198 3425 3266 hoc:
3493 3201 3758 3266 interim
3803 3201 3982 3277 vale,
4038 3201 4147 3266 vir
4202 3200 4419 3263 animo
4461 3216 4622 3264 meo

2669 3284 3103 3351 dilectissime.
3189 3284 3462 3352 Salvere
3505 3307 3623 3369 per
3665 3297 3730 3352 te
3773 3287 3962 3352 iubeo
4004 3287 4237 3351 fratres
4280 3284 4428 3350 istic
4471 3302 4626 3350 om-

2668 3380 2817 3450 nes,
2883 3372 3185 3453 inprimis
3254 3370 3592 3437 dominum
3650 3393 3870 3438 meum
3925 3372 4300 3449 Falesium,
4345 3368 4454 3435 cui
4512 3388 4625 3436 me

2668 3457 3134 3523 officiosissime
3202 3457 3603 3523 commendo.
3713 3459 3805 3523 Et
3877 3458 4218 3524 Pharelmn
4287 3464 4621 3533 nostrum,

2668 3563 2860 3625 quem
2935 3542 3174 3625 alioqui
3242 3542 3546 3610 Basileae
3640 3545 3800 3610 novi
3869 3565 4071 3627 quum
4148 3563 4358 3610 essem
4436 3538 4626 3624 apud

2666 3629 3036 3694 Erasmum.
3057 3632 3114 3704 ⁴)
3202 3627 3490 3694 Londini
3535 3634 3635 3694 24.
3682 3630 3932 3713 Aprilis
3977 3650 4150 3695 anno
4201 3635 4380 3697 1551.

3788 3768 3970 3834 'I'uus
4013 3777 4294 3852 quantus
4338 3775 4442 3833 est

3799 3870 4083 3938 Ioannes
4127 3893 4166 3935 a
4208 3873 4438 3936 Laeca.

3437 4131 3842 4141 --—-—-——..——-—

3547 4347 3736 4419 1485.

3039 4486 3559 4555 VERMILIUS
3604 4489 4230 4556 BULLINGERO.

2838 4655 3175 4739 Acceptum
3251 4659 3310 4722 ei
3385 4659 3572 4741 refert
3648 4681 3790 4726 cum
3859 4662 4072 4745 qratia
4152 4661 4314 4742 quod
4377 4659 4643 4727 librum·

2665 4763 2851 4807 suum
2901 4743 3120 4807 Τηνία·
3172 4743 3653 4826 imprimendum
3705 4748 3954 4811 curarit.
4047 4746 4419 4812 Goowmm
4450 4766 4618 4827 pro-

2666 4827 2785 4893 bat.
2875 4827 3115 4910 Hoperi
3177 4830 3480 4912 neyotium
3533 4837 3590 4896 et
3630 4830 3866 4897 But-eri,
3927 4838 4181 4898 mortem
4222 4831 4455 4914 paucis
4512 4837 4616 4898 cd-

2665 4914 2863 4997 tiotyit.

2670 5100 2854 5155 ¹⁴⁸⁴*
2876 5100 2938 5235 5¹2³)
2970 5117 3331 5227 ‘gfflffl
3365 5108 3834 5230 ῳῗῖψαιωᾱοηιμπ
3834 5190 3916 5230 em
3931 5176 4235 5245 emme
4267 5179 4598 5247 asponam

2874 5239 2934 5300 3)
2973 5238 3056 5306 ot.
3096 5241 3172 5296 N.
3213 5241 3270 5294 11
3350 5278 3362 5292 .
3403 5242 3470 5297 13
3544 5284 3555 5295 .
3592 5242 3728 5298 1337
3762 5250 3856 5300 aa.

2873 5307 2934 5375 4)
2975 5309 3047 5363 N.
3091 5308 3238 5379 1445,
3269 5315 3382 5365 not.
3415 5310 3466 5366 e.
