4900 6167
674 421 803 489 70⁷

858 609 1240 677 Clarissimo
1276 617 1343 675 et
1375 610 1620 695 optimo
1643 609 2003 694 Tigurinae
2034 609 2343 676 ecclesiae
2365 610 2631 692 pastori,

672 694 772 761 D.
818 695 1184 763 Heinrieho
1226 695 1648 780 Bullingero,
1708 695 1897 761 fratri
1941 703 2008 760 et
2052 695 2283 760 maiori
2327 715 2475 760 meo
2518 694 2631 760 ob·-

673 781 1209 858 servandissimo.

574 879 581 887 '
2054 865 2150 932 Ζΐὶ
2193 866 2455 933 Ziirich.

855 1001 926 1069 S.
973 1004 1048 1069 P.
1095 1001 1180 1067 D.
1248 1002 1648 1085 Alloquutus
1692 1024 1871 1079 sum,
1928 1004 2172 1087 optime
2213 1004 2453 1081 frater,
2515 1011 2632 1069 tua

670 1108 877 1155 causa
919 1089 1365 1173 superioribus
1408 1087 1635 1154 diebus
1680 1090 2045 1172 piissimum
2080 1089 2165 1155 D.
2192 1088 2546 1169 Budaeum,
2577 1096 2628 1167 ¹)

672 1181 749 1240 et
790 1173 920 1259 legi
962 1175 1036 1239 in
1080 1174 1220 1240 eius
1264 1173 1517 1251 libelle,
1563 1195 1728 1256 quae
1770 1173 2053 1241 scribere
2098 1174 2406 1259 dignatus
2449 1196 2627 1241 eras:

676 1259 943 1326 demum
988 1271 1135 1326 tuas
1176 1259 1689 1326 humanissimas
1732 1260 1960 1326 literas
2013 1262 2264 1344 accepi,
2319 1281 2439 1344 pro
2483 1263 2629 1345 qui-

672 1344 798 1411 bus
840 1346 1089 1430 gratias
1143 1366 1267 1431 ago
1321 1345 1687 1429 habeoque,
1748 1368 1951 1430 quum
2009 1350 2262 1429 quam*
2304 1347 2387 1411 ad
2430 1367 2627 1429 quae-

670 1432 954 1498 stionem
974 1434 1033 1514 ²)
1092 1439 1414 1515 quantum
1474 1434 1633 1497 satis
1690 1443 1790 1498 est
1833 1431 2350 1515 respondideris,
2387 1436 2422 1472 ¹*
2479 1443 2626 1498 tum

670 1518 832 1600 quia
873 1516 954 1582 de
997 1516 1194 1582 rebus
1253 1518 1441 1583 novis
1496 1518 1881 1602 participem
1942 1539 2047 1583 me
2089 1518 2337 1583 feceris.
2426 1516 2625 1600 Quod

674 1601 762 1667 ad
806 1603 1090 1686 priorem
1135 1612 1409 1685 spectat,
1457 1602 1650 1669 oredo
1694 1614 1773 1669 ut
1815 1604 1996 1683 mihi,
2042 1605 2134 1670 sic
2174 1625 2430 1688 quoque
2474 1613 2627 1669 tuae

672 1689 1068 1753 humanitati
1126 1687 1464 1754 Bada-eum
1518 1689 1793 1768 dixisse,
1853 1688 2227 1774 propediem
2288 1691 2356 1754 in
2411 1689 2626 1755 lucem

675 1772 1092 1856 proditurum
1134 1773 1370 1839 librum
1396 1777 1422 1816 ³
1508 1776 1619 1857 qui
1680 1777 1965 1841 rationes
2017 1784 2311 1843 aetorum
2357 1778 2428 1839 in
2474 1775 2626 1841 hae-

670 1858 1078 1925 resiarcham
1122 1859 1309 1924 illum
1365 1882 1403 1926 a
1455 1861 1614 1925 atim
1672 1859 2048 1927 continebit.
2153 1860 2289 1943 Qui
2340 1861 2623 1944 quidem,

672 1964 824 2009 meo
898 1943 1135 2012 iudicio
1153 1997 1168 2024 ‚
1234 1951 1370 2010 fere
1434 1949 1839 2014 necessarius
1898 1956 2030 2012 est:
2111 1956 2363 2013 tantam
2428 1968 2624 2013 cerno

666 2031 847 2095 inter
879 2052 1007 2108 eos,
1044 2031 1157 2114 qui
1189 2031 1255 2096 in
1300 2030 1639 2097 doctorum
1676 2033 1822 2099 albo
1856 2032 2202 2115 habentur,
2237 2034 2622 2117 opinionum

671 2136 751 2182 ac
816 2118 1292 2182 sententiarum
1358 2139 1440 2182 ex
1507 2117 1825 2184 diametro
1891 2119 2090 2184 etiam
2152 2118 2620 2185 diversitatem.

672 2199 962 2282 Quidam
1010 2202 1423 2268 doctissimus
1469 2216 1536 2267 et
1570 2225 1774 2288 aeque
1808 2204 1957 2288 pius
1991 2206 2328 2288 nostrique
2372 2205 2624 2271 amicus

674 2292 699 2364 (
746 2288 811 2352 ui
867 2287 1125 2372 quidem
1198 2289 1522 2354 nominari
1579 2311 1712 2355 non
1771 2291 1948 2367 vult)
1966 2293 2023 2368 ⁴)
2089 2290 2329 2358 scribet
2391 2301 2624 2357 eontra

666 2372 720 2437 li
764 2394 915 2438 rum
977 2373 1057 2439 de
1114 2373 1459 2440 Trinitatis
1521 2376 1867 2441 erroribus.
1971 2377 2158 2442 Tunc
2225 2398 2297 2442 re
2360 2387 2626 2460 peracta

666 2460 883 2525 scient
917 2480 1143 2526 omnes
1179 2472 1492 2538 autorem,
1538 2462 1665 2528 nisi
1699 2461 1875 2527 aliud
1911 2461 2241 2545 impediat.
2310 2460 2387 2529 Si
2422 2462 2622 2527 etiam

668 2544 802 2609 alia
862 2544 1097 2611 Servati
1149 2566 1346 2628 opera
1398 2546 1699 2625 haberet,
1770 2547 1944 2614 idem
2002 2547 2327 2615 facturum
2389 2556 2623 2613 contra

666 2629 786 2695 illa
825 2639 1001 2714 puto.
1090 2631 1241 2697 Etsi
1287 2642 1351 2696 te
1405 2631 1642 2698 harum
1700 2655 1921 2699 rerum
1977 2634 2147 2699 nihil
2189 2633 2396 2700 latere
2438 2643 2620 2719 puto,

666 2715 880 2781 scribo
938 2723 1161 2781 tamen
1215 2717 1384 2801 quod
1440 2720 1789 2797 audierim,
1850 2720 2153 2786 Caesaris
2220 2719 2431 2785 filium
2482 2723 2620 2787 An·

664 2800 841 2950 {liae
919 2803 1186 2887 reginae
1251 2803 1548 2869 futurum
1613 2805 1802 2871 brevi
1865 2806 2197 2872 maritum.
2307 2804 2622 2889 Optimus

736 2887 997 2953 ominus
1041 2899 1107 2953 et
1148 2897 1340 2972 pater
1397 2897 1463 2956 te
1523 2889 1889 2957 diutissime
1942 2892 2335 2958 incolumem
2377 2901 2618 2958 servet.

662 2971 781 3037 Me
839 2975 966 3039 tuis
1024 2976 1326 3058 precibus
1369 2977 1768 3042 commendo.
1855 2977 1964 3043 Ex
2007 2977 2273 3043 Basilea
2315 2979 2448 3043 xix.
2498 2976 2620 3043 De-

664 3057 946 3126 cembris
989 3060 1326 3128 MDLIII.
1426 3061 1707 3129 cursim.

1569 3162 2010 3250 Undiquaque
2055 3174 2207 3231 tuus

1356 3266 1727 3332 Gulielmus
1775 3267 2168 3334 Gratarolus
2211 3267 2528 3335 Medicus.

1453 3585 1751 3593 m——q-2

1540 3844 1730 3915 1874.

1145 3997 1654 4066 HALLERUS
1698 3998 2135 4067 GALVINO.

704 4220 709 4227 .
848 4169 1013 4250 Quid
1086 4170 1496 4254 mageis-iratus
1562 4169 1913 4238 Ber-nensis
1974 4175 2144 4238 eirca
2211 4173 2621 4257 disciplinam

665 4272 1084 4335 responsurus
1124 4256 1210 4321 eit
1250 4261 1361 4322 aut
1400 4258 1786 4337 respondent
1838 4258 2104 4342 iquorat.
2196 4258 2493 4327 Ministri
2547 4263 2618 4327 in

662 4340 856 4405 semel
895 4342 1156 4407 sancitis
1186 4343 1656 4424 persistendum
1684 4348 1937 4426 putant.

972 4511 1083 4574 (Ex
1132 4514 1469 4584 autographo
1506 4513 1636 4569 Ood.
1675 4514 1875 4569 Gener.
1912 4517 2030 4584 114,
2068 4517 2159 4571 fol.
2193 4515 2305 4585 43.)

652 4782 855 4908 {2⁷3oe
874 4783 1167 4907 Imaum
1198 4784 1394 4843 itenere
1427 4804 1606 4859 supra
1620 4795 1918 4846 memorato
1933 4789 2218 4847 Baen'leam
2242 4806 2418 4861 usque
2447 4807 2609 4848 vone-

864 4920 933 5044 ἓ)
959 4920 1233 5046 ἕω.
1270 4921 1421 4977 1850.
1493 4925 1808 4995 Buainqm
1838 4928 2075 4996 epistola
2106 4943 2223 4984 nen
2253 4934 2450 4986 astat.

765 5126 778 5139 .
867 4990 929 5126 2)
966 5058 1194 5115 Petrum
1229 5060 1540 5140 Martyrem
1571 5063 1763 5119 inam
1807 5064 1878 5131 et.
1915 5064 1993 5119 N.
2031 5063 2183 5120 1895.
2250 5065 2412 5121 Inter
2444 5067 2609 5123 maim

655 5130 903 5251 ‘m
910 5128 1614 5254 &aalma
1652 5132 1892 5257 m.
1947 5133 2607 5273 amm&

636 5264 742 5325 ‘1⁶⁸
775 5197 1487 5403 (Lewntgmed.1{go·
1519 5268 1615 5333 tol.
1661 5270 1765 5326 553
1808 5274 1990 5342 verso)
2023 5273 2077 5329 ἆ.
2111 5272 2166 5329 d.
2215 5272 2300 5328 14.
2333 5218 2502 5329 fiir.
2538 5274 2607 5330 de

2167 417 2688 488 EPISTOLAE
2739 424 2857 486 187
2864 423 3115 485 3—18'2
3122 424 3159 485 6

4534 431 4642 495 708

2734 606 3151 674 Fidelissimo
3195 608 3468 674 Domini
3511 609 3723 675 nostri
3766 609 3924 677 Iesu
3967 608 4224 676 Christi
4265 607 4517 696 eiusque
4552 635 4645 682 eo-

2734 694 2968 760 clesiae
3011 694 3314 760 ministro
3357 694 3441 759 D.
3488 694 3727 761 Ioanni
3755 694 4037 763 Calvino
4081 695 4327 779 pastori
4368 697 4649 768 eeclesiae

2735 779 3149 847 Genevensis
3192 779 3556 847 clarissimo
3600 780 3863 882 domino
3907 802 4024 849 suo
4067 779 4336 847 colendo
4375 790 4441 848 et
4477 784 4649 854 fratri

3535 884 3888 934 carissimo.

2905 999 2974 1067 S.
3041 1001 3187 1068 Has
3241 1002 3499 1082 literas,
3523 1002 3573 1090 ¹)
3633 1012 3706 1068 ut
3760 1006 4005 1081 cernis,
4065 1004 4246 1070 misit
4301 1003 4383 1070 ad
4435 1026 4535 1070 me
4572 1006 4648 1074 D.

2731 1084 3164 1171 Btdlinyems.
3243 1087 3423 1169 Quid
3464 1109 3616 1155 cum
3660 1090 3791 1156 illis
3836 1091 3976 1156 fieri
4019 1090 4306 1156 voluerit
4346 1111 4429 1155 ex
4469 1092 4655 1174 ipsus

2732 1174 3027 1256 apposita
3069 1193 3421 1259 cognosces
3463 1197 3682 1240 manu.
3773 1174 3953 1258 Quid
4012 1184 4234 1242 noster
4287 1176 4655 1260 respondeat

2729 1258 3161 1342 magistrat-us
3201 1261 3582 1345 ignoramus
3624 1281 3873 1327 omnes.
3961 1262 4147 1327 Nihil
4200 1263 4378 1327 enim
4430 1260 4505 1327 ad
4548 1284 4659 1331 nos

2730 1343 3011 1410 relatum
3054 1346 3196 1412 fuit.
3285 1346 3423 1411 Nos
3478 1347 3549 1411 in
3605 1367 3684 1412 ea
3737 1368 3968 1415 sumus
4022 1348 4349 1414 sententia
4391 1368 4655 1414 eommu-

2730 1430 2906 1494 niter
2921 1480 2938 1509 ,
3013 1454 3097 1497 ne
3155 1430 3512 1517 quidquam
3569 1432 3741 1516 quod
3805 1442 4141 1520 receptum
4205 1442 4309 1499 est
4370 1440 4657 1501 mutetur.

2730 1514 2959 1599 Neque
3002 1519 3180 1582 enim
3223 1518 3350 1584 hoc
3393 1525 3657 1583 tantum
3698 1520 4037 1603 quaeritur
4079 1529 4154 1584 ut
4195 1526 4513 1599 mutetur,
4555 1520 4658 1586 sed

2729 1610 3088 1685 sequutura
3143 1612 3366 1670 essent
3422 1603 3551 1669 alia
3605 1604 3816 1671 multo
3860 1606 4051 1690 plura
4093 1614 4160 1671 et
4197 1604 4657 1688 periculosiora.

2730 1686 2870 1753 Nos
2913 1688 2982 1753 in
3025 1689 3151 1754 hoc
3192 1710 3447 1774 quoque
3490 1689 3860 1757 laboramus
3917 1701 3994 1757 ut
4036 1691 4349 1776 quoniam
4391 1712 4519 1757 non
4557 1691 4660 1757 da-

2729 1781 2840 1838 tur
2893 1775 3243 1857 procedere
3298 1775 3509 1854 ultra,
3578 1775 3813 1842 saltem
3880 1776 3960 1843 de
4024 1777 4130 1843 his
4193 1797 4449 1860 quoque
4509 1797 4663 1860 quae

2728 1860 3086 1925 constituta
3138 1870 3294 1926 sunt
3348 1861 3517 1926 nihil
3572 1860 3999 1930 diminuatur.
4091 1861 4380 1929 Causam
4527 1884 4663 1929 Πο-

2725 1952 2952 2009 tanam
2989 1948 3287 2030 cupimus
3331 1947 3557 2012 videre
3600 1949 3774 2033 typis
3818 1949 4211 2034 evulgatam.
4288 1945 4665 2015 Obstrueret

2727 2031 2903 2095 enim
2958 2033 3316 2099 multorum
3368 2053 3484 2098 ora
3539 2055 3882 2117 perperam
3937 2034 4019 2100 de
4082 2056 4161 2100 ea
4225 2032 4663 2100 iudicantium.

2729 2115 2904 2182 Bene
2918 2169 2932 2191 ‚
2993 2119 3142 2185 vale
3156 2171 3172 2200 ,
3239 2119 3347 2184 vir
3401 2118 3760 2186 clarissime
3818 2131 3886 2185 et
3935 2122 4144 2187 frater
4198 2118 4661 2185 colendissime.

2727 2199 3056 2269 Dominus
3111 2215 3179 2271 te
3235 2224 3395 2271 suae
3449 2204 3757 2272 eeclesiae
3815 2205 3930 2271 diu
3985 2213 4204 2273 servet
4261 2204 4665 2272 ineolumem.

2727 2285 3041 2355 Salutant
3081 2298 3150 2355 te
3192 2290 3401 2357 nostri
3441 2312 3686 2357 omnes.
3777 2290 4013 2359 Salvos
4070 2312 4326 2376 quoque
4380 2290 4666 2374 cupimus

2726 2394 2837 2439 eos
2898 2377 3010 2459 qui
3063 2385 3280 2444 tecum
3341 2384 3500 2442 sunt
3558 2378 3813 2444 fratres.
3901 2378 4163 2444 Bernae
4215 2381 4319 2441 21.
4367 2370 4665 2443 Decemb.

2734 2463 2913 2525 1553·
3721 2550 3901 2616 Tuus
3944 2549 4124 2615 Ioan-
4170 2547 4505 2615 Hallerus.

3512 2841 3922 2852 ———-——————-—-

3592 3076 3782 3148 1875.

3156 3230 3662 3298 MUSOULUS
3707 3232 4240 3300 BLAURERO.

2896 3400 3145 3468 Farelli
3209 3403 3508 3470 relatione
3580 3404 3659 3470 de
3727 3405 3963 3471 Servati
4023 3411 4214 3470 morte
4287 3425 4475 3491 aeyre
4535 3422 4674 3484 por-

2721 3487 2893 3564 leda,
2936 3507 3123 3554 suam
3156 3494 3366 3555 emera
3398 3491 3587 3555 mittit
3618 3491 3997 3575 eleqantibus
4034 3490 4265 3558 iambis
4298 3507 4674 3575 expressam

2720 3659 2834 3723 (Ex
2882 3664 3110 3728 autogra
3149 3660 3222 3713 ho
3267 3659 3398 3715 Ood.
3447 3660 3554 3717 San
3648 3661 3680 3715 l.
3726 3659 3822 3728 36,
3867 3679 3897 3715 e
3937 3680 3991 3732 p.
4029 3663 4156 3717 Vol.
4193 3662 4322 3717 vu.
4371 3661 4410 3715 f.
4456 3658 4577 3715 847.
4610 3684 4673 3698 -

2721 3727 2902 3782 Turici
2938 3744 3040 3783 eon
3128 3729 3139 3740 ‘
3201 3745 3264 3782 us
3299 3730 3430 3785 eod.
3470 3730 3529 3784 F.
3642 3770 3659 3798 ,
3704 3731 3834 3784 olim
3957 3749 4014 3800 p.
4051 3731 4193 3787 VIII.
4232 3733 4328 3787 fol.
4381 3729 4484 3784 711
4535 3747 4586 3782 v.
4622 3732 4678 3781 et

2671 3822 2678 3941 ἱ
3441 3799 3657 3854 Simleri
3688 3799 3812 3853 Vol.
3848 3799 3958 3867 80.)

2894 3971 3002 4034 An
3068 3968 3336 4034 meister
3390 3968 3700 4037 Ambrosi
3756 3971 4039 4038 Blaurer
4110 3971 4547 4055 predicanten
4598 3989 4675 4034 zu

2720 4055 3242 4208 ffliieffynem
3310 4056 3665 4141 gunstigen
3733 4057 3975 4123 herren
4054 4056 4189 4123 vnd
4256 4055 4531 4123 Bruder
4597 4072 4676 4119 zu

4334 4226 4508 4293 Biel.

2890 4360 2960 4428 S.
3006 4361 3090 4428 D.
3160 4363 3346 4446 Quae
3388 4366 3689 4448 proxime
3733 4366 4049 4450 scripsisti
4135 4387 4295 4430 uum
4335 4364 4678 4431 Wamwn·

2717 4456 2864 4515 tum
2894 4447 3259 4534 Manyoldio
3304 4451 3523 4534 accepi
3567 4460 3635 4516 et
3678 4454 3922 4527 curavi,
3969 4452 4035 4517 A
4170 4453 4270 4517 osi
4316 4450 4674 4518 carissime.

2716 4535 2904 4614 Quae
2949 4534 3248 4601 Far-ellus
3292 4536 3374 4601 ad
3420 4545 3487 4602 te
3546 4539 3835 4622 scripsit,
3870 4538 3918 4621 ¹)
3976 4558 4170 4624 aegre
4225 4536 4363 4622 legi
4409 4544 4677 4619 propter

2713 4619 3229 4687 imbecillitatem
3275 4623 3524 4705 capitis,
3569 4633 3636 4689 et
3677 4624 3922 4708 alioqui
3966 4625 4059 4691 sic
4094 4625 4343 4707 scripta
4379 4629 4561 4701 sunt,
4604 4626 4678 4686 nt

2715 4708 2914 4773 etiam
2969 4727 3010 4772 a
3077 4708 3315 4774 iuvene
3369 4730 3502 4775 non
3560 4710 3701 4776 sine
3758 4710 4061 4775 molest-ia
4123 4709 4254 4794 legi
4321 4708 4599 4793 possint.
4617 4705 4675 4790 ⁸)

2716 4793 2906 4877 Quae
2964 4793 3308 4860 historiam
3369 4794 3606 4861 Serveti
3669 4804 4102 4876 concernunt,
4185 4815 4387 4879 spero
4456 4791 4674 4860 omnia

2714 4879 2894 4946 illius
2951 4879 3134 4946 brevi
3203 4900 3321 4962 per
3377 4880 3462 4946 D.
3524 4879 3860 4948 Calvinum
3913 4881 4252 4968 proditura
4309 4882 4381 4946 in
4443 4881 4672 4947 lucem.

2714 4966 2870 5033 Mea
2913 4965 2993 5032 de
3035 4965 3149 5030 illo
3194 4966 3524 5032 sententia
3559 4967 3721 5033 haec
3763 4981 3894 5035 est:

2708 5205 2888 5262 1874.
2931 5207 2977 5271 1)
3011 5205 3087 5260 N.
3124 5204 3280 5259 18⁷0.

2707 5275 2882 5332 lew.
2919 5275 2979 5343 1)
3014 5273 3096 5331 N.
3130 5273 3281 5328 isse.

2913 5341 4391 5417 2)thm·demhordemaoeima,eaepmiscredite.
