4900 6167
708 455 828 516 159

698 638 865 704 mihi
906 637 1264 705 concilietis
1307 640 1549 706 vestris
1589 639 1912 722 precibus,
1958 659 2086 721 quo
2129 638 2371 722 possim
2414 657 2659 723 magna

702 744 849 790 cum
894 721 1197 790 libertate
1239 726 1544 790 resistere
1585 726 1752 791 meis
1794 724 2208 790 adversariis.
2299 722 2655 790 Coniectus

699 830 846 875 sum
890 810 1067 875 enim
1109 811 1181 874 in
1225 832 1549 877 carcerem
1603 810 1777 894 apud
1824 808 2230 894 Lugdunum
2273 809 2499 891 paucis
2543 807 2655 872 ab·

701 895 857 961 hine
900 893 1128 961 diebus
1171 916 1290 978 pro
1335 896 1582 963 Christi
1630 897 1911 962 nomine.
2001 893 2201 961 Scitis
2248 901 2471 959 autem
2517 914 2650 959 non

699 1000 843 1046 esee
888 981 1104 1045 levem
1160 1003 1481 1066 pugnam,
1538 982 1810 1064 ideoque
1868 978 2194 1064 praesidia
2237 979 2654 1062 subsidiaque

698 1067 947 1131 maiora
990 1066 1297 1149 paranda.
1387 1067 1579 1133 Unde
1633 1077 1850 1132 autem
1914 1069 2277 1151 prompt-ius
2334 1075 2401 1130 et
2443 1066 2653 1133 tutius

748 1161 1016 1217 arentur
1058 1174 1252 1235 quam
1313 1174 1346 1216 a
1395 1153 1682 1218 Domino
1734 1154 2141 1220 exercituum
2188 1174 2317 1217 non
2360 1152 2650 1217 invenie.

698 1173 899 1303 {llum
966 1259 1122 1322 ergo
1166 1259 1419 1304 mecum
1478 1240 1832 1323 precemini
1896 1250 1970 1302 ut
2030 1238 2224 1304 detur
2289 1235 2447 1303 mihi
2520 1240 2652 1303 oris

700 1325 968 1407 apertio,
1006 1325 1280 1407 spiritus
1302 1325 1620 1408 sapientia
1655 1338 1722 1388 et
1758 1324 2160 1389 fortitudinis
2197 1333 2262 1388 et
2297 1325 2652 1406 patientiae

700 1410 784 1473 ad
829 1411 1026 1474 finem
1069 1431 1276 1493 usque
1310 1409 1692 1493 perdurans,
1741 1422 1813 1480 ut
1856 1432 1974 1493 per
2007 1431 2114 1475 me
2152 1410 2651 1474 homuncionem
2699 1405 2705 1502 ξ

2211 448 2738 518 EPISTOLAE
2790 451 3208 513 1517--1519

4587 450 4695 513 160

3648 637 3832 707 1518.

3215 791 3774 860 BADUELLUS
3818 792 4247 861 OALVINO.

2932 964 3144 1030 Plura
3183 966 3261 1032 de
3290 967 3768 1047 permutatione
3805 966 4104 1048 Βαράκου·
4144 970 4299 1043 orta,
4334 985 4564 1047 suoque
4603 966 4694 1046 ip-

2756 1051 2898 1117 sius
2941 1070 3106 1115 casu.
3194 1049 3595 1118 Commendat
3650 1053 3928 1117 iuvenem
3959 1050 4055 1115 ‘ob
4092 1051 4449 1140 reliqionem
4478 1053 4694 1131 profu·

2752 1156 2919 1236 qum.
3027 1135 3176 1219 Ipse
3226 1156 3369 1202 cum
3420 1136 3680 1218 familia
3741 1138 4022 1202 Genevae
4065 1137 4286 1217 pedm
4336 1137 4524 1220 ᾖρον-ε
4575 1136 4696 1201 dia-

3085 1394 3196 1458 (Ex
3234 1393 3569 1463 autographo
3606 1394 3737 1448 Cod.
3773 1392 3974 1448 Gener.
4013 1392 4131 1457 115,
4167 1394 4263 1447 fol.
4299 1391 4378 1456 1.)

703 1504 771 1559 et
830 1504 1227 1578 peccatorem
1300 1496 1665 1561 maximum
1723 1497 1953 1561 saltem
2002 1498 2069 1560 in
2127 1509 2420 1560 extremo
2475 1495 2652 1559 vitae
2700 1557 2705 1574 ,

700 1602 893 1647 cursu
962 1583 1419 1664 magnificetur
1473 1581 1780 1648 Christus
1845 1582 1913 1645 in
1980 1579 2458 1665 promulgando
2512 1581 2651 1645 eius
2699 1589 2705 1654 i

699 1668 980 1731 nomine.
1071 1666 1147 1730 Id
1195 1667 1363 1750 quod
1409 1669 1463 1732 si
1508 1667 1637 1733 Dei
1682 1668 2086 1753 benignitate
2128 1688 2246 1750 per
2288 1666 2651 1731 adminicu-
2700 1667 2704 1692 ¹

700 1753 837 1816 lum
876 1755 1241 1818 orationum
1280 1764 1645 1818 vestrarum
1680 1754 2102 1837 impetratum
2125 1753 2289 1816 mibi
2313 1753 2651 1829 senserim,

702 1839 870 1904 bone
925 1838 1108 1906 Iesu.
1176 1849 1457 1922 quantae
1515 1862 1554 1904 a
1611 1861 1715 1903 me
1769 1839 2020 1924 gratiae
2080 1837 2493 1904 debebuntur
2555 1837 2652 1902 illi

699 1925 944 2008 optimo
999 1925 1320 2002 maxime,
1387 1935 1752 2006 quantusve
1810 1924 1990 1989 illinc
2043 1932 2403 2007 proventus
2463 1923 2653 1988 vobis

699 2010 940 2075 redibit
1003 2011 1068 2074 in
1140 2021 1317 2076 terra
1380 2012 1766 2075 viventium.
1880 2011 1991 2075 Me
2055 2031 2211 2093 ergo
2275 2010 2517 2092 ubique
2583 2012 2652 2073 in

698 2107 924 2162 sancto
960 2107 1177 2162 vestro
1218 2105 1408 2163 coetu
1442 2095 1958 2163 commendatum
2003 2094 2252 2161 habete.
2326 2096 2654 2161 Memores

698 2183 848 2259 mei,
917 2182 1066 2249 licet
1124 2202 1463 2264 nunquam
1522 2181 1709 2248 vobis
1748 2182 2106 2264 conspecti,
2173 2181 2366 2246 facite
2409 2201 2651 2264 quaeso

700 2279 776 2333 ut
822 2268 980 2335 haec
1024 2269 1298 2351 epistola
1339 2289 1457 2351 per
1500 2287 1737 2332 manus
1778 2267 2197 2334 ecclesiarum
2242 2279 2377 2346 eat,
2424 2280 2500 2331 ut
2540 2287 2653 2350 po·
2700 2263 2705 2312 ἒ

698 2354 899 2439 pulus
942 2353 1097 2418 inde
1141 2354 1381 2418 certior
1423 2353 1639 2419 factus
1702 2352 1912 2419 ubivis
1956 2353 2245 2419 locorum
2292 2372 2508 2417 meam
2558 2353 2650 2417 vi-

700 2459 841 2504 cem
880 2438 1097 2504 doleat
1130 2447 1196 2503 et
1229 2459 1349 2522 pro
1384 2459 1490 2503 mc
1527 2453 1685 2504 oret.
1759 2438 1858 2504 Ne
1902 2447 2128 2522 putate
2163 2438 2288 2505 hoc
2322 2460 2651 2504 commen-

2929 1565 3322 1631 Doctissimo
3376 1564 3518 1629 viro
3583 1584 3657 1629 ac
3713 1564 3968 1630 homini
4020 1565 4265 1647 optimo
4324 1563 4409 1629 D.
4470 1564 4698 1629 Carolo

2757 1651 3048 1717 Passelio
3092 1651 3300 1715 amico
3335 1671 3456 1715 suo
3492 1651 3562 1714 in
3599 1650 3883 1715 Domino
3917 1671 4314 1735 magnopere
4357 1647 4700 1732 diligendo.

4204 1767 4537 1854 Ἱεροπόλει.

2928 1907 3070 1990 Ego
3116 1925 3374 1972 summa
3417 1919 3484 1972 et
3526 1907 3744 1972 subita
3788 1928 4005 1972 rerum
4050 1908 4325 1972 istarum
4370 1904 4702 1989 perturba-

2759 1994 2940 2059 tione
2983 2003 3346 2059 commotus
3389 1992 3632 2057 multas
3674 1993 3807 2058 iam
3852 2003 3922 2057 et
3963 1993 4223 2057 crebras
4258 1991 4342 2056 ad
4375 2004 4441 2055 te
4484 1991 4704 2055 literas

2759 2077 2924 2145 dedi.
3014 2079 3181 2144 Heri
3239 2079 3468 2153 etiam,
3528 2095 3730 2159 quum
3784 2076 4001 2142 triduo
4057 2087 4212 2143 ante
4267 2099 4307 2142 a
4367 2074 4702 2141 Philiberto

2759 2165 2962 2230 fratre
3007 2172 3154 2230 tuas
3198 2164 3588 2246 accepissem
3603 2214 3617 2238 ,
3672 2161 4045 2228 huiusmodi
4088 2164 4311 2228 literas
4352 2161 4507 2226 misi
4534 2164 4583 2238 ¹)
4624 2180 4702 2224 ex

2757 2248 2994 2333 quibus
3038 2259 3111 2314 tu
3155 2249 3349 2333 plane
3391 2248 3764 2333 intelligere
3805 2249 4098 2332 potuisti,
4143 2268 4264 2314 nos
4307 2251 4373 2312 in
4420 2247 4702 2314 maximo

2758 2335 3010 2402 versari
3070 2335 3390 2418 pericu10‚
3449 2335 3737 2418 istosque
3800 2335 4069 2400 comites
4126 2355 4200 2401 ac
4266 2333 4593 2415 principes
4634 2328 4702 2395 S.

2755 2423 2939 2487 Ioan.
2987 2420 3154 2485 nihil
3189 2420 3269 2485 de
3309 2421 3621 2488 violentia
3654 2442 3774 2486 sua
3807 2420 4163 2497 remittere,
4209 2429 4402 2503 atque
4445 2436 4703 2483 omnem

700 2525 951 2590 titium:
1014 2546 1160 2591 ecce
1228 2543 1445 2589 coram
1491 2524 1634 2590 Deo
1694 2525 1880 2591 vobis
1936 2545 2172 2590 assero.
2263 2524 2409 2589 Hoc
2464 2525 2654 2590 vobis
2701 2553 2707 2590 ι
2757 2508 3079 2590 ἰῑῑὶΡΘῑῖ11111
3134 2507 3426 2573 ⁰⁰1¹f01'1'0
3470 2505 3553 2571 ad
3596 2504 4121 2606 OPPrimflndssm2
4180 2515 4326 2603 ΜΠ,
4355 2514 4536 2570 θθῐῢθ
4580 2501 4704 2599 ὥθ’,

700 2612 906 2676 frater
951 2609 1255 2676 Calvinus
1316 2609 1689 2690 testabitur,
1746 2612 1850 2676 cui
1910 2611 2104 2675 etiam
2164 2611 2229 2675 in
2285 2608 2460 2675 hanc
2514 2631 2652 2675 rem
2702 2623 2706 2640 ¹
2759 2590 3185 2668 turbandam,
3251 2613 3397 2657 flam
3461 2593 3800 2658 0⁰⁰10⁸¹811¹
3869 2612 4066 2673 quam
4134 2592 4459 2656 Domlmlfl
4533 2589 4704 2653 brOVl

701 2696 1098 2779 scripsimus.
1174 2694 1281 2760 Ad
1316 2705 1684 2761 extremum
1726 2717 1842 2761 vos
1877 2696 2161 2772 obsecre,
2208 2717 2245 2760 o
2291 2695 2653 2780 presbyteri

703 2781 1036 2881 ecclesiae,
1082 2789 1158 2845 ut
1201 2802 1318 2880 ros
1364 2801 1614 2879 gnavos
1673 2782 1751 2882 in·
1783 2781 2018 2882 pusilio
2069 2802 2295 2882 grege·
2334 2780 2656 2864 pascendo
2703 2787 2710 2892 Ἰ

698 2877 1080 2952 praestetis,
1127 2888 1284 2951 quia
1324 2875 1499 2950 patu
1542 2866 1786 2950 placuit
1829 2869 2014 2933 nobis
2057 2867 2334 2933 tantllhs
2376 2889 2655 2951 regnum
2705 2915 2708 2924 .

702 2952 876 3019 dare.
951 2951 1088 3020 Oro
1122 2974 1241 3019 vos
1278 2963 1616 3038 praeterea
1651 2962 1724 3019 ut
1766 2973 1806 3017 a
1840 2954 2022 3020 vobis
2058 2955 2371 3037 accipiam
2407 2952 2656 3037 aliquid

698 3039 1045 3105 literarum
1096 3039 1331 3124 quibus
1386 3039 1638 3105 animer
1696 3046 1762 3106 et
1817 3039 1991 3106 unde
2033 3039 2339 3106 solatium
2382 3039 2653 3123 capiam.

582 3202 587 3208 ,
699 3126 796 3194 Ut
836 3126 1047 3211 igitur
1088 3125 1290 3192 semel
1333 3125 1580 3204 finiam,
1624 3124 1861 3192 habete
1901 3147 2008 3191 me
2049 3146 2278 3192 omnes
2321 3124 2392 3190 in
2436 3132 2659 3191 vestra

701 3212 1022 3278 memoria
1065 3219 1132 3277 et
1175 3212 1565 3278 nominatim
1610 3212 1906 3279 vinctum
1949 3211 2205 3278 Christi
2248 3210 2656 3296 Lugdunen-

703 3318 845 3365 sem
889 3297 971 3363 de
1012 3307 1330 3382 suggestu
1371 3297 1619 3381 populo
1661 3297 2114 3386 commendate
2156 3316 2435 3381 eumque
2481 3296 2657 3362 salu-

702 3390 841 3450 tate
883 3403 1030 3448 meo
1073 3384 1340 3449 nomine
1396 3383 1616 3450 osculo
1669 3392 1912 3452 sancto,
1998 3381 2081 3449 Id
2124 3382 2389 3467 quidem
2433 3383 2656 3449 semel.

700 3467 840 3536 Sed
899 3470 969 3532 in
1022 3469 1263 3534 vestris
1317 3469 1617 3551 precibus
1674 3469 1961 3554 quotidie
2030 3471 2147 3535 fiat
2213 3469 2464 3536 mentio
2528 3469 2656 3536 mei

701 3554 1051 3641 peculiaris
1093 3554 1178 3619 ad
1222 3556 1421 3621 breve
1463 3565 1721 3640 tempus
1764 3569 1838 3622 ut
1896 3576 2090 3641 spero
2131 3557 2202 3621 in
2246 3554 2374 3621 Dei
2420 3553 2656 3620 volun-

702 3651 857 3707 tate.
957 3640 1287 3725 Lugduno
1354 3662 1390 3706 e
1454 3664 1712 3709 carcere
1780 3665 1900 3726 per
1964 3643 2231 3708 fratrem
2295 3662 2528 3707 verum
2587 3641 2656 3705 in

705 3727 973 3793 Christo
1016 3726 1167 3793 Iesu
1212 3726 1560 3794 Claudium
1608 3730 1979 3796 Monerium.
2009 3732 2057 3806 ¹)

877 3812 1207 3879 'l'radatur
1258 3835 1376 3899 per
1438 3836 1675 3881 manus
1730 3835 1927 3899 quam
1985 3814 2299 3899 primum,
2357 3814 2412 3880 si
2456 3812 2656 3891 lubet,

705 3900 856 3980 quia
900 3899 1101 3964 vestri
1146 3901 1437 3966 omnium
1483 3903 1768 3967 maxime
1812 3900 2089 3985 indigeo.

2759 2694 3052 2762 tempore
3109 2678 3234 2745 hoc
3291 2681 3360 2743 in
3402 2679 3543 2744 loco
3586 2677 3874 2761 quotidie
3928 2696 4201 2743 numero
4244 2674 4704 2758 discipulorum

2758 2764 3197 2830 abundantem
3241 2766 3711 2846 florentemque
3768 2762 4120 2846 collegerat
4163 2768 4360 2844 atque
4401 2761 4702 2827 institue-

2758 2861 2879 2915 rat.
2968 2850 3218 2933 Scripsi
3264 2847 3345 2915 ad
3412 2861 3478 2914 te
3520 2847 4067 2932 quemadmodum
4112 2847 4217 2913 die
4261 2848 4565 2931 proxima
4605 2844 4706 2910 do-

2760 2937 3001 3001 minica
3016 2937 3073 3012 2)
3121 2955 3290 3000 unus
3334 2957 3418 3000 ex
3474 2935 3814 3014 fratribus,
3870 2934 4066 2999 homo
4125 2933 4319 3017 plane
4377 2933 4586 2999 bonus
4642 2939 4705 2993 et

2704 3081 2710 3100 .
2758 3023 2906 3105 pius
2948 3030 3020 3086 et
3059 3022 3130 3085 in
3176 3020 3472 3086 doctrina
3525 3020 3859 3105 religionis
3918 3041 4052 3085 non
4110 3016 4526 3085 mediocriter
4567 3037 4705 3082 ver-

2762 3117 2945 3175 satus
2988 3108 3070 3174 de
3111 3106 3509 3190 ecclesiaque
3552 3105 3718 3172 bene
3761 3107 4053 3180 meritus,
4099 3114 4329 3188 captus
4373 3113 4564 3171 esset.
4643 3101 4705 3166 Is

2761 3194 2843 3259 ab
2886 3193 3147 3259 officiali
3191 3194 3629 3277 interrogatus
3675 3193 3757 3258 de
3796 3191 4164 3275 praecipuis
4204 3189 4359 3256 fidei
4393 3186 4707 3273 capitibus

2761 3280 2929 3345 nihil
2985 3300 3250 3361 prorsus
3308 3278 3606 3363 negavit,
3668 3277 3781 3343 sed
3833 3285 4214 3343 constanter
4270 3285 4341 3341 et
4380 3276 4589 3341 libere
4629 3273 4708 3337 ad

2759 3367 2981 3431 omnia
3021 3386 3190 3447 quae
3246 3376 3404 3431 sunt
3469 3366 3764 3448 quaesita
3805 3362 4159 3446 respondit.
4250 3362 4414 3428 Eius
4457 3360 4707 3426 subitus

2760 3472 2967 3530 casus,
3008 3453 3061 3515 si
3107 3451 3199 3516 ita
3242 3462 3343 3516 est
3385 3449 3823 3516 nominandus
3880 3447 3964 3513 ad
4007 3449 4178 3514 hanc
4241 3446 4516 3530 periculi
4558 3464 4706 3513 con·

2764 3538 3080 3603 ditionem
3101 3536 3506 3603 certissimus
3546 3536 3816 3601 Domini
3838 3535 4069 3600 ductus
4113 3553 4439 3599 summam
4476 3530 4707 3596 moles-

2760 3623 2922 3688 tiam
2979 3623 3108 3709 piis
3161 3622 3462 3687 omnibus
3531 3621 3768 3687 attulit.
3868 3619 4101 3704 Itaque
4155 3616 4634 3686 studiosissime
4673 3635 4710 3678 a

2706 3753 2711 3792 ,
2761 3731 2869 3775 me
2927 3710 3260 3793 petierunt
3319 3730 3394 3775 ac
3447 3707 3929 3773 contenderunt
3981 3714 4057 3771 ut
4112 3704 4194 3771 ad
4254 3717 4318 3771 te
4360 3702 4710 3770 scriberem

2706 3801 2711 3838 ¹
2763 3795 2846 3860 de
2888 3817 2965 3860 ea
3008 3796 3150 3877 opis
3200 3794 3453 3859 ratione
3497 3814 3696 3877 quam
3740 3811 3781 3856 a
3821 3791 4270 3889 Beruensibus
4313 3797 4708 3887 erspectaut.

2706 3861 2713 3974 ξ
2763 3880 3170 3947 Existimant
3209 3880 3385 3945 enim
3444 3901 3588 3945 eam
3643 3899 3785 3943 esse
3843 3889 3910 3942 et
3949 3887 4272 3942 amicitiae
4317 3875 4710 3959 dignitatem

2709 3983 2712 3996 ·
2760 3975 2831 4032 et
2875 3972 3289 4049 praesentem
3331 3965 3533 4048 Regis
3577 3965 4064 4042 necessitatem,
4111 3973 4185 4027 ut-
4226 3964 4365 4043 ipse
4411 3961 4562 4026 Rex
4608 3977 4710 4023 eo-

2707 4045 2714 4142 }
2764 4075 2910 4117 rum
2954 4071 3151 4117 causa
3206 4052 3295 4116 sit
3337 4071 3468 4114 non
3532 4049 3707 4114 hunc
3752 4049 4085 4114 hominem
4129 4047 4338 4112 solum
4385 4045 4519 4111 illis
4562 4065 4710 4140 con-

707 4138 874 4192 1512.
916 4141 971 4201 1)
1010 4142 1069 4228 A,
1098 4141 1235 4195 Lien
1283 4143 1365 4195 sut
1412 4143 1527 4224 pris
1561 4149 1706 4197 ceste
1742 4159 1944 4222 mesme
1981 4158 2155 4196 annee
2189 4151 2247 4195 et
2282 4139 2466 4214 brusle'
2502 4156 2568 4193 en
2607 4142 2659 4192 la
2707 4157 2715 4230 Ι
2763 4137 3155 4213 donaturus,
3215 4157 3442 4201 verum
3506 4135 3704 4200 etiam
3763 4135 3835 4199 in
3893 4143 4226 4216 posterum
4283 4129 4555 4196 modum
4599 4128 4712 4229 ab·

746 4210 858 4290 ¹²⁰⁴?
894 4210 1001 4300 ἅθ’,
1036 4211 1299 4302 lerreauf
1338 4211 1390 4263 ¹⁸
1426 4212 1582 4292 fenne
1617 4213 1684 4264 (ιθ
1715 4211 2061 4265 T⁰⁰⁸⁸⁸¹¹¹⁰¹²⁸
2099 4228 2166 4264 ¹¹¹³
2206 4227 2419 4291 ¹¹⁰.me
2456 4209 2658 4264 Claude
2708 4249 2714 4276 ι
2763 4245 2954 4308 quem
3001 4231 3223 4290 tantae
3265 4220 3670 4289 crudelitatis
3709 4223 4204 4286 constituturus.
4276 4220 4377 4283 'Pu
4422 4238 4546 4300 pro
4588 4235 4712 4281 sm-

765 4293 918 4331 omer
952 4278 1202 4359 daupi-es
1237 4279 1273 4333 d
1292 4279 1518 4359 Xsso1re
1553 4297 1621 4333 en
1658 4282 1963 4361 Aura-gne,
2014 4280 2191 4360 lequel
2227 4285 2379 4332 aiant
2412 4283 2544 4331 tenu
2577 4277 2658 4359 ies
2856 4310 2875 4374 l
2921 4310 2978 4373 ri
3036 4320 3109 4373 tu
3248 4307 3552 4373 mdentia
3596 4305 3818 4370 videre
3956 4316 4054 4371 tes
4140 4309 4418 4369 uantum
4461 4325 4494 4368 8
4582 4302 4604 4367 i
4648 4300 4716 4365 in

704 4346 912 4400 escoles
986 4347 1237 4429 ubhques
1287 4366 1321 4400 a
1354 4349 1635 4440 (JIermont
1679 4355 1736 4402 et
1784 4349 1975 4419 depuis
2012 4348 2141 4402 salet
2176 4365 2255 4429 un·
2284 4346 2460 4417 grand
2495 4347 2662 4425 frmct
2708 4331 2714 4404 Ι
2763 4331 2852 4394 2¹¹
2880 4332 2920 4375 a
2989 4396 3000 4407 ‚
3112 4331 3152 4375 a
3204 4329 3247 4391 P
3446 4389 3489 4455 d
3692 4392 3751 4456 Ε
3869 4326 3953 4388 ΡΟ
4097 4326 4136 4388 q
4289 4401 4319 4453 t
4405 4388 4418 4401 ,
4499 4323 4711 4451 pesta-

706 4429 777 4468 en
862 4415 1092 4469 lusieurs
1149 4418 1293 4470 heux
1341 4417 1685 4486 dAuvergne
1737 4423 1794 4472 et
1849 4419 2164 4472 finalement
2207 4421 2355 4470 aiant
2404 4416 2658 4468 demeare
2708 4427 2714 4522 Ι
2764 4405 3184 4547 ῖῗωῦἕθέιθᾶωῧῒέ
3220 4414 3664 4563 ξὲιῐοιβῖῖἰρηδῗὲ)
3754 4412 3837 4474 go
3881 4411 4210 4456 summum
4251 4411 4288 4455 θ
4358 4409 4542 4472 plum

707 4499 815 4552 que
838 4500 944 4552 que
979 4499 1154 4540 annee
1190 4485 1223 4538 ὁ
1246 4487 1530 4540 lausanne
1564 4485 1634 4539 οιὶ
1668 4486 1706 4539 il
1743 4488 1894 4541 avoit
1927 4488 2209 4554 beaucoup
2245 4485 2457 4555 profite,
2494 4484 2661 4537 estoit

706 4569 849 4606 venu
884 4555 917 4606 a
950 4554 1089 4608 Lien
1135 4555 1285 4608 aiant
1331 4556 1530 4635 charge
1576 4554 1644 4608 de
1693 4557 1952 4626 quelques
1987 4556 2177 4636 enfans
2211 4554 2284 4608 du
2319 4555 2445 4608 lien.
2483 4552 2659 4618 (Hist.
2707 4567 2714 4592 ⁰
2937 4567 3067 4632 Hie
3113 4565 3401 4640 iuvenis,
3462 4583 3660 4646 quum
3718 4584 3834 4647 pro
3876 4561 4146 4629 ecclesia
4186 4559 4295 4627 hio
4337 4559 4709 4637 laborasset,

706 4621 832 4676 ⁶⁶⁶¹·
869 4621 922 4676 Ῑ·
958 4620 1073 4686 ⁸5³
1130 4624 1231 4680 Ex
1262 4624 1417 4681 ΗΜ·
1454 4623 1701 4694 ΜαήΨ·
1744 4623 1840 4690 '⁰²‘
1884 4623 1990 4681 2⁰4
2031 4622 2297 4679 ‘mam
2338 4637 2462 4676 Μ
2509 4639 2565 4675 ‘²’
2603 4620 2657 4675 ἆ·
2707 4647 2714 4748 J
2763 4653 3032 4719 tandem
3090 4651 3352 4716 nomine
3409 4657 3738 4714 certorum
3796 4647 4158 4714 officiorum
4212 4657 4406 4729 atquc
4463 4642 4711 4711 studio-

718 4689 843 4745 ΠΙ·
881 4692 1035 4747 N‘m·
1056 4693 1169 4748 1¹⁶¹·
1205 4692 1270 4748 θ’·
1302 4693 1530 4750 ”ima“
1563 4693 1863 4749 mm
1895 4693 2072 4761 W
2707 4775 2712 4804 ι
2761 4759 2913 4803 rum
2948 4759 3115 4822 quae
3151 4735 3456 4802 ecclesiae
3491 4735 3921 4818 praestitisset
3956 4731 4037 4797 ad
4074 4732 4417 4797 officialem
4456 4729 4708 4796 delatus

710 4760 931 4843 natales
974 4761 1139 4827 tao-‘10
1178 4763 1469 4834 colleyeris.
1559 4761 1741 4844 Umpm
1787 4768 1868 4818 est
1914 4691 2421 4842 quod’ttnianeoredn
2461 4764 2656 4828 potest.
2766 4825 2779 4837 ⁸
4303 4817 4317 4831 ⁶

707 4829 956 4913 Μ
1005 4847 1122 4888 ’⁸⁰⁹⁸
1174 4838 1390 4916 Μ
1442 4831 1765 4915 Veram
1799 4837 1945 4913 ,m
1993 4837 2257 4901 ‘mmm
2308 4830 2662 4885 Lanam
2759 4832 2930 4891 istuc
2975 4823 3058 4889 ad
3103 4843 3218 4887 vos
3253 4822 3602 4905 confugere
3638 4828 3895 4886 coactus
3929 4827 4046 4883 est.
4121 4818 4434 4917 Pronma
4469 4816 4710 4916 byeme

705 4898 1006 5026 mm
1052 4908 1115 4958 ‘¹²
1146 4901 1232 4957 ‘a‘
1260 4907 1614 4972 mamm
1649 4899 1920 4957 cm
1953 4900 2235 4970 mla*
2266 4897 2410 4955 W
2439 4897 2661 4954 “adm
2707 4999 2712 5040 l
2761 4910 2938 4976 omni
2983 4908 3260 4992 pecunia
3302 4906 3650 4973 destitutus
3690 4906 4062 4976 Lausanna.
4107 4903 4219 4969 ubi
4264 4901 4535 4978 studuit,
4582 4901 4708 4967 huc

2707 5211 2714 5414 ᾗ
2762 5168 2943 5362 3:52.
2970 5163 3538 5360 iffliw
3572 5229 3796 5380 3223..
3809 5228 4034 5380 Ἥ
4069 5227 4313 5379 w
4357 5241 4516 5295 w·
4552 5225 4708 5281 Μ·

3005 5377 3027 5442 )
3064 5374 3172 5442 εἰσς
3208 5369 3577 5443 supplendum
3608 5366 3852 5424 endam:
3890 5367 4235 5422 desiderium.
