4900 6167
238 416 336 477 349

233 621 369 666 vous
407 619 627 664 servez
672 599 1172 665 nonseulement
1206 620 1245 663 a
1268 598 1444 665 Dieu
1478 607 1544 665 et
1603 620 1643 663 a
1685 620 1789 665 ses
1830 607 2140 683 martyre,

230 689 369 751 mais
411 707 448 750 a
492 693 672 749 toute
714 706 831 750 0011
878 685 1120 769 Eglise.
1226 681 1361 750 Sur
1414 706 1619 769 quoy,
1680 685 1974 751 trescher
2016 687 2142 750 sei·

230 793 408 856 gneur
452 783 517 835 et
560 773 762 848 frere,
809 791 999 853 apres
1042 781 1284 834 mestre
1329 771 1410 835 de
1465 771 1595 835 bon
1654 792 1850 835 eoeur
1894 792 2139 835 reeom-

227 856 434 921 mande
477 879 517 920 a
562 878 756 930 vous,
811 858 871 921 ie
914 857 1292 940 supplieray
1348 867 1570 921 nostre
1614 855 1741 920 bon
1788 857 1958 921 Dieu
2005 857 2140 938 quil

228 963 366 1006 vous
407 952 755 1024 augmento
799 942 878 1006 de
923 944 1070 1025 plus
1114 962 1194 1006 en
1240 943 1389 1023 plus
1430 943 1527 1006 les
1583 941 1745 1006 dons
1789 953 1855 1005 et
1898 942 2139 1007 riches-

226 1050 308 1093 000
347 1028 421 1092 (10
465 1049 585 1091 0011
631 1029 892 1109 Esprit,
956 1039 1021 1093 et
1080 1027 1177 1090 les
1232 1029 1392 1092 faire
1450 1028 1658 1093 valoir
1719 1050 1756 1091 a
1814 1049 1932 1092 son
1978 1029 2141 1092 hon-

227 1136 392 1186 neur,
460 1127 523 1176 et
592 1134 665 1179 ee
726 1112 1013 1196 pendant
1080 1113 1216 1195 quil
1276 1135 1436 1178 vous
1492 1115 1893 1178 maintienne
1939 1135 2019 1177 en
2068 1137 2140 1178 sa

224 1199 409 1284 garde.
504 1198 592 1262 Ce
638 1213 708 1263 xss
750 1199 981 1264 daoust
1031 1204 1210 1262 1552.

977 1496 1379 1504 -————-—.-—

1068 1713 1254 1782 1643.

724 1867 1129 1934 VIRETUS
1176 1867 1610 1933 CALVINO.

360 2042 915 2107 Lausannensz'um
978 2061 1080 2104 res
1136 2043 1436 2121 infaustis
1502 2040 1725 2104 avibus
1769 2042 2133 2121 procedunt.

222 2126 344 2207 Ipse
384 2129 755 2209 propediem
799 2127 1083 2191 Bernam
1118 2127 1545 2208 proficiscetur
1599 2127 1684 2190 ad
1737 2146 1997 2190 causam
2040 2146 2133 2189 ec·

218 2214 404 2278 cles-iae
444 2215 919 2288 vindicandam,
979 2214 1087 2276 sed
1144 2215 1254 2275 via:
1307 2217 1517 2292 sperat
1571 2233 1637 2275 se
1691 2213 1935 2276 (liutius
1990 2212 2132 2275 sub-

218 2302 398 2363 aster-e
440 2299 785 2364 valiturum
828 2301 897 2362 in
942 2320 1017 2360 ea
1060 2299 1400 2362 conditione
1443 2318 1601 2378 quae
1641 2298 1953 2380 hucusqzae
1996 2299 2132 2362 tole-

220 2386 392 2448 randa
429 2387 574 2466 fuit.

220 2555 301 2618 (Ex
334 2557 670 2625 autographo
706 2556 837 2610 Ood.
874 2555 1070 2614 Gencv,
1109 2556 1259 2620 111⁸,
1298 2558 1385 2609 sol.
1426 2555 1540 2607 101.
1582 2583 1641 2591 --
1679 2556 2003 2608 Recentiora
2039 2572 2128 2608 ex-

219 2626 445 2693 emplaria
480 2627 652 2679 habes
700 2628 757 2679 in
793 2625 924 2678 Cod.
961 2625 1087 2688 116,
1133 2626 1221 2677 fol.
1260 2624 1388 2686 128,
1442 2643 1495 2677 m
1536 2625 1671 2692 Epp.
1711 2625 1966 2678 Beruens.
2006 2625 2132 2678 Vol.

566 2695 658 2748 VI.
698 2712 752 2764 p.
785 2693 903 2759 245,
941 2705 998 2748 et
1033 2711 1117 2762 ap.
1157 2694 1440 2748 Simlerum
1477 2693 1603 2747 Vol.
1637 2690 1741 2758 78.)

358 2865 623 2930 Eximio
681 2865 829 2930 Iesu
890 2865 1140 2931 Christi
1198 2885 1386 2930 servo
1430 2864 1512 2928 D.
1561 2863 1797 2928 Ioanni
1856 2861 2131 2929 Calvino

218 2949 370 3014 fratri
412 2961 477 3016 et
524 2962 928 3036 symmystae
972 2973 1161 3033 quam
1208 2950 1539 3015 carissimo

1631 3054 1959 3120 Genevae.

355 3189 420 3255 S.
494 3189 744 3268 Petrus',
772 3196 827 3267 ¹)
869 3212 994 3273 quo
1038 3213 1196 3257 usus
1239 3212 1385 3255 sum
1430 3192 1672 3256 famulo
1718 3201 1783 3255 et
1821 3191 2049 3269 scriba,
2094 3213 2130 3257 e

218 3294 435 3341 earcere
480 3277 746 3360 scripsit
788 3275 870 3340 ad
913 3297 1019 3341 me
1063 3277 1316 3355 literas,
1362 3279 1593 3360 quibus
1638 3277 1902 3361 petebat
1945 3300 1984 3342 a
2024 3298 2130 3342 me

217 3357 396 3426 doceri
459 3361 545 3428 de
611 3361 890 3446 quadam
951 3364 1392 3428 controversia
1456 3383 1619 3445 quae
1684 3362 1781 3427 illi
1847 3372 1992 3428 erat
2049 3362 2130 3428 de

216 3444 501 3529 baptismo
549 3468 698 3511 eum
735 3449 1090 3526 monachis,
1137 3468 1284 3513 cum
1329 3450 1564 3532 quibus
1599 3449 1696 3513 illi
1740 3450 1862 3513 fuit
1907 3449 2128 3532 dispu-

216 3532 477 3598 tandum:
529 3553 606 3599 ae
643 3534 839 3597 simul
875 3536 1165 3599 omnium
1197 3536 1514 3600 sociorum
1555 3533 1821 3599 nomine
1860 3537 2132 3619 rogabat

216 3631 273 3678 ut
307 3640 695 3700 exponerem
742 3641 867 3701 quo
911 3641 1107 3686 sensu
1150 3619 1599 3703 accipiendum
1644 3641 1785 3685 esse
1828 3629 2128 3703 putarem

216 3703 354 3781 quod
394 3704 573 3788 apud
620 3707 871 3770 Lucam
918 3707 1041 3770 scri
1091 3714 1229 3769 tum
1275 3715 1373 3772 est
1417 3707 1495 3770 de
1542 3703 1618 3771 iis
1664 3707 1772 3788 qui
1818 3707 2129 3772 dicuntur

216 3785 438 3855 aPaulo
472 3792 759 3856 retincti.
826 3791 969 3874 Ego
994 3814 1031 3856 a
1112 3791 1224 3856 illa
1261 3792 1559 3875 respondi
1589 3792 1748 3857 satis
1783 3794 2053 3876 copiose,
2071 3796 2126 3875 2)

215 3887 263 3934 ct
298 3876 797 3940 consolationem
839 3877 1034 3941 simul
1081 3877 1284 3943 adieci
1329 3879 1407 3942 ad
1467 3878 2127 3944 levandam·iUorum

215 3963 650 4054 captivitatem.
743 3963 1067 4044 Quoniam
1116 3988 1267 4030 vero
1303 3965 1465 4029 mihi
1501 3965 1826 4029 incertum
1860 3973 1962 4029 est
1997 3983 2126 4047 quo

216 4068 267 4108 m
306 4060 467 4113 statu
520 4049 657 4112 sint
701 4070 804 4113 100
850 4071 1103 4128 00111111,
1165 4061 1231 4114 et
1274 4072 1399 4134 qua
1445 4052 1516 4114 in
1562 4072 1693 4132 spe,
1741 4051 1888 4114 misi
1934 4048 2016 4114 ad
2061 4059 2127 4115 te

216 4131 399 4199 literas
444 4145 521 4200 ut
567 4155 675 4198 eas
721 4135 982 4218 dirigas,
1030 4137 1220 4201 sicuti
1266 4136 1571 4202 iudicaris
1618 4135 1820 4200 tutius
1865 4143 1930 4199 et
1976 4157 2125 4200 con·

218 4219 427 4286 sultius.
521 4220 695 4284 Nam
739 4222 953 4286 nescio
990 4225 1207 4287 sintne
1244 4221 1457 4287 adhue
1494 4222 1875 4305 superstites
1921 4243 2003 4286 an
2044 4221 2123 4284 ad

218 4324 393 4371 remos
436 4308 731 4387 relegati,
781 4309 871 4371 uti
918 4331 1175 4373 rumore
1220 4330 1515 4390 sparsum
1563 4317 1678 4372 est.
1702 4309 1756 4380 Β)

354 4394 452 4457 De
500 4393 699 4457 rebus
742 4394 1056 4464 nostris⁴)
1118 4397 1329 4459 nescio
1387 4392 1537 4476 quid
1583 4393 1661 4457 ad
1708 4403 1770 4456 te
1815 4394 2125 4458 scribam:

219 4491 537 4544 versantur
574 4501 748 4544 nunc
784 4482 847 4543 in
887 4501 1143 4543 summa
1178 4479 1643 4562 desperatione.
1735 4479 1900 4562 Spes
1946 4479 2126 4544 nobis

218 4715 365 4771 1643.
392 4723 445 4780 1)
490 4720 556 4772 P.
594 4718 897 4772 Navtheres
934 4719 1350 4781 Lemovicensz's‚
1386 4719 1507 4770 olim
1562 4719 1729 4770 Vireti
1774 4719 2125 4773 contuberna-

219 4785 271 4836 111
297 4787 459 4856 (Hi-st.
496 4789 565 4840 de
605 4788 773 4840 Mare.
799 4791 901 4852 sol.
940 4787 1043 4838 216
1080 4793 1170 4848 11.),
1209 4801 1349 4836 mma
1384 4802 1449 4838 ex
1486 4789 1718 4851 captivis
1744 4786 2123 4855 Luqdunensi·

218 4854 305 4906 bus
370 4856 567 4910 Plures
603 4858 717 4907 eius
762 4856 1015 4924 epistolae
1050 4872 1084 4907 a
1128 4855 1382 4920 Crispino
1435 4858 1584 4922 operi
1632 4873 1729 4908 suo
1774 4857 2009 4910 insertae
2056 4857 2122 4908 le·

217 4931 386 4986 quatur
417 4927 513 4990 fol.
550 4924 655 4978 235
689 4941 758 4977 ss.
796 4927 916 4976 item
951 4925 1231 4989 consessio,

385 4993 442 5056 2)
486 4994 631 5048 Hist.
664 4992 758 5046 des
796 4993 1062 5061 Mai-tyre,
1093 4993 1184 5056 fol.
1222 4991 1327 5044 244
1362 5006 1410 5044 v.

386 5064 441 5128 3)
485 5063 759 5117 cumbusta·
792 5067 919 5114 sunt
946 5060 1213 5128 postridie
1252 5061 1389 5112 Idus
1432 5060 1576 5112 Maii
1616 5060 1758 5114 1553.

390 5133 442 5198 4)
479 5131 694 5184 Alludo’t
741 5130 817 5183 ad
862 5132 1129 5197 neyotium
1184 5129 1503 5183 catechismi
1553 5134 1603 5182 et
1636 5130 1984 5196 Ayendorum
2021 5128 2123 5211 (N.

222 5197 475 5266 1581oec.)
516 5198 753 5254 Senatus
797 5215 977 5252 eorum
1028 5201 1521 5252 remon-strationem
1566 5201 1645 5251 ita
1691 5200 1897 5267 θεωρῶ
1940 5205 2000 5253 ιιι
2036 5202 2123 5259 tis.
2234 5246 2349 5250 w-
2394 5244 2441 5250 .-
2483 5245 2508 5249 -
2541 5245 2562 5249 -,

1906 414 2068 476 1552
2114 408 2507 477 AUGUS'P.

4064 416 4186 480 350

2245 597 2466 680 aliqua
2508 605 2876 680 supererat,
2944 597 3002 663 si
3057 597 3421 680 praefectus
3474 597 3659 665 nobis
3701 599 3936 666 fuisset
3976 599 4194 686 desig-

2245 692 2442 747 natus
2487 682 2747 765 qualem
2791 683 3188 765 optabamus.
3277 682 3517 748 Noster
3575 685 3758 750 nobis
3802 706 4064 751 rursum
4107 681 4194 752 ad

2246 789 2494 833 annum
2537 769 2959 834 confirmatus
3003 777 3129 834 est:
3188 768 3360 849 quod
3402 770 3691 853 profecto
3750 772 3910 836 satis
3965 770 4196 836 mirari

2248 875 2379 919 11011
2422 875 2716 937 possum,
2778 863 2926 936 post
2969 864 3103 918 tam
3166 873 3398 937 graves
3441 868 3510 920 et
3553 864 3684 921 tam
3730 857 3936 922 iustas
3996 877 4196 939 quam

2245 939 2678 1022 plurimorum
2723 939 2803 1004 (10
2847 960 2925 1004 eo
2968 939 3284 1022 querelas,
3330 951 3396 1004 et
3439 948 3623 1006 tanta
3665 943 3982 1021 facinora,
4025 960 4193 1025 quae

2244 1047 2373 1090 non
2418 1024 2627 1090 latent
2665 1045 2775 1090 eos
2818 1026 2928 1108 qui
2971 1046 3214 1110 magna
3257 1026 3505 1107 pollent
3537 1028 3605 1091 in
3642 1027 3974 1111 republica
4006 1035 4192 1093 auto·

2244 1111 2458 1176 ritate.
2547 1114 2925 1193 Antequam
2961 1110 3124 1176 haee
3159 1112 3344 1177 nobis
3379 1121 3598 1178 essent
3632 1115 3956 1189 nunciata,
4003 1111 4192 1179 electi

2244 1218 2506 1262 eramus
2550 1197 2747 1280 legati
2792 1217 2942 1281 ege,
2991 1196 3316 1262 Holardus
3339 1201 3394 1272 ⁵)
3438 1208 3504 1261 et
3552 1197 4024 1279 Sampaulinaa
4068 1218 4191 1264 no-

2244 1284 2421 1346 mine
2481 1285 2681 1348 totius
2739 1281 2981 1347 classis.
3086 1282 3297 1364 Spero
3370 1283 3690 1348 Valerium
3754 1285 4069 1368 collegam
4122 1291 4194 1349 et

2191 1383 2197 1404 ¹
2245 1367 2486 1433 Bezam
2543 1390 2799 1434 meeum
2857 1378 3196 1451 praeterea
3263 1371 3665 1451 profecturos
3726 1370 3807 1433 ad
3866 1370 4189 1452 agendam

2190 1474 2196 1484 ·
2245 1455 2413 1518 serio
2472 1475 2736 1519 causam
2792 1455 2990 1519 huius
3041 1453 3366 1519 ecelesiae.
3455 1454 3598 1537 Ego
3643 1477 3772 1519 11011
3829 1455 4018 1521 video
4061 1474 4190 1539 qua

2174 4711 2181 4744 1

2245 1541 2640 1605 conscientia
2680 1540 2953 1622 posthae
3007 1539 3292 1605 assidere
3347 1541 3591 1621 possim
3633 1542 3703 1605 in
3746 1543 3990 1606 nostris
4033 1561 4190 1606 0011-

2243 1625 2551 1705 sistoriis,
2611 1625 2978 1691 cuiusmodi
3034 1623 3227 1690 hodie
3287 1626 3628 1690 habentur.
3719 1625 3938 1691 Statui
3986 1647 4194 1710 expo-‚

2245 1733 2396 1775 nere
2440 1712 2611 1777 serio
2653 1711 2826 1793 quod
2864 1731 2968 1774 me
3003 1711 3380 1775 iustissimis
3416 1711 3496 1775 de
3530 1713 3741 1777 causis
3778 1713 3930 1789 urit,
3976 1731 4192 1795 neque

2242 1798 2309 1860 in
2355 1796 2615 1862 diversa
2674 1797 3003 1861 sententia
3059 1805 3160 1860 est
3211 1817 3395 1861 meus
3452 1796 3717 1881 collega.
3806 1799 3955 1863 Non
3998 1817 4192 1880 spero

2243 1902 2347 1947 me
2390 1882 2499 1949 hic
2553 1883 2796 1947 diutius
2838 1903 3026 1965 posse
3070 1883 3428 1947 subsistere
3450 1934 3463 1959 ,
3531 1885 3683 1966 quia
3726 1883 3972 1949 diutius
4014 1885 4187 1948 ferre

2242 1988 2372 2031 non
2417 1990 2681 2052 possum
2740 1969 2910 2050 quod
2976 1968 3142 2032 mihi
3209 1968 3322 2032 diu
3371 1968 3716 2040 ⁴ferendum
3758 1968 3900 2034 fuit.
3990 1967 4192 2050 Quod

2240 2054 2295 2117 si
2339 2076 2543 2138 pergo
2587 2074 2733 2118 meo
2779 2075 2978 2133 more,
3024 2055 3136 2118 vix
3181 2052 3426 2118 diutius
3468 2054 3637 2119 ferre
3681 2063 3922 2138 potere.
4011 2055 4188 2120 Nam

2240 2153 2571 2205 crescente
2635 2141 2972 2222 impietate
3038 2160 3297 2204 11000000
3362 2139 3488 2204 erit
3543 2140 3763 2205 omnia
3820 2140 4065 2206 maiore
4119 2145 4188 2204 et

2239 2228 2680 2290 constantiore
2739 2226 2981 2308 spiritu
3040 2224 3324 2308 aggredi.
3414 2226 3588 2290 Paro
3648 2245 3751 2289 me
3811 2225 3894 2290 ad
3950 2246 4186 2309 graves

2239 2324 2303 2374 et
2345 2311 2743 2393 periculosas
2787 2320 3222 2392 tempestates.
3313 2308 3452 2375 Ora
3494 2311 3850 2376 Dominum
3905 2330 4023 2394 pro
4068 2332 4187 2376 no-

2235 2397 2336 2462 bis
2380 2395 2699 2474 omnibus,
2745 2409 2811 2460 et
2852 2396 2950 2460 illi
2985 2417 3250 2462 causam
3285 2397 3489 2478 ipsius
3533 2417 3727 2478 quam
3764 2398 4019 2480 agimus
4054 2397 4187 2462 tuis

2238 2482 2538 2565 precibus
2583 2483 3050 2548 commendato.
3141 2479 3377 2547 Saluta
3420 2482 3679 2548 amicos.
3751 2482 3936 2548 Vale.
4004 2483 4183 2548 Lau-

2241 2588 2481 2636 sannae
2533 2574 2625 2632 11.
2674 2569 2961 2651 Augusti
3016 2572 3194 2632 1552.

3216 2705 3397 2769 'Puus
3441 2706 3681 2771 Petrus
3724 2704 4014 2770 Viretus.

2239 2961 2313 3024 Μ
2410 2877 2590 3026 Hinlc
2660 2875 3019 2954 solvemus,
3089 2876 3144 2940 si
3212 2875 3383 2942 volet
3458 2877 3812 2956 Dominus,
3878 2876 4181 2961 proximo

2317 2964 2479 3027 artis
2568 2963 2644 3027 ie.

3109 3472 3299 3543 1644.

2788 3609 3144 3677 HUGIUS
3190 3610 3620 3679 OALVINO.

2408 3780 2654 3845 Filium
2695 3783 2824 3846 arti
2837 3781 3147 3862 pistoriae
3188 3781 3515 3847 discendae
3556 3783 3925 3847 destinam
3974 3782 4173 3849 Gene-

2233 3865 2677 4033 ths’o‘lhzocare
2718 3868 2914 3948 cupit,
2971 3865 3169 3932 alium
3213 3887 3490 3949 puerum
3535 3868 3770 3933 interea
3821 3872 4033 3934 muduo
4073 3890 4173 3938 ac-

2545 4124 2654 4186 (Ex
2691 4123 3024 4192 autographo
3061 4123 3190 4176 Ood.
3228 4121 3434 4177 Gener.
3473 4121 3589 4190 109,
3627 4123 3714 4177 fol.
3751 4122 3867 4188 41.)

2232 4295 2516 4361 Domino
2556 4295 2830 4360 Calvino
2866 4294 3161 4377 episcopo
3206 4292 3510 4359 eeclesiae
3534 4295 3984 4360 Gebennensis
4029 4298 4174 4361 viro

2231 4381 2474 4464 pietate
2531 4389 2596 4444 et
2652 4380 2946 4445 doctrina
3005 4378 3496 4462 incomparabili
3552 4380 3734 4445 fratri
3781 4390 3846 4444 et
3890 4383 4061 4464 patri
4102 4384 4175 4446 in

2859 4466 3145 4530 Domino
3190 4465 3544 4530 carissimo.

2982 4602 3126 4666 Pax
3171 4623 3211 4666 a
3253 4601 3413 4666 Deo.

2402 4723 2813 4804 Quanquam,
2851 4721 3221 4786 doctissime
3243 4722 3364 4798 vir,
3412 4741 3542 4785 non
3581 4725 4035 4789 consueverim
4069 4733 4167 4785 ta·-

2229 4809 2322 4874 les
2367 4810 2543 4874 viros
2587 4809 2808 4874 otiosis
2839 4808 3043 4872 literis
3079 4807 3512 4888 interpellare,
3561 4819 3779 4872 tamen
3819 4817 3929 4873 tua
3961 4809 4167 4870 fretus

2229 4895 2637 4959 humanitate
2682 4903 2748 4959 et
2791 4895 2864 4959 in
2899 4893 3184 4958 Domino
3220 4893 3486 4958 caritate
3520 4914 3655 4958 11011
3700 4893 3992 4959 dubitavi
4035 4913 4165 4955 non

2173 4985 2179 5006 ⁶
2228 4981 2437 5046 solum
2505 4981 2820 5056 scribere,
2889 4979 3004 5044 sed
3069 4979 3265 5046 etiam
3325 5000 3640 5062 magnum
3699 4999 3738 5043 a
3795 4990 3860 5044 te
3926 4983 4164 5059 petere.

2174 5075 2177 5084 1

226 5269 261 5316 ιιι·
288 5270 495 5323 alces-ius
528 5270 647 5323 oblo
685 5275 940 5320 ueremur
964 5269 1361 5322 abdicationem
1395 5273 1445 5320 et
1476 5268 1725 5321 exsilium
1760 5270 2121 5323 minitaretur.
2174 5275 2178 5292 '

226 5334 437 5398 (Ructat
467 5337 533 5390 V.

676 5341 715 5403 .)
762 5335 919 5404 Quod
952 5343 1130 5390 tamen
1162 5337 1375 5405 110901ίο
1410 5337 1626 5390 minime
1654 5336 1815 5401 finem
1848 5339 2121 5404 imposuit.
2172 5323 2178 5374 ἶ

2226 5066 2453 5135 Ηο1100
2499 5066 2702 5131 filium
2747 5064 3234 5148 quatuordecim
3286 5084 3608 5131 annorum
3665 5066 3829 5142 fere,
3885 5063 4164 5146 ingenie,

2579 5243 2632 5252 --ρ

2434 5341 2496 5407 5)
2539 5341 2799 5396 Minister
2834 5345 2893 5395 in
2930 5341 3066 5395 Reae.
3104 5340 3179 5396 N.
3215 5337 3319 5393 412
3353 5345 3404 5394 et
3438 5337 3587 5392 1099.
