4900 6167
691 378 817 442 607

1573 660 1763 732 1788.

1116 791 1123 795 ’
1208 835 1451 901 ΒΕΖΑ
1493 832 2127 902 BULLINGERO.

865 1024 1170 1092 calvinus
1232 1023 1512 1105 undique
1575 1021 1857 1089 obsessus
1918 1027 1976 1088 et
2029 1022 2351 1103 impetitus
2411 1022 2642 1087 unicus

686 1119 895 1181 tamen
933 1117 1027 1178 est
1073 1108 1402 1177 Gallorum
1431 1114 1752 1189 patrumm
1792 1113 1849 1173 et
1880 1109 2124 1176 vindex.

688 1318 803 1386 (Ex
837 1321 1064 1387 autogra
1102 1314 1175 1370 ho
1213 1314 1426 1369 Archiv.
1462 1313 1638 1367 Turic.
1674 1314 1820 1368 Plut.
1857 1314 1953 1368 VI.
1991 1314 2116 1368 Vol.
2158 1312 2282 1379 166,
2331 1312 2462 1365 olim
2496 1310 2637 1434 Egg.

689 1387 844 1441 Tem.
880 1384 968 1452 24,
1002 1385 1057 1438 fo
1131 1382 1249 1439 132.
1321 1384 1543 1452 Apogra
2158 1383 2377 1435 riantur
2407 1381 2469 1434 in
2502 1380 2548 1435 Ο

1580 1382 1653 1435 118
1687 1383 1993 1437 recentiora
2028 1399 2087 1436 1-8

668 1456 895 1529 s(leuev.
933 1452 1062 1523 119,
1106 1452 1200 1509 sol.
1234 1451 1336 1507 169
1412 1453 1469 1506 in
1590 1468 1644 1521 p.
1691 1453 1953 1506 Beruens.
1990 1398 2218 1521 Vlllmp.
2254 1448 2358 1504 123
2401 1458 2459 1503 et
2491 1449 2637 1519 apud

858 1524 1147 1580 Simlerum
1184 1521 1310 1576 Vol.

1345 1496 1431 1576 ὰ).
1498 1521 1775 1591 Integram
1810 1521 1984 1575 edidit
2016 1521 2203 1575 Baum.
2239 1520 2284 1574 1.
2316 1517 2468 1585 426.)

860 1728 1124 1794 Eximio
1178 1747 1369 1793 servo
1411 1724 1540 1791 Dei
1582 1725 1668 1791 D.
1714 1725 2007 1792 Henrico
2049 1724 2433 1808 Bullingero
2476 1722 2637 1789 fide·

687 1815 938 1880 lissimo
982 1813 1227 1898 pastori
1271 1812 1580 1880 ecclesiae
1603 1810 1957 1897 Tigurinae
1991 1812 2166 1896 patri
2207 1809 2371 1876 mihi
2414 1810 2637 1875 obser·

687 1899 1094 1966 vandissimo

859 2153 1159 2222 Salutem
1205 2163 1273 2220 et
1313 2175 1541 2237 pacem
1587 2175 1626 2219 a
1669 2152 1970 2219 Domine.
2042 2152 2245 2238 Ergo,
2288 2152 2382 2217 mi
2424 2160 2633 2237 pater,

688 2240 1073 2310 devenimus
1106 2239 1175 2306 in
1207 2239 1371 2306 haec
1405 2249 1703 2323 tempora
1735 2237 1968 2322 quibus
2002 2237 2636 2305 calamitosissimam

687 2328 1029 2396 ecclesiam
1070 2326 1202 2392 Dei
1259 2346 1391 2391 non
1446 2325 1826 2391 desinamus
1882 2324 2242 2408 deplorare.
2330 2324 2439 2389 Ita
2497 2345 2634 2391 me·

684 2425 918 2481 rentur
961 2410 1208 2479 scelera
1262 2420 1489 2478 nostra
1531 2410 1737 2495 quod,
1797 2412 1927 2476 nisi
1978 2432 2125 2476 sum
2183 2410 2390 2477 falsus
2447 2421 2636 2477 vates

685 2509 913 2583 (atque
953 2497 1239 2583 utinam)
1253 2549 1267 2572 ,
1326 2498 1513 2564 nobis
1557 2497 1685 2563 erit
1726 2496 2177 2562 exhaurienda
2218 2496 2371 2562 faex
2413 2494 2636 2562 calicis

683 2588 825 2652 irae
870 2584 1012 2649 Dei.
1083 2583 1258 2648 Nam
1301 2583 1414 2649 ubi
1456 2585 1664 2648 maior
1708 2592 1946 2667 regnat
1979 2591 2393 2666 contemptus
2435 2603 2636 2665 quam

682 2672 791 2737 his
827 2670 895 2735 in
944 2669 1102 2735 locis
1146 2668 1256 2734 ubi
1297 2670 1415 2735 lux
1458 2668 1783 2753 evangelii
1826 2669 1899 2733 in
1935 2668 2251 2745 omnium,
2297 2668 2495 2733 etiam
2531 2669 2633 2733 in-

682 2758 1007 2834 vitorum,
1052 2754 1274 2821 oculos
1316 2755 1599 2821 incurrit
1615 2753 1648 2818 7
1738 2754 1996 2820 Novam
2039 2754 2484 2837 lacrymarum
2527 2774 2635 2819 oc-

680 2843 1012 2909 casionem
1067 2842 1254 2907 nobis
1312 2840 1580 2925 praebet
1643 2839 2105 2906 nonnullorum
2173 2838 2634 2905 seditiosorum

680 2929 1026 2995 hominum
1067 2926 1469 3009 improbitas,
1498 2927 1548 3012 ¹)
1592 2947 1760 3009 quae
1794 2927 1994 2991 etiam
2028 2946 2263 2991 vereor
2299 2947 2380 2991 ne
2417 2927 2636 2992 Gene-

677 3035 952 3081 vensem
996 3014 1182 3079 nobis
1238 3013 1573 3079 ecclesiam
1620 3012 1954 3077 deformet.
2045 3009 2337 3078 Obsecro
2384 3020 2479 3088 te,
2541 3012 2634 3075 mi

679 3108 902 3186 pater,
960 3098 1144 3162 illam
1202 3120 1337 3164 una
1394 3119 1545 3164 cum
1599 3097 1977 3163 fidelissimo
2035 3096 2214 3161 illius
2256 3107 2519 3179 pastore
2573 3110 2642 3161 et

678 3187 886 3254 altero
930 3205 1075 3249 meo
1131 3195 1403 3267 parente
1458 3184 1848 3249 nominatim
1907 3182 2152 3248 habeas
2206 3183 2278 3246 in
2335 3181 2638 3264 precibus

676 3273 815 3338 tuis
860 3268 1400 3335 commendatam.
1489 3268 1687 3334 Absit
1742 3280 1819 3333 ut
1861 3267 2133 3334 ecclesia
2175 3269 2304 3333 Dei
2352 3267 2637 3333 homini-

675 3358 803 3424 bus
844 3356 1128 3431 nitatur,
1174 3356 1545 3438 quicunque
1588 3354 1856 3420 tandem
1899 3353 2002 3418 illi
2043 3355 2192 3418 sint.
2282 3353 2488 3419 Nobis
2532 3362 2632 3418 ta·-

673 3466 830 3511 men
890 3440 1107 3507 Gallis
1172 3440 1296 3507 hoe
1359 3451 1652 3524 tempore
1717 3441 1772 3505 si
1834 3439 2136 3505 Calvinus
2199 3441 2548 3524 eripiatur,
2573 3438 2629 3525 ²)

674 3548 875 3597 cerno
920 3527 1358 3592 miserrimum
1404 3527 1545 3591 fore
1589 3534 1657 3590 et
1700 3526 2147 3590 tristissimum
2190 3526 2626 3609 naufragium.

672 3617 770 3682 Et
813 3613 989 3679 domi
1033 3621 1101 3678 et
1143 3613 1302 3677 foris
1345 3613 1451 3677 vir
1492 3613 1734 3690 bonus,
1802 3621 1999 3694 atque
2041 3612 2237 3675 etiam
2276 3612 2343 3676 in
2389 3613 2629 3678 nostris

672 3697 1054 3778 visceribus,
1099 3708 1201 3763 tot
1242 3697 1441 3763 habet
1485 3698 1740 3775 hostes,
1787 3697 1900 3780 qui
1943 3696 2247 3762 omnibus
2289 3696 2503 3764 modis
2545 3696 2627 3761 il-

669 3787 813 3853 lum
848 3794 1216 3862 exerceant,
1263 3792 1339 3848 ut
1375 3784 1695 3850 hactenus
1730 3782 2032 3849 sufficere
2066 3783 2357 3866 potuisse
2398 3784 2623 3849 mirer.

668 3872 811 3938 Nec
854 3880 1080 3936 tamen
1126 3870 1341 3935 adhuc
1383 3877 1685 3953 repertus
1743 3879 1844 3934 est
1885 3868 1989 3934 vel
2034 3889 2207 3934 unus
2251 3871 2361 3952 qui
2404 3869 2626 3953 palam

667 3978 874 4023 ausus
917 3958 1003 4021 sit
1045 3976 1314 4022 causam
1378 3955 1510 4021 odii
1568 3956 1672 4020 sui
1717 3955 1990 4039 aperire.
2078 3954 2331 4038 Nempe
2373 3956 2626 4021 invicta

666 4042 954 4109 hominis
1014 4043 1230 4107 virtus
1294 4040 1626 4106 diabolum
1691 4041 1827 4107 urit
1890 4048 1957 4105 et
2011 4039 2252 4107 diaboli
2307 4042 2619 4108 membra.

666 4129 949 4194 Interim
994 4128 1017 4191 i
1065 4149 1137 4193 se
1178 4127 1442 4211 quidem
1498 4129 1746 4211 perfert
1800 4127 2021 4192 omnia
2065 4127 2620 4193 constantissime:

666 4212 803 4292 sed,
850 4214 975 4280 nisi
998 4150 1326 4279 ssominus
1359 4233 1552 4298 opem
1584 4215 1769 4293 ferat,
1818 4232 2048 4278 vereor
2082 4234 2166 4277 ne
2204 4211 2378 4279 hunc
2422 4212 2624 4279 etiam

666 4298 924 4365 labores
981 4307 1050 4363 et
1110 4299 1444 4365 molestiae
1501 4301 1688 4366 nobis
1746 4299 2004 4365 miseris
2062 4298 2360 4382 eripiant.
2448 4299 2625 4383 Eget

665 4385 974 4471 precibus
1016 4392 1083 4450 et
1123 4385 1599 4464 consolatione,
1646 4407 1842 4469 quas,
1886 4402 1962 4450 ut
2004 4385 2270 4466 opinor,
2317 4384 2445 4468 ipsi
2489 4406 2622 4450 non

666 4471 998 4538 invidebis
1063 4470 1342 4537 diutius:
1409 4473 1708 4554 quamvis
1773 4493 1902 4536 non
1973 4469 2199 4536 dubito
2266 4471 2428 4554 quin
2494 4473 2624 4538 ista

668 4559 872 4623 etiam
917 4556 1092 4621 mala
1134 4558 1227 4623 sic
1261 4565 1330 4622 te
1373 4558 1664 4623 afficiant
1696 4555 2056 4636 nobiscum,
2101 4565 2175 4623 ut
2215 4557 2357 4641 ipse
2400 4559 2621 4643 potius

666 4643 1111 4710 consolatione
1152 4641 1480 4728 indigeas,
1524 4664 1719 4726 quam
1764 4644 2022 4709 utinam
2063 4642 2252 4708 nobis
2293 4645 2621 4709 Dominus

700 4950 841 5007 788.
880 4950 938 5019 1)
973 4951 1350 5006 Bmellerium
1384 4955 1540 5006 notat
1573 4958 1624 5006 et
1657 4957 1893 5008 caeteros
1926 4952 2092 5007 huius
2122 4951 2399 5017 factionis.
2483 4951 2620 5008 Vide

670 5019 807 5091 Ray.
843 5020 923 5075 du
958 5019 1172 5074 Conse-'l
1203 5021 1282 5075 ad
1312 5019 1366 5077 4.
1405 5019 1547 5089 Sept.

872 5089 929 5155 2)
972 5088 1234 5144 Calvinus
1262 5087 1500 5212 publicaed
1503 5090 1745 5143 minatus
1777 5095 1932 5213 areg„
1927 5089 2199 5214 mattas
2176 5090 2618 5213 ἰζ-8218818819-

666 5174 928 5295 quaem?
961 5160 1588 5297 maffia-modo
1634 5175 2074 5297 odingaaintelliyi
2106 5227 2356 5284 deberent
2391 5232 2443 5283 et
2475 5242 2617 5298 quae

666 5301 843 5350 essent
876 5297 1191 5352 consistorii
1222 5298 1348 5352 z’ura
1382 5303 1433 5352 et
1459 5297 1769 5367 privs-‘wia

2196 367 2713 437 EPISTOLAE
2765 373 2791 434 1
2804 371 3051 436 788--1
3062 373 3099 432 7
3105 371 3190 438 90

2692 1900 2700 1933 l

4549 377 4648 442 608

2745 558 3119 645 suppeditet
3159 566 3228 626 et
3241 610 3258 639 ,
3304 559 3500 627 sicuti
3540 559 3770 627 scribis
3785 611 3801 639 ,
3861 566 4004 626 tum
4049 561 4260 627 11881πί
4300 566 4443 628 tum
4481 561 4652 632 eecle-

2745 646 2991 712 siarum
3034 666 3304 713 suarum
3344 645 3536 712 brevi
3569 646 3978 713 misereatur:

2744 767 4656 784 ———-—--—-—-‘———-——

2918 818 3313 884 Lausannae
3357 821 3426 882 4⁸
3469 815 3651 901 Sept.

3779 954 4025 1022 Theod.
4071 956 4251 1021 Beza

3357 1058 3532 1124 filius
3575 1059 3694 1124 tibi
3737 1058 3805 1122 in
3841 1059 4126 1124 Domino
4168 1057 4641 1128 addictissimus.

3513 1353 3922 1363 ——-——-——-—

3613 1586 3801 1659 1789.

3126 1739 3623 1809 HALLERUS
3665 1740 4302 1810 BULLINGERO.

2918 1911 3138 1993 Refert
3192 1912 3349 1995 quid
3413 1914 3486 1978 in
3539 1914 3892 1993 ardalione
3953 1913 4252 1979 dossum·
4303 1916 4673 2000 yallwarum’

2741 1999 2987 2074 viderit,
3025 1999 3216 2083 eyerit
3235 2002 3292 2064 et
3311 1999 3663 2081 profecerit,
3689 2000 4073 2081 praesertim
4104 2001 4311 2082 quoad
4341 2003 4677 2069 dodvinam

2742 2343 2850 2410 (nx
2898 2347 3027 2397 auto
3122 2341 3230 2410 pho
3264 2341 3432 2395 Aron.
3467 2342 3645 2395 Turio.
3683 2342 3825 2396 mut.
3877 2341 3966 2396 Vl.
4005 2343 4130 2397 v01.
4172 2343 4271 2397 115
4351 2346 4485 2399 oum
4520 2344 4679 2400 Sorin.

2739 2413 2807 2465 B.
2842 2412 2986 2481 spp.
3068 2427 3173 2464 om.
3212 2410 3361 2464 vm
3409 2410 3499 2464 τοι.
3512 2408 4041 2547 affiiitfiuffimm'
4077 2412 4198 2467 1101
4240 2388 4330 2470 so.
4399 2415 4679 2484 Inscriptio

2911 2649 2981 2716 S.
3030 2648 3271 2715 Salvus
3306 2658 3375 2714 et
3407 2650 3756 2716 incolumis
3792 2651 3876 2716 ad
3908 2673 4086 2717 meos
4121 2674 4268 2718 sum
4306 2675 4616 2721 reversus
4641 2658 4682 2730 ¹)

2737 2736 2877 2802 Cal.
2925 2735 3106 2819 Sept.
3197 2734 3441 2801 Omnia
3495 2737 3565 2800 in
3607 2737 3850 2802 nostris
3894 2737 4161 2823 synodis
4207 2742 4372 2806 satis
4421 2741 4688 2807 feliciter

2738 2828 3211 2888 successerunt.
3298 2822 3584 2887 Domino
3630 2822 3716 2888 sit
3755 2821 3919 2889 laus.
4002 2822 4265 2891 Classes
4310 2826 4689 2891 invenimus

2736 2909 3101 2991 pacatiores
3143 2907 3352 2972 multo
3386 2929 3578 2991 quam
3619 2909 4058 2992 sperabamus.
4122 2909 4466 2992 Quoniam
4502 2913 4692 2978 etiam

2738 3016 2780 3059 a
2821 3002 3054 3060 senatu
3097 2992 3248 3058 data
3302 2994 3489 3060 nobis
3548 3002 3690 3060 erat
3746 3004 4032 3079 potestas
4098 2996 4520 3083 transigendi
4559 3018 4692 3062 om·

2736 3080 2881 3158 nia,
2942 3079 3343 3145 absolvimus
3409 3079 3715 3164 pleraque
3779 3081 3872 3146 ita
3942 3088 4021 3145 ut
4077 3102 4286 3165 pauca
4359 3084 4694 3168 supersint

2737 3165 2820 3230 ad
2865 3172 3167 3231 senatum
3211 3165 3572 3231 referenda.
3661 3166 4129 3233 Controversia
4184 3167 4264 3234 de
4322 3168 4694 3253 praedesti-

2735 3253 2999 3317 natione
3013 3254 3072 3332 2)
3116 3252 3188 3316 in
3231 3251 3418 3317 nulla
3459 3252 3589 3317 alia
3630 3262 4091 3336 praeterquam
4124 3254 4198 3319 in
4220 3255 4696 3321 Lausaunensi

2736 3336 2941 3403 classe
2984 3337 3109 3402 fuit
3150 3338 3413 3422 agitata,
3460 3337 3614 3404 hinc
3638 3338 3992 3405 Francisco
4018 3338 4459 3423 Sanspauls‘no
4493 3360 4695 3417 suam,

2734 3424 3003 3507 reliquis
3045 3443 3204 3489 vero
3247 3422 3549 3489 omnibus
3601 3425 4039 3490 communiter
4092 3446 4287 3492 suam
4334 3426 4694 3493 defenden-

2733 3509 2911 3575 tibus
2957 3509 3369 3574 sententiam.
3449 3507 3706 3590 Quibus
3752 3512 4057 3594 utrinque
4101 3512 4351 3579 auditis
4399 3535 4541 3579 non
4581 3511 4699 3578 visi

2734 3602 2889 3660 sunt
2923 3593 3083 3661 adeo
3118 3595 3344 3678 procul
3380 3596 3720 3660 sententiis
3756 3596 4141 3679 discrepare,
4182 3598 4389 3664 modo
4438 3619 4515 3664 se
4557 3619 4697 3663 mu-

2732 3687 2848 3745 tuo
2882 3703 3002 3764 per
3036 3680 3339 3764 spiritum
3375 3681 3728 3747 modestiae
3762 3692 3829 3747 et
3861 3684 4154 3749 caritatis
4188 3686 4373 3751 ferre
4411 3692 4698 3768 possent.

2731 3767 2824 3832 Et
2866 3776 3184 3850 quantum
3227 3765 3513 3832 iudicare
3554 3787 3841 3851 possum,
3886 3790 4019 3833 non
4069 3778 4204 3834 tam
4249 3768 4336 3837 de
4387 3770 4699 3856 dogmate

2730 3852 3271 3931 controvertitur,
3327 3874 3523 3936 quam
3580 3850 3661 3917 de
3715 3852 3910 3919 rebus
3963 3853 4109 3920 aliis
4151 3876 4325 3938 quae
4375 3878 4511 3941 per
4553 3876 4702 3922 oon-

2729 3939 3046 4004 tentionis
3067 3939 3390 4005 fervorem
3426 3939 3677 4004 interea
3712 3937 4106 4006 acciderunt.
4173 3941 4703 4027 Composuimus

2728 4033 2951 4090 tamen
2995 4022 3307 4108 quidquid
3348 4025 3523 4090 inter
3565 4045 3675 4091 eos
3717 4024 3850 4090 fuit
3893 4027 4045 4103 litis,
4091 4036 4158 4092 et
4190 4048 4400 4111 spero
4442 4050 4561 4096 eos
4596 4026 4703 4093 de-

2728 4112 2954 4194 inceps
2996 4111 3251 4193 quietos
3294 4111 3569 4177 futuros.
3637 4109 3835 4192 Quod
3878 4111 4117 4197 dogma
4159 4114 4397 4198 ipsum
4447 4116 4704 4192 affluet,

2729 4199 2891 4262 satis
2953 4196 3288 4261 moderate
3342 4204 3411 4261 et
3466 4196 3785 4263 catholice
3842 4199 3985 4264 sive
4041 4198 4420 4267 orthodoxe
4480 4200 4708 4269 classis

2727 4282 2891 4346 mihi
2936 4282 3184 4348 sentire
3227 4302 3303 4349 ac
3337 4280 3567 4349 docere
3601 4282 3886 4349 videtur.
3954 4283 4226 4351 Nullam
4260 4288 4468 4352 enim
4512 4289 4710 4353 aliam

2728 4366 3170 4433 damnationis
3214 4388 3478 4434 causam
3513 4369 3930 4435 ‚constituunt
3973 4392 4168 4454 quam
4205 4372 4525 4441 hominis
4559 4394 4709 4459 pec-

2727 4464 2946 4520 catum
2963 4506 2980 4533 ,
3038 4475 3246 4538 neque
3290 4454 3461 4520 hanc
3512 4455 3609 4520 ita
3662 4455 3747 4521 ad
3798 4455 4043 4522 nudam
4088 4456 4220 4522 Dei
4264 4459 4712 4527 voluntatem

2727 4541 3038 4605 referunt.
3142 4540 3406 4605 Interea
3469 4548 3690 4606 tamen
3706 4594 3721 4620 ,
3789 4562 3987 4625 quare
4044 4541 4234 4609 Deus
4297 4544 4588 4631 aliquos
4641 4546 4710 4609 in

2724 4625 2900 4692 iusta
2943 4647 3066 4691 sua
3108 4624 3525 4691 damnatione
3583 4626 3913 4710 relinquat
3929 4680 3943 4703 ,
3990 4629 4116 4693 hoc
4158 4649 4302 4695 non
4351 4633 4711 4716 inquiren-

2725 4711 2884 4777 dum
2929 4732 3071 4778 esse
3114 4722 3398 4777 censent.
3466 4711 3602 4778 Sed
3637 4716 3849 4798 magis
3893 4714 4244 4780 dicendum
4293 4738 4470 4782 cum
4520 4738 4713 4802 apos-

2723 4798 2881 4864 tolo:
2930 4797 2992 4864 Ο
3028 4796 3304 4863 altitudo
3350 4806 3468 4865 etc.
3512 4806 3580 4863 et
3619 4809 3692 4865 tu
3736 4801 3928 4865 homo
3965 4801 4109 4884 quis
4144 4821 4215 4867 es
4251 4810 4394 4869 etc.
4474 4804 4715 4888 Neque

2725 4882 3111 4950 Franciseus
3166 4883 3346 4950 aliud
3402 4886 3647 4950 sentire
3706 4886 3986 4957 videtur.
4087 4887 4479 4954 Caeterum
4538 4886 4714 4974 quod

2719 5159 2973 5280 1789.1{
3008 5160 3216 5240 legatus
3248 5158 3434 5224 fuerat
3476 5176 3512 5214 a
3555 5165 3748 5215 senatu
3795 5173 3896 5213 suo
3939 5158 4018 5214 ad
4062 5161 4264 5215 classes
4313 5163 4606 5232 gallicas,
4655 5166 4716 5217 ai

2719 5230 2879 5295 infra
2911 5230 3166 5365 213qu)ng
3147 5234 3425 5352 Naeiffift
3428 5269 3437 5281 ’
