4900 6167
725 433 846 496 571

722 641 908 688 mum
961 623 1215 682 certum
1272 623 1391 682 est.
1477 612 1555 681 Si
1613 634 1769 681 vero
1824 614 2212 698 promittant
2268 614 2685 682 fideiussores

726 704 901 791 quod
957 724 1091 768 non
1153 708 1255 767 est
1305 701 1378 766 in
1434 720 1665 767 eorum
1717 708 2069 784 potestate,
2147 699 2365 785 palam
2431 700 2685 766 luditur

727 793 914 858 Deus
928 841 944 869 ,
1000 788 1391 874 praesertim
1432 786 1491 853 si
1547 786 1672 853 hoc
1726 795 1958 852 notum
2012 788 2130 864 sit,
2176 807 2309 852 non
2354 788 2524 852 serio
2567 786 2684 853 sed

723 885 990 946 tantum
1025 873 1430 941 defunctorie
1462 874 1779 957 promitti.
1852 873 2025 938 Nam
2063 872 2121 939 si
2165 880 2380 938 astute
2423 872 2682 953 fallunt,

724 964 918 1047 culpa
960 981 1204 1029 vacuus
1248 970 1350 1025 est
1391 959 1713 1024 minister.
1783 958 2139 1024 Caeterum
2184 959 2456 1024 minime
2500 958 2683 1024 dubi-

724 1062 967 1126 tamus,
1011 1067 1149 1111 non
1193 1045 1356 1111 alios
1398 1066 1544 1111 esse
1585 1044 1854 1111 idoneos
1898 1065 2266 1129 sponsores,
2310 1046 2436 1111 nisi
2482 1066 2681 1128 penes

723 1155 891 1222 quos
931 1133 1019 1198 sit
1059 1130 1441 1217 praestandi
1482 1130 1790 1209 facultas,
1849 1130 1970 1196 hoc
2016 1140 2145 1211 est,
2202 1132 2315 1214 qui
2356 1131 2681 1197 infantem

718 1218 1020 1290 â€˜habituri
1079 1218 1212 1283 sint
1263 1220 1337 1283 in
1380 1239 1500 1283 sua
1545 1224 1901 1301 potestate,
1965 1216 2075 1282 vel
2133 1218 2245 1301 qui
2305 1218 2516 1299 patris
2567 1225 2683 1284 aut

725 1306 960 1376 matris
1004 1311 1239 1388 rogatu
1281 1302 1482 1370 fidem
1524 1323 1715 1368 suam
1774 1301 2086 1369 ecclesiae
2143 1303 2456 1386 obligent.
2544 1301 2679 1369 Sed

718 1392 1143 1480 praecipuam
1185 1392 1258 1454 in
1300 1409 1377 1455 eo
1422 1388 1877 1455 difficultatem
1934 1389 2122 1455 vobis
2183 1410 2325 1455 esse
2367 1389 2680 1474 intelligi-

721 1502 904 1557 mus,
966 1475 1141 1559 quod
1178 1476 1357 1554 avia,
1419 1495 1538 1559 pro
1593 1483 1805 1541 matre
1846 1476 2246 1559 baptismum
2291 1477 2514 1556 nepoti
2560 1497 2679 1541 suo

723 1564 833 1634 vel
904 1562 1087 1646 nepti
1158 1561 1424 1645 petiisse
1493 1559 1748 1627 dicitur.
1848 1560 1912 1626 N
1914 1581 2023 1625 am
2094 1582 2295 1644 quum
2354 1562 2680 1628 Dominus

720 1651 1008 1738 gratiam
1085 1668 1272 1713 suam
1347 1648 1421 1712 in
1494 1646 1741 1712 multas
1797 1656 2044 1712 aetates
2110 1646 2457 1727 extendat,
2536 1668 2680 1712 eam

724 1737 1093 1819 astringere
1146 1754 1281 1798 non
1336 1741 1437 1799 est
1497 1739 1820 1799 nostrum.
1908 1732 2001 1796 Et
2060 1740 2236 1798 certe
2291 1733 2506 1799 locum
2572 1734 2680 1801 hic

721 1824 926 1890 habet
1002 1820 1298 1905 vulgaris
1362 1818 1620 1903 regula:
1697 1819 1959 1885 favores
2025 1840 2168 1885 esse
2246 1819 2675 1903 ampliandos.

723 1909 859 1978 Sed
904 1906 1033 1972 duc
1072 1903 1546 1973 consideranda
1589 1912 1773 1970 sunt:
1829 1905 1943 1969 An
1985 1905 2138 1972 avia
2176 1905 2247 1969 in
2291 1925 2362 1972 se
2405 1906 2679 1989 recipiat

720 1993 1001 2063 infantis
1041 1991 1526 2069 educationem,
1585 1990 1783 2074 idque
1828 1989 2025 2056 faciat
2067 1992 2212 2056 iure
2251 2011 2369 2057 suc
2386 2042 2400 2069 ,
2448 2000 2537 2056 ut
2578 2013 2680 2060 ca-

720 2089 958 2148 veatur
1000 2079 1307 2145 ecclesiae
1363 2077 1436 2142 in
1481 2098 1682 2162 grege
1726 2097 2115 2141 mansurum
2159 2076 2272 2159 qui
2313 2086 2674 2160 cooptatur.

716 2168 950 2251 Neque
997 2165 1175 2230 enim
1231 2165 1301 2228 in
1361 2163 1550 2229 aviae
1595 2164 1880 2247 gratiam
1923 2162 2352 2247 baptizandus
2396 2164 2525 2229 erit
2561 2185 2676 2229 ne-

715 2275 860 2340 pos,
902 2253 975 2316 in
1017 2272 1213 2334 quem
1256 2249 1425 2315 nihil
1455 2250 1722 2315 habebit
1761 2249 1902 2332 ipsa
1944 2249 2125 2328 iuris,
2171 2263 2238 2314 et
2271 2251 2382 2333 qui
2422 2250 2677 2315 alienus

718 2341 846 2407 erit
881 2337 962 2403 ab
1007 2338 1150 2402 eius
1188 2335 1454 2401 familia.
1529 2333 1955 2401 circumcisio
1988 2357 2123 2401 non
2161 2344 2419 2401 tantum
2453 2336 2676 2402 vernis

715 2423 1060 2501 Abrahae,
1139 2421 1254 2487 sed
1320 2421 1635 2503 emptitiis
1701 2441 1956 2504 quoque
2025 2423 2237 2488 servis
2309 2422 2676 2489 communis

715 2513 880 2579 fuit:
927 2508 1012 2573 ad
1037 2508 1222 2573 Loth
1265 2514 1425 2572 vero
1471 2527 1605 2572 non
1647 2507 1969 2591 pervenit,
2011 2509 2125 2590 qui
2170 2529 2253 2573 ex
2298 2509 2437 2573 eius
2484 2508 2676 2573 domo

712 2600 1136 2681 migraverat.
1208 2591 1466 2658 Deinde
1509 2591 1867 2658 videndum
1911 2614 1998 2658 an
2039 2596 2183 2677 ipsa
2222 2614 2480 2677 quoque
2524 2595 2678 2660 avia

722 2681 1095 2750 membrum
1141 2680 1227 2744 sit
1281 2679 1571 2762 corporis
1615 2679 1824 2744 nostri
1842 2732 1857 2755 ,
1917 2688 1984 2744 et
2035 2680 2107 2744 in
2168 2688 2356 2744 coetu
2416 2679 2674 2762 piorum

720 2769 941 2835 locum
995 2765 1302 2831 obtineat.
1393 2764 1742 2830 Mulierem
1802 2763 2109 2850 designas
2165 2787 2331 2848 quae
2390 2767 2448 2831 si
2503 2764 2676 2850 apud

718 2875 842 2921 nos
884 2851 1244 2930 habitaret,
1304 2852 1457 2934 quia
1500 2858 1721 2916 tamen
1762 2852 1965 2916 filiam
2011 2851 2294 2918 elocavit
2335 2859 2528 2917 extra
2570 2874 2676 2918 ec-

717 2940 985 3008 clesiam
1030 2946 1098 3002 et
1140 2946 1459 3019 quantum
1504 2937 1575 3001 in
1635 2959 1705 3002 se
1761 2937 1891 3002 fuit
1932 2936 2261 3003 abdicavit
2318 2959 2358 3002 a
2414 2938 2673 3020 piorum

717 3023 1206 3103 communione,
1285 3022 1413 3088 hac
1467 3044 1601 3087 una
1677 3023 1957 3105 perfidia
2034 3045 2104 3089 se
2162 3022 2457 3105 privavit
2530 3024 2674 3088 iure

717 3109 1123 3196 sponsionis,
1203 3130 1287 3174 ne
1362 3107 1690 3174 audienda
1760 3111 1849 3174 sit
1917 3130 2118 3192 quum
2192 3109 2273 3173 de
2348 3109 2673 3192 baptismo

717 3197 958 3281 agitur.
1047 3193 1244 3260 Certe
1311 3196 1367 3260 si
1431 3195 1688 3279 vigeret
1752 3195 2047 3279 legitima
2111 3192 2458 3276 disciplina
2475 3245 2491 3271 ,
2559 3216 2673 3260 ex-

714 3281 1305 3351 communicatione
1350 3279 1554 3380 digna
1595 3289 1738 3346 erat
1780 3302 1946 3364 quae
1989 3279 2330 3345 ecclesiam
2377 3302 2500 3346 ove
2538 3300 2675 3345 una

712 3366 1064 3436 fraudavit.
1154 3364 1347 3447 Quod
1391 3388 1449 3432 s1
1493 3366 1754 3452 culpam
1798 3387 2157 3450 agnoscens
2200 3367 2673 3448 poenitentiam

712 3472 904 3522 suam
948 3452 1074 3517 hoc
1117 3451 1312 3516 modo
1352 3460 1659 3518 testatam
1695 3451 1959 3529 faceret,
2003 3451 2254 3516 foetum
2290 3453 2523 3518 saltem
2559 3453 2671 3536 qui

711 3562 798 3608 ex
833 3537 1139 3622 coniugio
1178 3558 1525 3621 perperam
1560 3548 1897 3604 contracto
1934 3545 2127 3603 natus
2170 3546 2288 3618 est,
2332 3538 2405 3602 in
2438 3541 2671 3605 matris

707 3627 926 3694 locum
972 3624 1156 3690 vobis
1200 3625 1572 3701 restituens,
1618 3624 1783 3688 forte
1824 3623 2170 3708 repudiare
2213 3644 2496 3707 aequum
2539 3647 2670 3690 non

712 3720 904 3779 esset.
1010 3709 1265 3776 Verum
1325 3710 1478 3793 quia
1533 3707 1703 3773 nihil
1760 3708 1894 3775 tale
1948 3728 2108 3794 prae
2163 3730 2234 3775 se
2290 3710 2447 3791 fert,
2507 3712 2668 3794 quin

709 3799 931 3884 potius
975 3803 1054 3861 ut
1097 3796 1361 3880 impura
1402 3802 1507 3861 est
1548 3815 1625 3862 ac
1664 3795 1943 3878 profana
1997 3795 2237 3862 mulier
2252 3846 2269 3875 ,
2326 3797 2417 3861 ita
2461 3804 2668 3863 totam

711 3904 902 3951 suam
957 3881 1246 3948 sobolem
1303 3881 1695 3966 prostituere
1739 3880 2029 3948 Satanae
2082 3892 2312 3965 parata
2376 3890 2505 3961 est,
2569 3883 2667 3947 ni-

708 3969 883 4035 miae
938 3965 1271 4035 socordiae
1327 3967 1531 4033 fuerit
1583 3968 1986 4051 baptismum
2042 3978 2266 4052 aperto
2310 3970 2453 4034 eius
2495 3967 2668 4034 ludi-

708 4054 854 4120 brio
899 4074 940 4119 a
982 4051 1173 4118 nobis
1216 4052 1476 4136 exponi.
1568 4052 1764 4120 Certe
1808 4074 1975 4138 quae
2019 4054 2329 4120 ecclesiae
2375 4076 2667 4120 commu-

708 4141 909 4207 nione
951 4138 1225 4223 indigna
1270 4147 1403 4219 est,
1447 4139 1656 4205 multo
1700 4141 1921 4206 minus
1963 4149 2183 4223 potest
2226 4141 2372 4206 aliis
2415 4141 2664 4224 patefa-

707 4248 860 4294 cere
917 4226 986 4291 in
1042 4246 1192 4291 eam
1248 4223 1516 4291 aditum.
1617 4225 1816 4308 Vale,
1872 4226 2111 4291 eximie
2169 4228 2272 4292 vir
2325 4248 2404 4292 ac
2462 4227 2667 4293 frater

706 4311 901 4378 nobis
944 4310 1306 4396 plurimum
1346 4310 1769 4378 observande.
1846 4310 2254 4399 Symmystis
2287 4313 2419 4379 tuis
2459 4312 2664 4396 pluriÎ‡

707 4419 889 4466 mam
932 4398 1218 4463 salutem
1272 4408 1499 4464 nostro
1540 4398 1809 4464 nomine
1866 4397 2042 4466 dices
2059 4449 2074 4479 ,
2133 4419 2382 4484 nosque
2434 4419 2663 4465 eorum

704 4484 1011 4569 precibus
1054 4483 1557 4551 commendabis.
1642 4485 1972 4553 Dominus
2025 4484 2213 4551 vobis
2269 4483 2471 4567 adsit,
2528 4486 2662 4568 spi-

703 4570 845 4636 ritu
887 4590 1006 4635 suo
1038 4591 1169 4637 Î‡vos
1301 4568 1561 4649 bernet,
1601 4592 1949 4655 manuque
1992 4592 2113 4638 sua
2155 4579 2433 4640 tueatur.
2523 4571 2661 4639 Gre-

704 4676 935 4734 nevae,
990 4658 1084 4720 16.
1129 4655 1186 4723 C
1253 4656 1400 4723 end.
1445 4658 1737 4744 Augusti
1789 4661 1972 4723 1553.

2237 424 2767 493 EPISTOLAE
2818 428 3233 490 1759â€”1761

4591 438 4691 500 572

3672 611 3865 684 1760.

3282 766 3750 837 CALVINUS
3794 768 4260 838 FARELLO.

2959 938 3146 1006 Hanc
3176 939 3504 1021 privatam
3532 942 3928 1022 praecedenti
3952 941 4243 1027 publicae
4277 944 4550 1029 adiunyit
4576 969 4691 1015 eccm

2784 1025 2856 1089 in
2892 1024 3080 1106 finem
3123 1030 3195 1090 ut
3237 1024 3616 1092 hibendum
3673 1033 3880 1094 contra
3936 1030 4204 1094 nimiam
4248 1027 4488 1097 Farelli
4524 1054 4693 1101 moro-

2784 1112 3796 1281 gtffmepgsoteesstghpgerumque
3838 1114 4023 1181 alteri
4066 1115 4353 1183 conciliet.
4431 1116 4695 1203 Luyduni

2787 1386 3002 1454 (Edidit
3036 1386 3178 1440 Beza
3199 1387 3334 1441 Gen.
3372 1404 3429 1456 p.
3460 1385 3577 1453 113,
3615 1388 3775 1441 Laus.
3811 1405 3847 1457 p
3882 1386 4002 1455 254,
4040 1388 4253 1443 Hanov.
4287 1407 4337 1460 p.
4370 1388 4483 1461 285,
4517 1391 4694 1447 thuet

3128 1473 3182 1525 p.
3224 1454 3339 1518 152,
3376 1458 3549 1510 Amst.
3586 1474 3643 1527 p.
3680 1455 3763 1510 69.
3834 1457 3988 1511 Alibi
4021 1474 4130 1511 non
4166 1460 4391 1526 exstat.)

2957 1644 3249 1722 Utinam,
3286 1646 3379 1709 mi
3418 1644 3690 1724 Farclle,
3726 1647 3944 1730 aptius
3980 1645 4171 1713 malis
4207 1648 4339 1713 tuis
4376 1647 4698 1713 remedium

2784 1729 3085 1796 invenire
3127 1751 3404 1814 possem,
3451 1752 3648 1814 quam
3690 1732 3799 1799 hic
3842 1731 3962 1798 tibi
4006 1732 4241 1798 afferre
4284 1736 4514 1818 cogito.
4584 1733 4698 1800 Sed

2785 1837 2987 1900 quum
3013 1826 3086 1881 tu
3122 1817 3396 1882 minime
3429 1817 3716 1902 ignores,
3755 1819 3964 1884 multa
3998 1817 4186 1886 nobis
4220 1839 4364 1885 esse
4399 1820 4700 1885 toleranda

2782 1923 2949 1985 quae
3014 1903 3337 1986 corrigere
3395 1925 3528 1968 non
3585 1903 3767 1981 licet,
3833 1903 4131 1987 pluribus
4187 1904 4410 1971 verbis
4471 1913 4531 1971 te
4586 1927 4698 1971 non

2783 1987 3114 2068 hortabor,
3156 1998 3230 2053 ut
3273 1997 3338 2054 te
3373 1990 3447 2054 in
3481 1990 3839 2055 certamine
3883 2012 4015 2056 non
4048 1990 4244 2073 plane
4281 1990 4501 2058 hostili
4542 2012 4701 2057 man-

2786 2085 3044 2141 suetum
3090 2074 3625 2159 moderatumque
3667 2077 3997 2161 praebeas.
4074 2075 4153 2142 Si
4195 2084 4419 2143 tamen
4456 2077 4572 2143 hoc
4611 2098 4701 2142 voÎ‡

2781 2161 2916 2225 cari
2958 2168 3292 2226 certamen
3335 2158 3544 2241 debet,
3589 2183 3790 2244 quum
3834 2163 3951 2228 abs
3995 2169 4061 2226 te
4105 2162 4270 2227 colle
4315 2184 4356 2228 a
4399 2164 4536 2229 sine
4574 2161 4697 2228 odio

2780 2254 2848 2312 et
2892 2246 3336 2313 tumultuandi
3382 2247 3654 2313 libidine
3699 2247 4018 2315 dissentit.
4110 2246 4246 2329 Qui
4325 2249 4395 2315 in
4441 2271 4513 2314 eo
4551 2248 4698 2315 desi-

2781 2331 3022 2413 derem,
3067 2333 3220 2415 quia
3263 2343 3336 2398 tu
3378 2333 3544 2398 mihi
3579 2334 3864 2418 optimus
3897 2355 3968 2399 es
4005 2334 4208 2414 testis,
4254 2335 4325 2401 in
4362 2335 4700 2420 praesentia

2784 2439 2916 2484 non
2975 2419 3205 2484 refero.
3295 2417 3492 2487 Pium
3552 2430 3775 2485 tamen
3832 2440 3974 2486 csse
4031 2421 4368 2486 hominem
4420 2431 4485 2486 et
4535 2421 4703 2486 officii

2781 2506 2885 2571 sui
2936 2503 3306 2571 studiosum
3342 2507 3811 2589 cognoscimus.
3889 2506 4042 2572 Huc
4087 2505 4342 2575 accedit
4385 2506 4552 2593 quod
4592 2526 4704 2571 non

2786 2589 2979 2655 modo
3003 2600 3071 2656 te
3093 2598 3273 2656 amat
3295 2612 3493 2674 seque
3517 2591 3638 2656 tibi
3671 2591 3934 2676 probari
3966 2593 4165 2677 cupit,
4210 2592 4330 2659 sed
4350 2597 4553 2676 patris
4584 2592 4702 2656 loco

2781 2676 2979 2741 habet
3013 2698 3089 2743 ac
3123 2685 3484 2746 reveretur.
3559 2676 3701 2752 Cur
3736 2687 3956 2744 autem
3993 2679 4366 2761 protervius
4403 2676 4702 2745 interdum

2779 2785 2852 2829 se
2894 2770 3082 2847 gerat
3123 2783 3318 2846 quam
3370 2785 3494 2848 par
3549 2772 3682 2843 est,
3742 2765 3906 2830 haec
3962 2764 4128 2829 mihi
4186 2767 4535 2848 praecipua
4586 2783 4704 2829 esse

2780 2848 3042 2916 videtur
3081 2849 3277 2915 ratio:
3323 2847 3497 2932 quod
3538 2849 3696 2915 dum
3740 2857 3805 2914 te
3840 2851 4037 2915 nimis
4071 2850 4364 2934 rigidum
4410 2860 4474 2916 et
4515 2868 4704 2914 moroÎ‡

2781 2956 2930 3000 sum
2972 2956 3115 3001 esse
3157 2934 3434 3013 iudicat,
3481 2935 3990 3019 popularitatem
4033 2939 4250 3003 nescio
4294 2958 4494 3020 quam
4538 2936 4704 3002 affecÎ‡

2778 3031 2878 3086 tat
2932 3043 3101 3105 quae
3158 3021 3423 3087 offensis
3476 3021 3834 3087 medeatur.
3889 3035 3896 3046 Î‡
3937 3022 4046 3086 Ita
4107 3023 4312 3088 bonus
4368 3024 4503 3102 vir,
4570 3021 4705 3087 dum

2778 3107 2926 3173 vult
2958 3107 3336 3174 consultum
3370 3128 3514 3174 esse
3548 3108 3753 3190 quieti
3783 3118 3933 3173 tuae
3958 3108 4407 3192 invidiamque
4429 3106 4705 3183 declinat,

2777 3194 2885 3258 cui
2929 3192 3352 3259 sustinendae
3398 3214 3514 3259 vos
3557 3195 3696 3259 fore
3738 3214 3929 3277 pares
3963 3193 4219 3271 diffidit,
4263 3217 4390 3262 nec
4433 3201 4705 3260 constan-

2777 3279 2941 3343 tiam
2976 3281 3500 3364 gravitatemque
3535 3279 3780 3345 retinet
3801 3277 4052 3345 Christi
4089 3280 4394 3347 ministro
4429 3279 4704 3363 dignam:

2776 3383 2844 3430 et
2885 3362 3041 3430 dum
3088 3366 3546 3432 necessitatem
3587 3364 3933 3431 resistendi
3978 3366 4100 3431 tibi
4141 3366 4445 3450 imponit,
4489 3367 4706 3447 á¼°Ï‰ÏÏ„Î¿-

2776 3449 2877 3516 bis
2915 3472 3101 3515 arma
3142 3449 3547 3536 suppeditat,
3609 3452 3844 3534 quibus
3897 3451 4345 3518 ministerium
4389 3467 4705 3519 commune

2776 3548 3183 3689 3?ssaess
3239 3536 3988 3706 â€žffliffethffiaiiffssa
4013 3535 4704 3707 á¼‘á¿–á¼°Î¸á¿—á½³á¿ƒá½²á¼¶á¿·á¿—Î¸á½²á¿—

2775 3714 3001 3774 reatur
3058 3708 3199 3774 eius
3256 3708 3513 3775 vitium.
3612 3706 3751 3776 Sed
3804 3709 4152 3792 aequitatis
4207 3731 4282 3775 ac
4341 3706 4706 3792 prudentiae

2773 3802 2926 3860 tuae
2969 3802 3070 3860 est
3112 3815 3197 3859 ex
3239 3793 3514 3861 adverso
3568 3795 3872 3878 colligere
3915 3816 4082 3879 quae
4125 3795 4209 3861 ad
4252 3791 4705 3863 sublevandam

2772 3881 2916 3947 eius
2970 3879 3229 3964 culpam
3284 3880 3527 3947 valent.
3639 3878 3719 3946 Si
3771 3880 4120 3948 immodica
4172 3881 4568 3948 confidentia
4607 3898 4705 3941 ex-

2771 3965 2996 4045 sultat,
3039 3967 3167 4033 scis
3212 3973 3437 4032 tamen
3481 3987 3629 4032 eam
3656 3965 3842 4032 nullo
3884 3966 4177 4033 malitiae
4212 3989 4474 4034 veneno
4507 3982 4705 4057 asper3

2772 4073 2945 4118 sam:
3015 4054 3071 4119 si
3136 4073 3268 4136 qua
3329 4053 3700 4136 pervicacia
3762 4051 4049 4131 laborat,
4115 4053 4286 4118 nihil
4346 4063 4569 4119 tamen
4619 4045 4704 4112 ill1

2771 4138 2993 4204 minus
3036 4139 3472 4222 propositum,
3519 4159 3716 4223 quam
3757 4138 4103 4205 ecclesiam
4143 4141 4418 4206 turbare
4435 4191 4450 4218 ,
4496 4135 4598 4206 vel
4634 4153 4704 4198 cx

2769 4224 3051 4291 fratrum
3105 4232 3483 4309 contemptu
3557 4224 3972 4309 triumphum
4038 4246 4251 4310 agere.
4357 4224 4499 4292 Cur
4568 4238 4704 4305 ergo

2768 4331 2903 4375 non
2978 4312 3354 4395 ignosceres
3431 4312 3574 4377 eius
3652 4309 4175 4394 imprudentiae?
4325 4308 4349 4342 Â¹

2769 4396 3011 4476 tulisti,
3070 4418 3205 4462 non
3245 4395 3439 4463 modo
3484 4395 3676 4462 nihili
3719 4396 4052 4463 hominem
4071 4448 4087 4476 ,
4131 4395 4249 4464 sed
4291 4398 4409 4481 qui
4449 4393 4534 4461 ad
4573 4392 4703 4459 lites

2767 4490 2963 4549 natus
2999 4491 3208 4549 totum
3242 4482 3554 4550 ecclesiae
3588 4480 3884 4549 ordinem
3919 4484 4149 4549 insano
4191 4482 4371 4550 fastu
4415 4479 4703 4554 calcabfftÂ»

2765 4569 2880 4652 qui
2924 4568 3274 4636 virulentis
3317 4567 3574 4635 cavillis
3615 4568 4035 4653 impudenter
4078 4578 4374 4636 evertere
4420 4563 4702 4634 studebat

2764 4653 3080 4737 quidquid
3124 4662 3302 4722 recte
3344 4662 3411 4720 et
3449 4652 3680 4721 ordine
3724 4656 4154 4740 compositum
4209 4656 4413 4736 foret,
4454 4654 4582 4737 qui
4620 4649 4703 4715 fa-

2764 4740 2884 4807 tali
2928 4740 3215 4824 quodam
3253 4740 3449 4825 genic
3492 4763 3627 4809 non
3669 4740 3892 4806 minus
3927 4762 4127 4825 quam
4165 4742 4429 4809 rabioso
4472 4741 4701 4822 impetu

2763 4826 3097 4895 ferebatur
3151 4827 3238 4891 ad
3293 4824 3660 4894 nocendum
3673 4878 3691 4907 ,
3766 4827 3882 4911 qui
3950 4826 4105 4893 data
4159 4847 4366 4909 opera
4420 4823 4701 4893 factiosos

2764 4933 2993 4980 omnes
3043 4911 3432 4980 stimulabat
3482 4915 3553 4979 in
3612 4912 3925 4980 ecclesiae
3976 4913 4353 4995 perniciem.
4455 4909 4700 4994 Quanto

2763 4999 2969 5085 igitur
2999 4999 3213 5084 magis
3246 4998 3572 5068 fovendae
3603 5018 3752 5066 cum
3788 5020 3864 5065 eo
3898 4998 4168 5067 homino
4247 5000 4384 5066 acis

2765 5085 2888 5152 tibi
2928 5085 3097 5151 ratio
3140 5093 3261 5166 est,
3301 5086 3417 5169 qui
3458 5093 3526 5152 et
3566 5092 3783 5153 tecum
3815 5085 4105 5152 Domino
4145 5087 4192 5151 fi
4238 5085 4431 5151 eliter
4471 5081 4700 5151 serviro

2766 5169 2976 5255 cupit,
3043 5178 3111 5236 et
3165 5172 3247 5239 ab
3306 5172 3651 5238 hostilibus
3710 5169 3997 5237 dissidiis
4039 5169 4396 5238 abhorret?
4486 5167 4700 5251 Quan-

2764 5277 2962 5340 quam
3007 5277 3143 5323 non
3186 5256 3378 5324 modo
3421 5279 3554 5344 pax
3609 5255 3728 5322 tibi
3786 5276 3935 5322 cum
3993 5277 4071 5323 eo
4123 5255 4362 5323 alenda
4403 5263 4534 5335 est,
4596 5248 4700 5317 sed

2764 5344 3052 5413 amicitia
3092 5342 3381 5411 colenda.
3470 5344 3641 5410 Nam
3685 5342 3754 5410 si<
3783 5350 4070 5429 reputas,
4115 5364 4318 5429 quam
4359 5340 4550 5429 pauci
4591 5338 4696 5404 hc-
