4900 6167
272 440 363 505 15³

266 623 635 695 mnflandam
717 622 883 690 mihi
952 620 1269 690 invidiam
1347 644 1437 689 ex
1512 619 1889 689 huiusmodi
1963 620 2180 706 nugis.

263 710 373 780 sod
399 709 555 775 haec
589 730 674 775 ex
707 708 1109 793 imprudenti
1142 710 1268 774 hac
1301 708 1583 774 editione
1617 706 1802 791 capio
1823 706 2181 786 commoda,

270 794 406 882 qnod
442 816 522 861 ea
562 794 733 861 mihi
772 795 901 861 fuit
953 805 1270 879 tanquam
1322 792 1543 878 lydius
1597 793 1769 877 lapis
1812 792 1896 857 ad
1940 792 2182 859 discer-

267 879 517 948 nendum
558 882 735 947 inter
769 882 1029 958 amicos,
1074 881 1394 963 professos
1427 878 1649 946 hostes
1684 893 1753 944 et
1788 879 1877 964 hy
1882 878 2181 961 pocritae,

268 967 528 1119 ggodque
571 989 664 1117 e}
701 987 781 1032 ea
824 965 1037 1066 didici·
1075 966 1309 1136 Qus
1362 986 1575 1032 essem
1614 963 2180 1131 trtaootandusto-

354 1106 368 1130 ‚
406 1075 464 1118 s1
546 1074 618 1118 m
869 1073 977 1117 me
1018 1073 1090 1116 m
1250 1073 1363 1118 um
1408 1073 1649 1118 comm1
1744 1071 1902 1116 rem.
2060 1071 2181 1116 uae

266 1160 349 1205 res
385 1146 457 1203 ut
497 1075 603 1204 {lue
648 1073 873 1204 eszgoin
918 1137 1214 1203 futurum
1276 1134 1615 1204 redditura
1669 1136 2178 1220 prudentiorem,

264 1227 338 1290 its
371 1246 472 1289 me
512 1222 597 1289 ad
629 1244 859 1324 preces
892 1224 1137 1290 excitat
1170 1224 1407 1307 quibus
1439 1224 1785 1306 impetrem
1832 1243 1872 1286 a
1894 1222 2181 1287 Domino

265 1319 324 1376 ut
356 1331 454 1375 me
497 1331 579 1374 ex
625 1311 978 1393 impiorum
1020 1308 1259 1374 liberet
1310 1307 1620 1376 manibus
1675 1318 1745 1374 et
1786 1307 2070 1381 insidiis,
2116 1319 2184 1373 et

263 1395 331 1460 ad
361 1398 599 1479 gratias
642 1394 931 1480 agendas
974 1394 1149 1478 quod
1202 1393 1522 1461 haetenus
1578 1394 1673 1460 sic
1730 1415 1836 1459 me
1879 1394 2179 1470 servarit,

262 1496 319 1546 ut
353 1481 509 1545 nihil
550 1482 807 1564 possint
858 1502 1087 1547 nocere
1146 1480 1460 1564 amplius,
1526 1491 1594 1545 et
1656 1478 1826 1563 quod
1872 1491 2004 1543 tam
2048 1478 2183 1544 levi

262 1567 479 1632 iactura
521 1576 777 1632 tantum
822 1566 1225 1649 profecerim.
1316 1565 1533 1632 Amici
1591 1565 1838 1649 aliquot
1878 1579 2069 1630 erant
2108 1566 2182 1630 in

262 1673 321 1717 ea
357 1654 675 1718 sententia
732 1662 807 1717 ut
857 1663 975 1717 aut
1028 1675 1069 1718 a
1129 1673 1236 1718 me
1293 1660 1412 1717 aut
1469 1651 1551 1718 ab
1613 1652 1822 1718 amico
1879 1651 2183 1734 quopiam

254 1738 471 1820 aliquid
514 1738 911 1805 scriberetur
953 1760 1083 1821 quo
1124 1738 1369 1821 paucis,
1411 1738 1599 1820 quasi
1640 1736 1922 1821 quadam
1965 1736 2182 1820 apolo-

258 1824 362 1907 gia,
399 1824 901 1890 calumniatores
955 1824 1069 1888 isti
1113 1824 1566 1889 refellerentur
1621 1833 1688 1889 et
1729 1821 2183 1906 pudescerena

259 1931 327 1974 ne
362 1909 783 1994 simpliciores
828 1910 1072 1994 sparsis
1109 1909 1479 1976 rumoribus
1514 1908 1694 1975 falsis
1730 1917 1798 1974 ct
1840 1908 2184 1974 calumniis

257 1994 737 2062 offenderentur.
825 1996 972 2080 Ego
1016 1995 1186 2062 hanc
1220 2016 1361 2061 rem
1407 2009 1520 2061 tuo
1554 1996 1888 2062 committo
1924 1993 2179 2060 iudicio.

258 2079 409 2145 Sunt
448 2082 737 2148 rationes
795 2082 867 2146 in
913 2091 1259 2165 utramque
1303 2091 1562 2164 partem
1613 2100 1776 2165 quas
1821 2079 1992 2144 nihil
2035 2080 2183 2145 atti-

256 2177 348 2230 net
396 2169 659 2234 referre.
749 2166 928 2235 Satis
986 2168 1163 2232 enim
1219 2187 1337 2251 per
1395 2180 1464 2232 te
1523 2167 1707 2233 vides
1771 2166 1927 2250 quid
1986 2187 2182 2232 causa

254 2261 370 2316 tota
405 2267 753 2318 mereatur.

256 2333 276 2386 ¹-
399 2337 784 2422 Scripturus
847 2361 1029 2407 eram
1088 2340 1172 2404 ad
1230 2337 1668 2404 Balthasares.
1757 2337 1891 2404 Sed
1954 2358 2181 2403 vereor

254 2445 323 2488 uc
358 2423 627 2507 perdam
671 2425 887 2491 oleum
932 2439 999 2491 et
1040 2446 1321 2509 operam.
1412 2422 1635 2505 Quare
1678 2445 1786 2490 me
1830 2444 2036 2507 paene
2080 2425 2178 2506 pi·

253 2522 346 2591 get
383 2509 560 2577 hunc
601 2513 933 2594 suscipere
977 2511 1284 2577 laborem.
1374 2510 1449 2576 Si
1508 2511 1579 2574 in
1630 2509 1755 2576 hac
1798 2531 2180 2593 perseveras

252 2597 581 2673 sententia,
628 2597 826 2661 velim
871 2618 1006 2662 uno
1054 2598 1250 2663 verbo
1293 2596 1457 2661 mihi
1499 2596 1822 2663 indicares
1864 2592 2022 2679 quid
2064 2617 2178 2678 po-

252 2681 553 2747 tissimum
610 2683 1069 2767 attingendum
1130 2699 1317 2766 putes
1390 2682 1571 2748 mihi.
1676 2681 2010 2766 Quidquid
2062 2682 2174 2747 ad-

250 2785 457 2834 versus
494 2789 599 2834 me
634 2768 881 2835 factum
915 2779 1033 2846 est,
1079 2768 1147 2832 id
1182 2777 1284 2833 est
1325 2767 1590 2844 factum,
1636 2781 1711 2834 ut
1751 2770 1999 2852 opinor,
2045 2789 2179 2833 non

252 2851 440 2917 solum
486 2855 616 2919 mei
660 2854 808 2920 odio
852 2853 967 2919 sed
1025 2863 1092 2920 et
1136 2856 1231 2919 tui
1273 2865 1342 2919 et
1386 2853 1633 2921 Farelli
1696 2864 1764 2920 et
1821 2855 2179 2921 amicorum

250 2952 603 3085 alostrorum
662 2942 986 3090 [effingi.
1087 2940 1223 3039 Sed
1280 2940 1446 3091 berg?
1510 2940 1751 3092 halbet¹⁵
1773 2938 1942 3040 quod
2012 2939 2178 3040 nihil

286 3045 459 3090 unus
504 3045 659 3108 poss
959 3048 1043 3090 on
1091 3046 1267 3091 emm
1306 3048 1371 3091 m
1440 3047 1520 3091 us
1610 3048 1718 3094 ees
1796 3048 2075 3105 animus,
2121 3048 2176 3091 s1

246 3109 505 3176 facultas
545 3108 820 3178 adesset.

395 3196 604 3261 Brevi
647 3218 794 3263 sum
838 3199 1354 3265 controversiam
1398 3219 1828 3283 aggressurus
1865 3199 2180 3264 adversus

250 3299 343 3346 eos
381 3282 497 3364 qui
539 3291 609 3348 et
651 3284 921 3368 spiritus
963 3285 1033 3349 in
1078 3286 1283 3364 vitro,
1345 3306 1506 3368 quos
1552 3293 1786 3352 vocant
1825 3285 2180 3350 familiares

248 3470 337 3517 m
390 3389 597 3518 aolnes,
641 3381 990 3521 asservaffit
1032 3380 1098 3437 et
1140 3370 1458 3521 vendflnt,
1504 3370 1617 3438 ubi
1652 3370 1853 3455 legati
1861 3371 2182 3521 higen-nen-

480 3476 753 3520 venerm
953 3476 1061 3522 am
1127 3479 1257 3523 msi
1361 3478 1549 3522 orum
1602 3478 1640 3522 o
1687 3478 1801 3522 era
1949 3478 2021 3523 ec
2080 3477 2181 3521 re-

244 3537 511 3605 vellatur
553 3543 932 3624 superstitio
966 3542 1301 3693 sacrilglga,
1345 3543 1532 3609 nulla
1573 3479 1723 3627 sples
1765 3552 1882 3609 est.
1952 3542 2184 3608 Habeo

246 3626 541 3704 quaedam
588 3647 748 3710 prae
791 3627 1092 3695 manibus
1288 3629 1643 3695 aciendam.
1669 3633 1722 3708 ⁰)
1792 3628 1944 3710 Qua
1988 3629 2068 3695 de
2114 3649 2183 3694 re

246 3707 316 3773 ad
346 3719 413 3776 te
475 3712 688 3779 scribo
744 3715 896 3798 quia
948 3717 1164 3798 accepi
1219 3737 1261 3780 a
1316 3714 1627 3798 quodam,
1693 3736 1888 3798 quem
1947 3715 2185 3780 harum

244 3815 450 3861 rerum
501 3820 639 3863 non
701 3800 1077 3883 imperitum
1132 3803 1380 3867 interro
1427 3801 1565 3878 avi,
1632 3800 1806 3883 apud
1861 3821 1983 3866 vos
2040 3821 2184 3867 esse

246 3882 340 3961 qui
393 3881 504 3948 his
561 3891 836 3952 utantur
908 3888 1176 3953 artibus.
1280 3822 1465 3952 Mjfi„
1518 3906 1727 3952 uuum
1796 3887 2181 3952 nominavit.

244 3966 332 4032 'Pu
372 3968 679 4054 significa
720 3972 886 4037 mihi
925 3994 1055 4056 qua
1097 3974 1346 4039 ratione
1385 3981 1575 4057 putes
1616 3993 1757 4037 rem
1804 3971 2184 4055 aggredien-

246 4051 396 4120 dam.
490 4054 568 4122 Si
612 4077 732 4124 vos
776 4057 1021 4142 aliquid
1066 4059 1341 4141 possetis
1397 4079 1484 4123 ex
1542 4058 1782 4125 vestris
1825 4056 2185 4142 deprehen-

243 4140 381 4207 dere
398 4193 415 4221 ,
497 4143 786 4208 maximo
865 4144 973 4210 hic
1049 4146 1237 4212 nobis
1299 4165 1461 4227 opus
1539 4150 1711 4210 esset
1787 4143 2182 4210 adiumento.

242 4225 615 4312 Exquiram,
658 4232 716 4295 si
759 4252 1040 4313 possum,
1087 4232 1291 4315 plura.
1358 4230 1593 4296 Habeo
1638 4228 1811 4295 domi
1855 4231 2183 4314 magicum

242 4314 748 4381 instrumentum
807 4315 982 4400 quod
1036 4318 1332 4383 mulieris
1388 4315 1726 4383 cuiusdam
1781 4336 1916 4381 non
1972 4315 2182 4381 malae

243 4419 425 4481 opera
471 4400 555 4466 ad
601 4421 778 4468 meas
824 4424 1059 4469 manus
1101 4403 1424 4487 pervenit,
1469 4422 1599 4487 quo
1635 4402 1763 4479 isti,
1811 4401 1939 4467 nisi
1973 4401 2181 4482 fallor,

243 4484 315 4550 ad
353 4487 689 4554 oraculum
735 4488 968 4554 elicere
1010 4498 1333 4555 conantur
1366 4487 1768 4555 daemonem.
1841 4487 2183 4553 Proferam

243 4593 433 4654 quum
480 4574 609 4639 erit
651 4585 929 4660 tempus.
1002 4575 1139 4640 Nos
1181 4585 1606 4641 mercatorem
1651 4573 1966 4639 habemus
2011 4573 2184 4657 apud

242 4679 365 4724 nos.
458 4657 593 4725 Sed
724 4663 864 4728 ucis
906 4661 1066 4726 haec
1110 4660 1357 4741 detexi,
1403 4681 1488 4725 ne
1531 4680 1659 4744 qua
1701 4667 1841 4724 arte
1887 4658 2181 4724 eludere·

242 4765 401 4895 {dumi-i
469 4744 713 4812 Omma
755 4755 909 4812 sunt
948 4746 1146 4830 plena
1186 4745 1423 4811 horum
1469 4746 1975 4830 sacrilegiorum.
2047 4743 2184 4812 Sed

282 4850 315 4895 e
403 4831 463 4896 is
508 4830 685 4897 satis.

400 4916 734 4984 Iusseram
798 4926 1102 5002 nepotem
1166 4917 1249 4983 ad
1318 4925 1386 4983 te
1451 4918 1801 5003 aliquando
1859 4916 2182 4984 accedere.

439 5156 503 5218 6)
539 5156 634 5213 δίο
667 5157 1064 5227 autoyruphon.
1139 5155 1357 5213 Scilicet
1383 5171 1488 5226 pro
1529 5156 1869 5213 malmico
1903 5159 2052 5228 quod
2085 5156 2185 5213 ad-

243 5222 357 5279 dere
389 5226 603 5282 uolebat
633 5234 795 5280 autor
828 5226 1045 5281 verbum
1078 5240 1145 5279 ev
1180 5228 1472 5282 mestas-tia
1505 5225 1703 5279 iterum
1737 5227 1974 5297 scripsit.
2050 5226 2184 5282 eod.

247 5291 338 5347 116
386 5294 648 5350 hemam
698 5296 859 5351 habet
915 5310 1019 5363 pro
1079 5295 1247 5349 altero
1307 5294 1590 5357 vocabulo,
1649 5310 1804 5363 quem
1856 5298 2059 5351 casuri
2107 5312 2185 5350 sc-

244 5364 568 5430 Mem.

2044 438 2203 501 1551
2251 431 2425 503 Im..

4112 439 4235 504 154

2287 619 2559 707 Collega
2612 622 2823 689 filium
2887 622 3231 690 revocavit.
3320 621 3542 706 Nepos
3598 626 3779 708 cupit
3841 646 4233 711 magnopere

2284 717 2352 772 et
2390 709 2533 792 ipse
2576 706 2892 775 revocari.
2966 705 3271 791 Optarim
3315 707 3430 774 abs
3475 723 3542 776 te
3591 712 3826 790 vocari,
3872 713 3930 777 si
3972 712 4232 796 quando

2281 792 2436 860 licet
2477 815 2595 876 per
2636 794 2844 859 otium
2890 794 3090 877 (quod
3134 794 3265 859 scio
3321 815 3519 876 quam
3573 798 3664 860 sit
3706 797 3824 864 tibi
3868 798 4233 884 exiguum),

2284 887 2353 944 et
2393 900 2479 944 ex
2522 900 2600 944 eo
2644 879 2966 946 sciscitari
3022 879 3343 946 rationem
3404 880 3769 948 studiorum
3828 893 3894 948 et
3946 893 4234 950 caetera-

2282 985 2429 1029 rum
2456 986 2676 1032 rerum
2696 966 3010 1044 omnium,
3045 986 3127 1030 ex
3165 965 3401 1050 quibus
3434 968 3645 1050 possis
3678 968 4042 1054 intelligere
4077 969 4236 1052 quid

2283 1072 2435 1116 eum
2479 1062 2643 1116 urat.
2742 1051 2952 1117 Velim
3009 1061 3075 1116 te
3136 1053 3333 1117 etiam
3386 1053 3467 1117 de
3518 1075 3596 1117 eo
3652 1075 3737 1119 ex
3774 1053 4024 1120 Enocho
4081 1076 4236 1138 cog-

2284 1157 2571 1213 noscere,
2615 1157 2692 1204 ac
2734 1157 2840 1202 me
2875 1158 3141 1203 monere
3175 1157 3398 1203 eorum
3441 1159 3605 1221 quae
3640 1139 3947 1222 expedire
3991 1142 4234 1206 iudica-

2285 1223 2395 1287 ris.
2486 1222 2657 1289 Mihi
2702 1243 2852 1308 spes
2895 1235 3000 1288 est
3041 1223 3211 1289 bona
3253 1223 3334 1288 de
3390 1223 3518 1289 illo.
3610 1223 3797 1290 Modo
3843 1235 4073 1309 pergat
4116 1248 4235 1293 nec

2283 1316 2626 1374 avertatur
2679 1310 2900 1391 pravis
2949 1307 3227 1374 aliorum
3282 1310 3532 1375 studiis.
3623 1308 3877 1393 Opinor
3943 1321 4005 1376 te
4050 1311 4235 1377 audi·

2281 1395 2461 1460 visse
2503 1392 2584 1459 de
2628 1394 2981 1460 domestico
3021 1415 3168 1460 meo
3207 1416 3379 1461 casu.
3401 1400 3455 1472 ⁷)
3542 1393 3650 1462 Sit
3692 1418 3930 1462 nomen
3967 1396 4240 1462 Domini

2282 1478 2711 1546 benedictum.
2822 1481 3158 1564 Puerpera
3221 1489 3396 1548 recte
3470 1482 3648 1548 valet
3710 1491 3780 1549 et
3855 1492 3918 1548 te
3991 1483 4239 1549 salutat

2285 1585 2431 1631 cum
2492 1565 2727 1632 filiolis.
2819 1565 3056 1632 Saluta
3112 1569 3370 1633 amicos.
3462 1567 3647 1634 Vale.
3738 1569 4152 1634 Lausannae.
4179 1573 4232 1645 ⁸)

3268 1705 3446 1770 Tuus
3490 1706 3733 1771 Petrus
3781 1704 4061 1770 ViretuS.

3168 2218 3349 2288 1514.

2681 2372 3354 2442 BULLINGERUS
3399 2375 3836 2446 OALVINO.

2459 2542 2736 2608 Pertinet
2770 2550 2823 2606 et
2863 2543 3011 2610 haec
3052 2546 3138 2610 ad
3179 2548 3489 2628 neyotium
3517 2547 3958 2618 Tridentium
3992 2561 4047 2619 et
4078 2556 4235 2638 quid

2280 2627 2382 2692 his
2414 2629 2739 2709 proximis
2777 2631 3000 2696 diebus
3044 2633 3113 2696 in
3155 2653 3223 2697 eo
3254 2653 3453 2713 porro
3489 2634 3728 2716 sactum
3767 2638 3854 2704 sit
3885 2642 4147 2721 exponit.

2284 2798 2396 2864 (Ex
2446 2799 2784 2870 autographo
2832 2801 2997 2855 Arch.
3035 2801 3211 2856 Turio.
3257 2802 3393 2856 Plut.
3434 2804 3530 2859 VI.
3569 2805 3692 2860 Vol.
3732 2806 3862 2880 129,
3897 2811 4023 2864 olim
4063 2812 4236 2868 Scrin.

2830 2869 2896 2922 B.
2931 2870 3068 2940 Epp.
3107 2871 3254 2925 Tem.
3291 2872 3376 2939 30,
3411 2873 3503 2927 fol.
3540 2872 3684 2940 275.)

2455 3038 2840 3107 Clarissimo
2902 3043 3044 3108 viro
3089 3041 3172 3108 D.
3219 3042 3455 3109 Ioanni
3496 3044 3776 3112 Oalvino
3824 3049 4237 3119 Genevensis

2283 3125 2593 3225 ecclesiae
2649 3126 2780 3192 fido
2835 3131 3081 3213 pastori
3153 3128 3416 3194 domino
3483 3131 3860 3199 honorando
3933 3144 3999 3200 et
4051 3137 4238 3203 fiatri

2284 3231 2622 3278 ear1ss1mo
2665 3234 2802 3278 suo.
3116 3260 3120 3264 -
3862 3307 4066 3373 Jenff·

2458 3437 2527 3502 S.
2573 3438 2657 3502 D.
2730 3437 3140 3521 Scripseram
3205 3439 3457 3504 ultimis
3512 3442 3660 3506 istis
3714 3444 3878 3510 meis
3936 3443 4019 3508 ad
4063 3456 4161 3522 te,
4191 3451 4236 3522 ¹)

2281 3522 2664 3589 honorande
2708 3522 2928 3605 frater,
2969 3526 3178 3591 literis
3223 3525 3303 3591 de
3339 3526 3620 3592 comitiis
3665 3526 3748 3592 ad
3794 3532 3896 3594 26.
3937 3530 4091 3595 Iulii
4127 3531 4239 3596 Ti-

2283 3610 2433 3694 guri
2477 3609 2899 3676 celebrandis.
2989 3610 3094 3678 Ea
3137 3611 3314 3676 enim
3375 3613 3468 3678 sic
3522 3612 3852 3678 indixerat
3893 3618 4240 3699 magistra-

2284 3705 2392 3762 tus
2435 3702 2660 3761 noster
2676 3747 2691 3774 ,
2739 3702 2809 3761 et
2846 3697 3280 3763 condixerant
3322 3698 3725 3766 Basilienses
3767 3708 3835 3763 et
3877 3697 4239 3768 Schaffhu-

2283 3782 2484 3860 siani‚
2543 3781 2661 3847 soli
2720 3782 3046 3849 Bernates
3101 3795 3502 3849 recusarunt.
3590 3783 3784 3850 Unde
3841 3785 4085 3854 factum
4141 3797 4243 3854 est

2283 3876 2361 3932 ut
2417 3867 2844 3952 magistratus
2903 3878 3127 3935 noster
3184 3869 3457 3935 caeteris
3521 3889 3776 3952 quoque
3838 3874 4242 3940 renunciarit

2283 3954 2573 4034 comitia,
2632 3976 2713 4019 ne
2756 3953 3116 4021 adversarii
3161 3954 3457 4021 videntes
3500 3976 3621 4021 nos
3665 3955 3841 4022 coire
3885 3958 4028 4024 sine
4071 3959 4239 4027 Ber-

2286 4039 2550 4105 natibus
2618 4039 2688 4104 in
2752 4040 2902 4107 sinu
2973 4040 3320 4126 gaudeant.
3439 4039 3843 4107 Existimant
3909 4043 4240 4113 Bernates

2286 4125 2454 4190 nihil
2511 4146 2706 4209 porro
2765 4125 2844 4191 de
2903 4126 3176 4192 concilio
3235 4148 3379 4192 esse
3436 4127 3939 4194 consultandum
3960 4182 3976 4209 ,
4036 4153 4242 4215 quum

2286 4224 2437 4277 ante
2483 4210 2819 4277 biennium
2883 4213 3329 4279 consenserint
3386 4213 3457 4277 in
3516 4213 3866 4280 concilium
3911 4217 4242 4303 generale,

2283 4296 2594 4376 liberum,
2642 4297 3106 4376 christianum,
3152 4298 3225 4362 in
3269 4319 3395 4382 quo
3441 4298 3828 4364 decernatur
3871 4322 3990 4384 pro
4033 4302 4244 4388 gloria

2283 4382 2415 4448 Dei
2461 4381 2784 4449 duntaxat
2839 4406 2922 4450 ex
2980 4403 3159 4448 mere
3213 4386 3544 4451 canonicis
3596 4384 3801 4452 libris.
3891 4390 3989 4453 At
4031 4392 4242 4455 nostri

2283 4467 2353 4532 id
2420 4469 2778 4535 noluerunt
2840 4477 3169 4535 mutatum
3185 4521 3201 4549 ,
3287 4470 3401 4537 sed
3468 4470 3797 4537 declarari
3869 4472 4242 4554 voluerunt,

2282 4554 2742 4620 Tridentinum
2805 4577 2936 4621 non
2994 4576 3138 4622 esse
3207 4555 3337 4623 tale
3403 4563 3476 4622 ut
3534 4555 3842 4641 deinceps
3906 4560 4244 4626 commode

2283 4660 2435 4707 cum
2479 4641 2717 4708 vicinis
2758 4639 3105 4708 foederatis
3147 4643 3256 4726 agi
3297 4652 3535 4726 posset.
3605 4643 3779 4709 Nam
3823 4646 3944 4711 hos
3977 4655 4043 4711 et
4077 4645 4243 4712 an-

2282 4748 2394 4793 sar
2465 4735 2533 4793 et
2605 4746 2778 4810 papa
2834 4736 3062 4793 contra
3140 4748 3261 4794 nos
3339 4729 3692 4814 instigant,
3760 4740 3828 4796 et
3899 4730 4242 4799 dissidium

2283 4813 2459 4879 inter
2500 4834 2619 4878 nos
2670 4821 2969 4896 apertum
3013 4812 3207 4880 edere
3247 4816 3536 4898 cupiunt.
3625 4815 3927 4882 Fuerunt
3969 4826 4034 4882 et
4075 4816 4241 4881 aliae

2286 4918 2522 4964 causae
2565 4907 2832 4983 propter
2887 4920 3049 4982 quas
3105 4920 3239 4965 non
3281 4900 3607 4966 inutiliter
3664 4902 3971 4968 coiissent
4027 4899 4239 4967 urbes.

2494 5155 2550 5223 7)
2596 5155 2747 5211 Uxor
2780 5159 2835 5211 ei
2863 5156 3092 5212 auorum
3230 5159 3336 5214 erit
3364 5156 3551 5225 filian-

2493 5225 2556 5289 8)
2599 5225 2726 5280 Cod.
2772 5223 2876 5278 116
2923 5224 3111 5281 addit.-
3158 5225 3187 5279 1
3262 5225 3309 5281 1.
3390 5224 3517 5283 Noe
3561 5227 3938 5281 numanam
3984 5227 4243 5284 addimus

2290 5294 2500 5349 Iulium
2535 5300 2587 5349 et
2655 5293 2833 5349 uidem
2867 5295 2984 5361 fere
3018 5295 3174 5350 Idus.

2287 5363 2460 5418 1514.
2497 5360 2556 5428 1)
2655 5403 2668 5417 .
2707 5361 2858 5418 1512.
