4900 6167
728 430 852 492 611

729 617 1131 699 impotenter
1183 612 1384 679 simul
1450 618 1698 678 statum
1770 633 2018 678 novare
2089 611 2421 691 moliatur,
2497 620 2697 678 erunt

733 722 867 767 non
909 701 1101 783 pauci
1144 700 1255 783 qui
1300 720 1371 765 se
1414 705 1760 783 opponent.
1850 697 2132 763 Interim
2176 700 2445 777 misere,
2507 699 2700 781 quasi

731 787 806 852 in
883 784 1093 852 variis
1172 784 1690 868 tempestatibus,
1770 784 2126 852 iactabitur
2189 783 2320 849 Dei
2399 784 2692 851 ecclesia.

735 873 936 957 Ergo,
981 880 1059 936 ut
1104 869 1297 948 dicis,
1343 876 1480 936 tam
1524 871 1834 937 confusae
1877 871 2403 955 perturbationes
2447 877 2695 936 statum

734 957 1023 1023 Domino
1069 954 1616 1022 commendemus,

906 1040 1308 1127 Propediem
1400 1049 1670 1108 senatus
1749 1049 1973 1106 noster
2066 1040 2374 1126 dogmata
2454 1040 2698 1107 Servati

731 1129 904 1197 istuc
946 1129 1270 1211 mittet,⁴)
1327 1135 1404 1193 ut
1445 1126 1762 1193 iudicium
1811 1127 1893 1193 de
1935 1126 2066 1193 illis
2110 1136 2405 1193 vestrum
2444 1126 2694 1191 intelli-

728 1222 866 1365 ¹qut.
967 1213 1174 1280 Nobis
1231 1213 1493 1296 quidem
1547 1211 2056 1280 reclamantibus
2117 1212 2303 1279 vobis
2363 1212 2698 1279 facessunt

778 1319 902 1366 ano
943 1299 1341 1378 molestiam,
1386 1298 1501 1365 sed
1545 1320 1620 1365 eo
1663 1305 1993 1364 venerunt
2035 1298 2363 1365 amentiae
2407 1306 2474 1363 et
2515 1299 2696 1364 furo-

729 1386 857 1464 ris,
939 1391 1014 1450 ut
1076 1384 1212 1449 illis
1280 1391 1660 1470 suspectum
1728 1385 1814 1450 sit
1878 1383 2193 1468 quidquid
2257 1382 2611 1468 loquimur.
2639 1383 2691 1465 ⁸)

731 1470 966 1554 Itaque
1009 1471 1066 1536 si
1110 1468 1422 1550 dicerem,
1478 1469 1819 1537 meridiem
1864 1470 2114 1547 lucere,
2162 1471 2461 1553 protinus
2505 1469 2691 1535 dubi·

734 1564 879 1622 tare
922 1555 1306 1639 inciperent.
1394 1555 1607 1622 Plura
1664 1557 1868 1621 frater
1923 1564 2142 1622 noster
2184 1552 2271 1620 D.
2326 1555 2689 1621 Gualtems.

733 1641 910 1708 Nam
953 1642 1108 1725 quia
1164 1640 1361 1706 multi
1416 1640 1692 1721 adsunt,
1749 1662 1912 1725 quos
1965 1661 2006 1706 a
2064 1639 2338 1724 prandio
2384 1660 2692 1707 reversus

733 1726 911 1793 domi
953 1747 1140 1792 meac
1183 1727 1431 1806 inveni,
1476 1747 1674 1811 cogor
1716 1727 1917 1793 finem
1964 1726 2194 1794 facere.
2274 1725 2444 1792 Vale
2487 1726 2693 1811 igitur

733 1813 1154 1879 ornatissime
1214 1813 1344 1893 vir,
1409 1819 1477 1878 et
1533 1813 1738 1877 frater
1788 1813 1954 1878 mihi
2008 1813 2079 1878 in
2135 1812 2423 1878 Domino
2484 1812 2690 1878 hono-

734 1898 961 1965 rande.
1052 1895 1293 1965 Saluta
1336 1905 1738 1983 symmystas
1783 1906 1929 1964 tuos
1972 1906 2039 1963 et
2080 1917 2390 1983 generoS,
2450 1905 2690 1963 totam-

730 2004 859 2069 que
898 1984 1231 2050 familiam.
1321 1983 1630 2050 Christus
1676 2005 1793 2049 vos
1836 2005 2065 2050 omnes
2110 1989 2360 2063 servet,
2405 2004 2523 2050 vos
2567 2005 2690 2067 gu·

734 2070 984 2149 bernet,
1030 2069 1215 2135 vobis
1260 2069 1620 2136 benedicat.
1711 2072 1945 2136 Amen.
2037 2068 2350 2153 Collegae
2392 2070 2525 2136 mei
2569 2068 2690 2135 tibi

728 2156 1078 2241 plurimam
1125 2155 1399 2222 salutem
1447 2153 1692 2235 dicunt,
1738 2175 1964 2222 omnes
2009 2156 2385 2222 tristissimi.
2468 2154 2690 2222 Gene-
2773 2245 2798 2259 .

727 2262 850 2309 vae
897 2246 955 2307 7.
1004 2241 1167 2307 Idus
1213 2239 1550 2325 Septemb.
1606 2244 1787 2306 1553.

1642 2376 1930 2443 Ioannes
1974 2376 2298 2443 Calvinus
2342 2384 2513 2442 tuus.

1486 2669 1896 2679 ——————-

1614 2902 1797 2973 1791.

1244 3056 1653 3126 VIRETUS
1697 3058 2166 3126 FARELLO.

894 3229 1246 3296 Meditatur
1286 3231 1409 3296 iter
1448 3229 1795 3298 Genu-nense
1835 3237 1906 3297 ut
1952 3231 2212 3298 Calvino
2256 3231 2427 3298 adsit
2469 3236 2526 3295 et
2548 3229 2681 3297 Fa·

717 3315 945 3383 renum
983 3316 1071 3382 ad
1112 3316 1280 3384 idem
1320 3315 1625 3384 hortatur.
2301 3393 2306 3398 ,

718 3487 833 3555 (Ex
882 3485 1222 3557 autographo
1257 3486 1634 3542 Bibliothecae
1679 3492 1961 3558 pastorum
2007 3487 2058 3541 N
2062 3487 2486 3554 eooomensinm,
2533 3487 2677 3558 Epp-

1342 3555 1520 3611 Vireti
1557 3556 1682 3611 fasc.
1721 3556 1840 3612 VH.
1876 3556 1944 3611 N.
1979 3557 2057 3623 4.)

890 3727 1157 3793 Eximio
1222 3726 1378 3793 Iesu
1444 3725 1699 3793 Christi
1763 3747 1954 3795 servo
2017 3726 2349 3795 Guilelmo
2413 3726 2679 3794 Farello

717 3815 1185 3881 Neocomensis
1245 3812 1552 3879 ecclesiae
1612 3814 1859 3895 pastori
1927 3813 2305 3880 fidelissimo
2366 3814 2560 3879 fratri
2614 3821 2681 3880 et

717 3909 1123 3986 symmystae
1168 3897 1779 3965 observandissime.

2174 4001 2505 4068 Neocomi.

890 4136 962 4203 S.
1031 4138 1375 4224 Intelliges
1431 4158 1513 4202 ex
1563 4135 1815 4202 Calvini
1868 4136 2090 4204 fratris
2137 4138 2345 4203 nostri
2389 4138 2600 4205 literis
2627 4139 2676 4222 ¹)

715 4245 844 4307 quo
889 4225 961 4289 in
1017 4232 1195 4290 statu
1255 4227 1388 4291 sint
1446 4244 1553 4289 res
1598 4222 2010 4290 Genevensis
2069 4223 2409 4301 ecclesiae,
2471 4245 2546 4290 ac
2605 4226 2678 4291 in

718 4331 847 4394 quo
893 4321 1237 4377 versentur
1281 4310 1678 4377 discrimine.
1753 4307 2030 4376 Caetera
2074 4331 2241 4394 quae
2283 4310 2498 4377 literis
2542 4333 2678 4377 non

713 4396 1138 4464 continentur
1183 4395 1567 4462 tabellarius
1622 4395 1941 4462 narrabit.
2032 4395 2200 4463 Sum
2244 4397 2315 4461 in
2356 4396 2676 4465 delibera-

715 4483 895 4550 tione
936 4490 1158 4547 utrum
1195 4505 1271 4548 eo
1310 4504 1511 4566 usque
1549 4504 1896 4550 excurrere
1932 4482 2221 4550 debeam.
2287 4480 2442 4550 Scio
2521 4506 2677 4552 uam

719 4572 804 4636 sit
849 4567 1267 4647 invidiosum,
1314 4569 1424 4635 sed
1470 4569 1811 4634 hominum
1855 4568 2024 4634 nihil
2067 4590 2287 4635 moror
2328 4570 2473 4639 invi
2520 4571 2674 4652 iam,

716 4655 907 4721 modo
943 4655 1094 4719 usui
1131 4677 1272 4721 esse
1317 4656 1560 4739 possim
1605 4655 1859 4722 Christi
1917 4654 2225 4723 ecclesiae
2268 4664 2335 4722 et
2390 4657 2676 4723 fratrum

922 4993 986 5058 5)
1026 4993 1116 5049 De
1147 4997 1252 5052 hac
1286 5000 1604 5066 suspicione,
1641 5003 1693 5052 et
1714 4997 1936 5052 Calvim
1969 4997 2240 5066 opinione,
2276 4997 2531 5054 ecclesias
2563 5014 2677 5053 non

716 5062 1007 5117 adeundas
1040 5079 1155 5118 esse
1187 5066 1420 5122 dicentia
1436 5067 1699 5134 (Bonnet)
1734 5071 1794 5120 in
1812 5067 1970 5122 Actis
2003 5072 2226 5122 senatus
2258 5067 2400 5121 nihil
2432 5068 2675 5136 leyimuc.

718 5132 841 5186 Imo
875 5135 998 5201 ipso
1032 5134 1326 5203 suadente,
1376 5142 1513 5189 corte
1560 5151 1670 5189 mm
1705 5136 2071 5201 dissuadente,
2108 5137 2170 5190 id
2204 5137 2423 5192 concilii
2456 5142 2677 5206 captum

711 5201 887 5263 fuisse
924 5202 1080 5257 nobie
1107 5202 1276 5268 facile
1304 5202 1711 5273 persuademus.

714 5268 1048 5407 Hle718)7)a
1102 5273 1279 5329 Vir-eto
1326 5273 1659 5329 Neocomum
1714 5273 1899 5327 missis
1941 5274 2105 5328 simul
2155 5289 2274 5330 cum
2324 5276 2429 5331 hac
2482 5280 2676 5330 nostra

2247 420 2776 491 EPISTOLAE
2828 421 3250 489 1790—1793

4615 428 4722 491 612

2800 616 3192 687 nostrorum,
3212 610 3444 676 iuvare
3478 610 3940 689 ministerium,
3985 610 4376 695 praesertim
4408 609 4578 677 illius
4616 633 4725 696 quo

2798 696 3059 773 nullum
3100 702 3262 780 puto
3306 695 3499 762 hodie
3532 696 3607 761 in
3641 694 3992 762 christiano
4038 696 4195 762 orbe
4229 696 4541 763 exsistere
4572 696 4727 766 fruc-

2799 782 3052 848 tuosius
3108 801 3185 847 ac
3235 783 3447 866 magis
3504 782 3967 848 necessarium.
4071 782 4405 865 Exspecto
4474 783 4528 849 si
4586 786 4727 867 quid

2797 867 2993 934 hodie
3050 866 3239 934 nobis
3293 867 3607 934 afferatur
3660 868 3833 934 novi.
3923 868 4023 932 'Pu
4083 888 4341 952 quoque
4394 867 4539 934 vide
4590 871 4728 953 quid

2796 960 2984 1020 tuam
3061 953 3509 1038 praesentiam
3585 954 3880 1019 conferre
3942 974 4132 1038 posse
4195 954 4570 1021 existimare
4628 955 4727 1023 de-

2798 1040 2984 1119 beas,
3002 1042 3059 1117 2)
3115 1048 3183 1106 et
3239 1040 3601 1106 Dominum
3658 1040 3924 1106 consule
3979 1061 4021 1105 a
4074 1059 4203 1123 quo
4258 1046 4415 1106 sunt
4471 1040 4729 1123 petenda

2798 1126 3089 1192 consilia.
3166 1124 3481 1192 Salutant
3525 1133 3592 1191 te
3637 1125 3846 1190 nostri
3888 1145 4117 1191 omnes
4162 1125 4548 1192 nominatim
4569 1124 4729 1194 Beea

2797 1220 3055 1291 noster,
3101 1211 3217 1296 qui
3258 1211 3526 1277 omnino
3570 1218 3795 1277 censet
3837 1211 4177 1294 utriusque
4220 1220 4519 1278 nostrum
4560 1233 4727 1296 prae-

2797 1298 3081 1364 sentiam
3133 1296 3487 1363 utilitatem
3543 1296 3833 1379 aliquam
3884 1296 4123 1362 afferre
4184 1317 4391 1381 posse.
4495 1296 4728 1365 Saltem

2796 1392 3019 1465 sperat
3043 1402 3174 1448 non
3210 1402 3444 1465 parum
3478 1380 3831 1449 iucundam
3870 1382 4011 1447 fore
4043 1381 4234 1448 fratri
4269 1391 4518 1462 nostro,
4551 1404 4730 1468 quem

2795 1488 2933 1534 non
2999 1466 3376 1534 dubitamus
3443 1468 3641 1534 nimis
3705 1469 3916 1550 premi
3980 1469 4320 1554 angustiis.
4423 1470 4729 1540 Dominus

2793 1575 2945 1620 eum
2968 1553 3341 1619 consoletur
3362 1564 3427 1619 et
3448 1553 3843 1631 corroboret,
3869 1561 3937 1620 et
3955 1553 4245 1621 hostium
4266 1558 4728 1627 coniurationes

2792 1648 2860 1706 et
2903 1639 3177 1706 consilia
3218 1638 3507 1724 dissipet,
3554 1659 3631 1706 ac
3666 1640 3737 1705 in
3776 1640 4068 1723 ipsorum
4104 1644 4319 1724 capita
4351 1652 4726 1728 retorqueat.

2794 1723 3033 1792 Saluta
3094 1725 3410 1809 collegam
3474 1731 3543 1789 et
3621 1724 3895 1792 fratrem
3962 1723 4318 1795 Claudium.
4429 1729 4617 1797 Uxor
4672 1742 4730 1797 et

2794 1810 3222 1963 totabfamilia
3267 1820 3333 1877 te
3375 1810 3686 1878 salutant.
3778 1811 3963 1878 Vale.
4035 1816 4433 1882 Lausannae
4480 1821 4539 1882 7.
4582 1814 4730 1901 Sep-

2790 1908 2925 1962 tem
2973 1946 2989 1962 .
3044 1900 3226 1962 1553.

3774 2000 3958 2068 'I'uus
4006 2003 4239 2072 Petrus
4279 2006 4575 2073 Viretus.

3671 2533 3860 2604 1792.

3272 2668 3774 2738 FARELLUS
3820 2671 4258 2740 CALVINO.

2848 2922 2861 2936 υ
2965 2836 3256 2938 Serv-ebus
3296 2839 3466 2906 mille
3521 2842 3823 2908 mortibus
3876 2843 4109 2928 diqnus
4163 2849 4222 2910 et
4272 2842 4574 2912 haeretici
4614 2866 4733 2912 om-

2787 2925 3619 3079 mpgntgdgaqbg‘cgoquid
3645 2929 3943 3011 yarriant
3965 2928 4437 3013 Anabaptistae.
4504 2932 4735 2999 Insulsi

2791 3181 2904 3246 (Ex
2939 3181 3072 3235 edit.
3109 3182 3292 3236 Bezae
3328 3181 3535 3238 Genev.
3572 3201 3624 3254 p.
3665 3181 3793 3252 116,
3825 3182 3989 3241 Laus.
4027 3205 4081 3258 p.
4118 3183 4250 3255 261,
4287 3189 4500 3246 Honor.
4537 3207 4590 3260 p.
4624 3188 4731 3257 292,

3315 3250 3524 3307 Chouet
3558 3270 3612 3323 p.
3650 3251 3769 3324 156,
3803 3254 3977 3309 Amst.
4014 3273 4067 3325 p.
4106 3256 4216 3323 71.)

2960 3419 3414 3489 Normendium
3494 3424 3764 3492 rediisse
3838 3427 3918 3493 ad
3984 3428 4337 3513 pristinam
4418 3430 4734 3498 valetudi-

2784 3528 2936 3574 nem
2963 3510 3015 3591 ¹)
3068 3528 3145 3573 ac
3204 3509 3660 3577 Marchionem
3676 3513 3733 3591 ²)
3793 3532 3876 3578 ex
3933 3514 4160 3594 Italia,
4221 3516 4515 3600 gratulor
4582 3517 4735 3583 utri·

2825 3615 2940 3674 ue,
2984 3615 3070 3660 ne
3111 3594 3323 3662 dicam
3367 3595 3506 3662 tibi.
3594 3597 3723 3663 Est
3766 3619 3924 3665 sane
3966 3615 4309 3685 praeterea
4352 3602 4522 3686 quod
4574 3602 4734 3669 invi-

2828 3699 2974 3745 eam
3017 3681 3166 3765 piae
3209 3688 3579 3761 matronae,
3600 3682 3656 3768 ⁸)
3719 3684 3799 3750 ab
3861 3686 3964 3753 his
4022 3687 4090 3751 in
4136 3686 4372 3770 quibus
4414 3690 4734 3756 luctamur

2782 3766 2976 3832 malis
3030 3766 3308 3846 solutae,
3365 3769 3471 3834 cui
3512 3769 3646 3834 iam
3706 3769 3901 3836 datur
3956 3792 4105 3837 cum
4152 3771 4423 3840 Christo
4477 3795 4624 3842 esse
4674 3782 4735 3838 et

2784 3873 2997 3937 agere.
3090 3853 3266 3919 Mira
3324 3861 3424 3921 est
3466 3856 3593 3920 Dei
3649 3854 4049 3941 dispensatio
4105 3859 4181 3922 in
4229 3858 4504 3939 Serveto,
4571 3857 4733 3945 quod

2780 3939 2951 4005 istuc
3013 3938 3284 4005 venerit.
3384 3940 3660 4006 Utinam
3720 3943 3823 4010 vel
3878 3965 4023 4009 sero
4081 3944 4310 4028 sapiat.
4417 3946 4729 4032 Magnum

2781 4046 2941 4092 sane
2997 4024 3388 4091 miraculum
3446 4028 3572 4092 erit
3623 4028 3678 4094 si
3735 4039 4014 4095 mortem
4083 4030 4376 4113 perferat
4430 4033 4602 4099 serio
4654 4030 4728 4097 ad

2781 4110 3145 4176 Dominum
3191 4131 3546 4179 conversus
3589 4122 3658 4179 et
3699 4114 4092 4183 occumbens
4136 4138 4273 4181 una
4315 4128 4561 4196 morte,
4623 4116 4728 4200 qui

2781 4195 3024 4262 multas
3068 4196 3401 4280 myriades
3451 4201 3868 4267 commeritus
3911 4212 4041 4267 est:
4101 4203 4156 4268 si
4202 4223 4433 4269 omnes
4468 4212 4728 4271 conten·

2781 4281 2893 4348 dat
2935 4280 3280 4348 aedificare
3321 4292 3718 4367 praesentes,
3764 4286 3880 4369 qui
3914 4287 4143 4355 multis
4180 4288 4316 4354 iam
4359 4288 4635 4357 sublatis
4669 4295 4729 4353 et

2779 4370 2892 4453 qui
2938 4378 3313 4452 supersunt,
3361 4369 3527 4436 adde
3571 4372 3768 4436 etiam
3815 4373 4140 4452 venturis,
4189 4395 4424 4441 nocere
4467 4374 4724 4444 studuit.

2780 4454 2996 4521 Valde
3040 4453 3337 4521 crudeles
3390 4466 3618 4535 erunt,
3677 4472 3743 4522 et
3800 4457 4154 4524 admodum
4199 4461 4428 4526 iniurii
4471 4463 4728 4529 Christo

2781 4549 2848 4606 et
2891 4541 3225 4606 doctrinae
3269 4541 3563 4624 pietatis,
3624 4551 3692 4608 et
3747 4544 3892 4609 veri
3952 4544 4262 4612 ecclesiae
4305 4545 4527 4614 hostes
4570 4548 4727 4613 iudi·

2779 4646 2916 4705 ces,
2976 4626 3033 4692 si
3077 4647 3212 4691 non
3269 4635 3660 4693 moveantur
3718 4629 4138 4712 blasphemiis
4192 4630 4542 4700 horrendis
4598 4640 4726 4698 tam

2984 4862 3041 4929 2)
3088 4862 3237 4931 Quid
3267 4866 3487 4920 conet'lt'i
3517 4869 3715 4935 ceperit
3730 4874 3952 4940 uterque
3968 4870 4107 4940 leqes
4123 4872 4184 4925 in
4218 4872 4464 4940 epistolis
4490 4873 4728 4944 proxime

2778 4933 3134 5064 {effiniiflffi
3158 4931 3295 5016 1795·
3328 4940 3380 4990 et
3415 4935 3568 5060 18111.
3607 5006 3690 5062 al·
3840 5008 3942 5061 'm

2943 5042 3046 5133 '2)
3088 5017 3611 5128 aiamim&
3644 5021 3765 5131 οἰῗὲι
3787 5024 3958 5144 'faiam
3992 5077 4061 5131 ab
4097 5077 4287 5144 Amas·
4320 5079 4398 5133 aa
4431 5080 4728 5147 Augustu-

2778 5154 2964 5209 usque,
3001 5144 3051 5192 et
3121 5140 3326 5223 uideas·
3351 5143 3620 5209 Veronae,
3665 5160 3772 5215 quo
3807 5143 4051 5212 Neapoli
4092 5146 4183 5200 iue
4215 5154 4438 5202 venerat
4481 5154 4531 5202 et
4556 5145 4726 5213 filisa

2774 5209 2995 5288 frustra
3018 5224 3073 5289 ,a
3155 5217 3456 5292 prwtpnam
3510 5213 3672 5278 fidem
3717 5227 3972 5268 revocare
4019 5220 4249 5271 conatus
4290 5215 4491 5282 fuerat.
4569 5214 4723 5283 (Bal-

2778 5278 2911 5332 bum
2964 5277 3269 5414 Vggaiycp'gzb
3287 5296 3349 5334 m
3389 5280 3536 5334 Mus.
3573 5281 3743 5336 Rern.
3781 5282 3850 5336 11.
3885 5281 4034 5349 547.)

3273 5364 3316 5402 e.
