4900 6167
272 443 364 509 293

266 632 321 697 in
362 627 582 695 rabiem
652 626 918 714 depellit
932 678 947 706 ,
1018 629 1126 695 alii
1184 629 1511 697 malorum
1560 629 2032 698 consuetudine
2084 630 2158 695 in

266 715 538 800 lapideum
600 712 738 780 fere
802 716 1086 800 rigorem
1142 713 1224 782 de
1306 723 1575 783 nerant:
1655 717 1818 784 alios
1879 715 2157 782 ulterius

263 823 414 886 quam
461 800 554 866 fas
610 801 696 866 sit
750 800 1091 886 grassandi
1143 800 1343 870 lib1do
1386 804 1525 888 agit
1575 803 1793 887 praeci
1837 803 1995 868 ites:
2061 804 2158 868 ita

261 908 442 954 omnes
499 887 634 951 fere
693 887 892 953 variis
949 888 1339 971 corruptelis
1392 888 1613 954 infesti
1669 910 1790 974 pro
1907 898 2156 955 escunt.

259 972 451 1055 Atqui,
505 984 579 1036 ut
620 993 727 1039 res
782 993 960 1040 nunc
1003 974 1248 1057 passim
1291 974 1365 1040 in
1408 983 1589 1040 terra
1629 982 1789 1041 sunt
1828 975 2152 1054 confusae,

258 1058 345 1125 vix
381 1078 655 1142 unquam
697 1057 900 1126 fuisse
957 1067 1216 1143 tempus
1272 1059 1559 1126 arbitror
1611 1081 1740 1143 quo
1783 1060 1997 1146 magis
2037 1081 2153 1126 ne-

257 1166 396 1210 oesse
431 1153 597 1210 esset
641 1164 827 1210 sacro
867 1143 1001 1225 illo,
1044 1165 1239 1229 quem
1283 1144 1444 1226 dixi,
1488 1145 1795 1231 clangore
1837 1166 2154 1231 experge-

254 1231 365 1296 fieri
410 1231 660 1313 piorum
722 1241 1004 1310 mentes,
1062 1252 1146 1297 ne
1203 1231 1809 1298 circumfrementes
1864 1230 2155 1314 undique

252 1315 530 1381 tumultus
573 1325 840 1399 stupore
881 1337 993 1383 eas
1035 1316 1302 1383 demum
1342 1317 1641 1385 obruant.
1729 1317 1902 1383 Nam
1919 1369 1936 1397 ,
1981 1314 2155 1401 quod

253 1401 497 1468 historici
561 1401 858 1467 referunt
872 1453 887 1480 ,
946 1403 1060 1486 qui
1118 1402 1202 1468 ad
1245 1401 1383 1468 Nili
1438 1412 1798 1471 cataractas
1850 1402 2156 1470 habitant

250 1499 470 1571 propter
518 1489 906 1555 continuum
970 1489 1224 1555 ruentis
1267 1510 1475 1573 aquae
1528 1490 1849 1574 impetum
1921 1487 2154 1555 obtuso

248 1594 361 1639 esse
410 1574 665 1639 aurium
722 1594 941 1654 sensu,
996 1573 1105 1641 hic
1159 1573 1372 1641 multo
1413 1576 1626 1661 magis
1680 1576 2032 1660 contingit:
2078 1580 2156 1639 ut

248 1659 461 1724 animae
518 1659 906 1726 surditatem
964 1660 1183 1726 letalis
1223 1659 1489 1727 demum
1543 1669 1768 1746 torpor
1822 1667 2151 1745 sequatur.

246 1743 431 1811 Unum
495 1758 600 1812 est
656 1745 1050 1813 remedium:
1125 1747 1181 1813 si
1248 1745 1519 1813 auribus
1584 1747 1827 1813 nostris
1891 1746 2155 1813 assidue

245 1831 513 1897 insonent
583 1832 896 1898 coelestes
965 1832 1177 1899 tubae.
1299 1834 1507 1916 Atqui
1586 1832 1883 1898 videmus
1952 1851 2151 1917 quam

242 1916 428 1995 multi,
484 1927 603 1984 aut
643 1918 944 2004 languori
989 1940 1060 1985 se
1099 1939 1218 2002 per
1258 1918 1593 2002 ignaviam
1637 1916 1946 1985 dedentes
1961 1968 1979 1997 ,
2037 1926 2156 1984 aut

241 2020 545 2102 veternum
591 2004 791 2071 etiam
848 2004 1023 2070 ultro
1067 2002 1193 2070 sibi
1248 2012 1684 2082 accersentes,
1750 2011 1936 2069 tanto
1980 2002 2151 2070 bono

241 2109 294 2154 ω
327 2087 910 2260 mgggnqempssgept.
978 2176 1340 2243 tentissime
1397 2177 1547 2242 Rex
1561 2227 1576 2254 ,
1640 2173 1841 2242 altius
1896 2174 2151 2275 pridem

239 2261 438 2326 extulit
486 2262 753 2328 heroica
808 2263 1010 2328 ammi
1055 2263 1153 2327 tui
1197 2262 1440 2341 virtus,
1501 2281 1696 2345 quam
1738 2270 1813 2327 ut
1854 2269 1921 2327 te
1964 2281 2151 2345 quasi

236 2344 481 2413 residem
524 2346 792 2414 aliunde
848 2347 1124 2415 excitari
1176 2368 1445 2415 necesse
1495 2349 1601 2413 sit.
1691 2345 1872 2429 Quin
1935 2347 2151 2432 potius

235 2431 292 2497 in
326 2432 492 2501 hisce
527 2455 700 2518 quae
734 2433 929 2500 retuli
963 2432 1312 2500 obstaculis
1349 2452 1428 2499 ea
1460 2453 1602 2500 esse
1639 2432 1720 2499 ad
1758 2432 2148 2499 audiendam

233 2517 338 2585 Dei
377 2540 602 2587 vocem
648 2518 885 2585 dicitur
927 2530 1045 2586 ma
1088 2520 1383 2599 attentio,
1425 2539 1589 2603 quae
1625 2518 1770 2585 aliis
1815 2518 2151 2604 singulare

234 2604 553 2673 alacritatis
597 2606 971 2690 exemplum
1015 2627 1157 2672 esse
1198 2605 1423 2690 possit.
1511 2603 1890 2687 Quamlibet
1928 2613 2151 2670 tamen

233 2690 306 2756 sis
340 2711 450 2774 per
489 2701 564 2758 te
603 2693 1035 2771 voluntarius,
1079 2690 1337 2757 felicem
1379 2691 1591 2757 sancti
1636 2690 1733 2756 tui
1766 2689 1968 2758 studii
2001 2711 2149 2757 cur·

233 2795 352 2841 sum
390 2775 682 2847 subsidio
723 2778 867 2858 hoc,
910 2775 1082 2861 quod
1124 2777 1243 2844 tibi
1281 2796 1400 2861 per
1441 2796 1713 2841 manum
1755 2797 1971 2842 meam
2012 2774 2151 2842 Do·

231 2863 419 2931 minus
478 2865 678 2932 offert
694 2915 709 2943 ,
772 2863 991 2930 iuvari
1047 2885 1123 2930 ac
1173 2860 1452 2948 provehi
1504 2883 1715 2946 neque
1780 2880 2010 2945 grave,
2075 2868 2154 2927 ut

232 2968 389 3030 spero
403 3001 419 3029 ,
472 2970 683 3034 neque
739 2969 1212 3033 supervacuum
1274 2948 1392 3014 tibi
1445 2949 1590 3014 erit.
1679 2946 1954 3030 Quoties
2007 2967 2148 3012 sur·

232 3053 352 3099 snm
392 3059 465 3102 ac
509 3035 816 3102 deorsum
854 3035 1029 3101 volvi
1065 3055 1171 3101 res
1206 3035 1273 3100 in
1316 3034 1562 3101 mundo
1598 3031 1924 3106 videntur.
1970 3032 2153 3098 nulla

230 3120 606 3188 stabiliendis
659 3121 1074 3189 conscientiis
1129 3142 1169 3185 a
1216 3120 1342 3186 tior
1407 3129 1523 3186 aut
1576 3119 1840 3186 solidior
1903 3117 2152 3184 fultura

230 3205 483 3274 inveniri
541 3217 788 3291 potest,
862 3226 1057 3290 quam
1117 3228 1161 3271 u
1206 3207 1228 3271 i
1283 3203 1539 3272 Ohristi
1592 3226 1890 3290 regnum,
1960 3204 2150 3288 quale

228 3311 375 3359 nunc
408 3294 726 3373 cernitur,
772 3309 927 3359 ante
960 3292 1180 3358 oculos
1212 3290 1404 3358 nobis
1450 3303 1782 3374 ponentes,
1827 3310 2148 3373 quaenam

228 3377 291 3443 ab
324 3380 508 3447 initio
551 3381 721 3445 ratio
764 3379 907 3445 eius
951 3389 1018 3443 et
1059 3391 1326 3457 natura,
1384 3376 1592 3461 qualis
1644 3387 1860 3442 status
1902 3377 2042 3442 eius
2084 3383 2152 3440 et

226 3463 479 3532 conditio
523 3465 728 3531 fuerit
763 3475 1157 3547 reputamus.

369 3551 595 3632 Quum
666 3551 748 3617 de
803 3548 1050 3617 Christi
1120 3570 1324 3634 regno
1392 3568 1606 3616 sermo
1674 3545 1957 3613 habetur
2021 3547 2148 3612 duo

224 3640 545 3789 praecipue
591 3636 947 3721 spectanda
991 3635 1175 3702 nobis
1219 3644 1405 3701 sunt:
1482 3632 1807 3719 evangelii
1851 3632 2148 3699 doctrina

224 3740 328 3801 qua
366 3725 419 3789 si
464 3725 489 3788 i
532 3722 843 3790 Christus
887 3722 1224 3788 ecclesiam
1283 3720 1533 3804 colligit
1584 3732 1650 3784 et
1703 3739 1829 3802 qua
1871 3717 2145 3784 eandem

225 3805 535 3875 collectam
582 3807 922 3894 gubernat,
969 3804 1204 3872 deinde
1247 3808 1389 3890 ipsa
1429 3807 1689 3890 piorum
1724 3805 2000 3872 societas
2034 3805 2146 3888 qui

224 3893 449 3960 sincera
482 3894 816 3978 evangelii
856 3892 984 3959 fide
1019 3895 1195 3958 inter
1227 3911 1298 3957 se
1331 3892 1663 3959 coniuncti
1697 3912 1854 3957 vere
1891 3889 2146 3962 Christi

222 3979 476 4061 populus
528 3994 900 4048 censentur.
1002 3979 1245 4044 Vivam
1314 3979 1653 4060 utriusque
1726 3977 2005 4061 effigiem
2074 3975 2143 4041 in

220 4065 383 4132 Actis
425 4065 870 4151 apostolorum
922 4086 1121 4149 quam
1177 4084 1485 4148 expresse
1537 4062 1853 4147 depingat
1903 4062 2144 4141 Lucas,

221 4162 492 4232 praestat
551 4173 633 4217 ex
699 4151 975 4217 lectione
1032 4152 1233 4217 totius
1297 4148 1452 4216 libri
1509 4167 1895 4234 cognoscere
1946 4168 2142 4231 quam

220 4235 464 4304 credere
527 4239 632 4303 vel
714 4257 859 4302 meo
938 4237 1047 4303 vel
1123 4237 1395 4303 alterius
1473 4235 1836 4319 cuiuspiam
1913 4233 2139 4318 elogio.

219 4317 371 4387 Nam
412 4322 542 4390 etsi
586 4342 626 4387 a
661 4323 875 4405 prima
916 4343 1121 4406 usquc
1166 4321 1393 4389 mundi
1427 4322 1677 4406 origine
1712 4340 1971 4404 semper
1995 4340 2141 4404 reg·

221 4410 387 4474 navit
427 4408 560 4476 Dei
603 4408 779 4474 filius
796 4459 810 4485 ,
867 4431 950 4473 ex
992 4429 1120 4491 quo
1160 4419 1381 4474 tamen
1422 4408 1492 4473 iu
1547 4426 1744 4474 carne
1784 4405 2145 4490 patefactus

221 4497 619 4579 evangelium
666 4514 857 4559 suum
916 4493 1303 4576 publicavit,
1362 4505 1521 4559 tunc
1577 4492 1895 4558 illustrius
1952 4491 2143 4557 solito

221 4581 450 4665 erigere
494 4581 708 4665 coepit
752 4579 1059 4654 tribunal,
1107 4578 1279 4645 unde
1322 4600 1497 4645 nunc
1550 4597 1803 4663 quoque
1855 4577 2143 4641 maxime

220 4668 584 4749 conspicuus
629 4679 914 4750 apparet.
1002 4664 1158 4730 Huc
1201 4665 1255 4730 si
1300 4686 1370 4731 se
1413 4664 1581 4731 oculi
1618 4663 1829 4730 nostri
1870 4682 2141 4729 conver-

220 4759 365 4826 tant,
410 4773 541 4818 non
585 4751 768 4818 inani
811 4753 1061 4835 pictura
1103 4748 1305 4836 (quod
1348 4751 1429 4816 de
1472 4754 1700 4817 Aenea
1732 4769 1849 4816 suo
1892 4745 2144 4831 praedi-

219 4849 310 4899 cat
346 4837 700 4923 Virgilius)
755 4836 869 4903 sed
923 4834 1129 4903 solida
1179 4856 1404 4903 earum
1462 4857 1713 4914 rerum,
1773 4832 1947 4900 unde
2002 4833 2144 4899 vita

218 4923 484 5002 petenda
516 4935 635 5003 est,
681 4925 915 4989 notitia
947 4931 1311 5008 pascentur.
1381 4925 1620 5006 Atque,
1663 4932 1741 4987 ut
1780 4920 1863 4985 ad
1904 4938 2142 5004 propo-

220 5007 397 5074 situm
440 5029 812 5077 sermonem
854 5019 1165 5089 revertar,
1209 5008 1316 5074 hic
1357 5008 1640 5091 optimus
1671 5014 1772 5074 est
1812 5005 2143 5073 conscien-

221 5090 318 5157 tiis
373 5112 676 5180 receptus
690 5148 704 5173 ,
778 5095 887 5162 ubi
953 5097 1125 5161 inter
1193 5091 1626 5159 tumultuosas
1697 5093 1856 5159 istas
1953 5088 2144 5156 uibus

218 5179 493 5249 mundus
540 5183 907 5249 concutitur
971 5178 1286 5264 procellas
1337 5175 1727 5261 tranquillae
1794 5177 1924 5243 resi
1971 5183 2141 5242 eant.

220 5260 391 5332 Haec
447 5266 725 5353 denique
782 5266 1120 5332 meditatio
1176 5264 1316 5333 sola
1372 5263 1640 5341 efficiet,
1710 5282 1796 5327 ne
1851 5281 2143 5348 unquam

220 5349 394 5420 nobis
433 5354 685 5421 accidat
725 5350 895 5437 quod
949 5349 1031 5418 de
1082 5350 1315 5419 maiori
1355 5350 1700 5417 hominum
1754 5357 1943 5432 parte
1984 5347 2142 5415 olim

1899 443 2064 507 1552
2104 440 2570 510 FEBRUAR.

4079 453 4206 519 294

2258 630 2339 697 ab
2384 631 2605 699 Ennio
2639 652 2794 699 vere
2827 653 2970 701 esse
3004 629 3253 701 dictum
3288 636 3485 702 nimis
3519 637 3728 704 multa
3755 640 4206 722 experimenta

2256 717 2565 817 probant:
2599 717 2788 869 Fpelli
2845 740 2883 820 e
2920 718 3156 818 ‘medio
3224 721 3612 806 sapientiam
3665 724 3918 808 quoties
3973 726 4041 792 vi
4095 746 4204 793 res

2256 810 2528 954 geritur.
2665 824 2771 870 am
2815 827 2874 872 ει
2913 827 2987 872 m
3030 826 3287 873 summo
3338 815 3407 873 et
3451 810 3766 876 acerrimo
3809 809 4205 892 proeliorum

2282 908 2513 955 ervore
2553 896 2812 956 tantum
2853 890 3029 975 apud
3063 890 3614 960 Lacedaemonios
3648 897 3861 979 potuit
3893 895 4205 964 tibiarum

2256 981 2609 1041 concentus
2664 984 2741 1040 ut
2797 975 3162 1062 ingenitam
3228 977 3531 1045 bellicoso
3593 980 3834 1066 populo
3890 981 4202 1048 ferociam

2255 1059 2512 1140 leniret,
2557 1061 3034 1146 impetumque,
3080 1063 3191 1146 qui
3235 1063 3343 1129 vel
3385 1066 3457 1130 in
3499 1066 3768 1133 mitibus
3816 1066 4059 1152 alioqui
4100 1067 4203 1134 in·

2256 1146 2469 1231 geniis
2536 1153 2693 1214 tunc
2762 1167 2963 1232 supra
3042 1148 3311 1214 modum
3376 1150 3691 1231 exsultat,
3777 1161 4200 1236 temperaret:

2254 1230 4204 1401 wizttsffsssstsstssfftffssizffssssffifflwssssfi

2255 1401 2446 1470 modo
2467 1403 2898 1471 truculentas
2939 1404 3180 1472 bestias
3220 1406 3483 1486 cicurat,
3526 1343 3643 1473 ξιξιιί
3684 1429 3768 1473 ex
3809 1344 4013 1492 liipis,
4069 1407 4205 1477 leo-

2255 1488 2450 1556 nibus
2494 1497 2563 1553 et
2603 1490 2775 1555 ursis
2818 1509 3023 1574 agnos
3066 1490 3270 1557 facit?
3329 1492 3502 1576 quod
3557 1492 3817 1559 lanceas
3875 1495 3949 1561 in
4000 1494 4199 1562 falces

2256 1575 2578 1642 convertit
2646 1582 2714 1639 et
2780 1574 3032 1660 gladios
3092 1578 3164 1642 in
3235 1599 3529 1645 vomeres
3585 1578 3872 1646 format?
3973 1579 4200 1661 Quum

2253 1680 2411 1745 ergo
2451 1662 2951 1744 temperamenti
2992 1682 3200 1746 genus
3252 1663 3371 1728 tibi
3428 1664 3698 1731 offeram
3716 1716 3732 1744 ,
3787 1664 3936 1731 Rex
3976 1666 4204 1733 corda-

2254 1745 2526 1826 tissime,
2568 1745 2762 1831 quale
2803 1753 3169 1831 temporum
3213 1750 3468 1834 flagitat
3501 1751 3874 1832 necessitas,
3916 1751 4202 1819 officium

2252 1831 2377 1898 hoc
2419 1832 2753 1898 Maiestati
2795 1840 2967 1911 tuae,
3013 1854 3178 1917 quae
3220 1835 3363 1901 eius
3406 1844 3508 1902 est
3549 1837 3876 1922 aequitas,
3921 1858 4055 1904 non
4097 1838 4202 1904 in-

2254 1924 2521 2003 gratum
2561 1918 2700 1983 fore
2736 1917 3009 1985 confido.

2423 2003 2597 2070 Ecce
2635 2004 2833 2070 etiam
2876 2004 3084 2070 altera
3140 2025 3223 2070 ex
3326 2013 3465 2071 arte
3520 2004 3603 2072 ad
3655 2006 3947 2074 laborem
3998 2009 4201 2075 istum

2254 2086 2377 2154 tibi
2430 2088 2782 2156 dicandum
2833 2110 2942 2155 me
2991 2090 3234 2156 invitat
3333 2092 3571 2156 ostium
3636 2102 4006 2160 nostrorum
4076 2094 4200 2160 im·

2252 2174 2562 2259 probitas,
2606 2173 2716 2241 vel
2757 2176 2974 2260 potius
3018 2176 3207 2260 cogit.
3266 2175 3555 2242 Romani
3576 2178 3974 2246 Antichristi
4008 2201 4201 2265 prae-

2253 2279 2454 2328 cones
2497 2258 2671 2327 dico:
2725 2260 2866 2345 qui,
2918 2268 2997 2326 ut
3037 2260 3260 2327 fucum
3319 2261 3588 2329 rudibus
3630 2264 3872 2332 faciant
3887 2315 3903 2343 ,
3960 2285 4202 2333 nomen

2253 2347 2563 2415 ecclesiae
2604 2366 2839 2412 sonora
2879 2365 3040 2413 voce
3082 2343 3341 2413 assidue
3384 2348 3786 2416 ebuccinant.
3853 2349 3958 2418 De
4000 2350 4202 2419 eccle-

2255 2432 2354 2499 sia
2387 2432 2556 2498 nihil
2589 2432 2764 2499 inter
2794 2452 2916 2498 nos
2949 2440 3053 2497 est
3093 2435 3587 2515 controversiae,
3631 2436 3789 2519 quin
3823 2436 4200 2504 veneranda

2253 2519 2561 2585 omnibus
2602 2518 2730 2584 Dei
2794 2517 2947 2584 filiis
3001 2537 3144 2584 esse
3199 2516 3430 2585 debeat
3472 2520 3613 2587 eius
3657 2522 4002 2589 autoritas:
4067 2524 4199 2590 nisi

2255 2602 2428 2689 quod
2471 2603 2572 2669 illi
2614 2603 2734 2670 sub
2776 2602 2993 2670 fallaci
3033 2601 3298 2671 honoris
3342 2612 3688 2687 praetextu
3746 2627 3904 2673 suae
3945 2606 4200 2675 libidini

2255 2688 2603 2756 umbratile
2645 2689 2954 2756 ecclesiae
2995 2710 3234 2756 nomen
3278 2689 3653 2771 subiiciunt,
3696 2713 3817 2758 nos
3859 2693 3956 2759 ita
3996 2694 4198 2762 eccle-

2253 2777 2417 2843 siam
2463 2795 2547 2840 ex
2590 2775 2810 2841 animo
2852 2796 3263 2857 reveremur,
3321 2785 3394 2846 ut
3447 2798 3705 2844 sacrum
3761 2779 3900 2845 eius
3958 2800 4200 2847 nomen

2252 2860 2600 2945 profanare
2654 2880 2988 2927 summum
3041 2861 3217 2945 apud
3270 2882 3389 2929 nos
3445 2863 3535 2927 sit
3587 2864 3790 2929 nefas.
3890 2863 3988 2932 Ut
4037 2864 4198 2934 alios

2253 2947 2551 3012 omittam
2596 2947 2737 3030 pios
2779 2967 2980 3013 sanae
3021 2967 3355 3031 puraeque
3391 2947 3722 3015 doctrinae
3756 2949 4113 3030 ministros,
4158 2973 4200 3017 a

2253 3053 2358 3098 me
2401 3034 2533 3097 iam
2577 3031 2853 3098 antehac
2896 3031 3338 3116 compluribus
3379 3034 3454 3097 in
3496 3033 3655 3100 locis
3695 3055 3814 3118 pro
3860 3055 3896 3101 e
3940 3035 4024 3101 ad
4066 3037 4198 3104 fas·

2252 3117 2485 3184 tidium
2531 3118 2780 3204 agitata
2819 3117 2950 3183 fuit
2988 3117 3150 3184 haec
3193 3118 3515 3201 quaestio;
3559 3141 3759 3204 quum
3849 3141 3886 3186 e
3927 3120 4201 3188 ecclesia

2253 3224 2468 3270 sermo
2511 3202 2819 3281 habetur,
2864 3204 3045 3270 cuius
3088 3214 3286 3287 caput
3327 3216 3428 3268 est
3467 3203 3644 3270 filins
3687 3204 3846 3285 Dei,
3892 3214 3962 3272 et
4000 3227 4197 3290 quam

2251 3288 2446 3369 idem,
2505 3290 2617 3374 qui
2659 3290 2805 3355 fons
2844 3299 2945 3355 est
2984 3289 3161 3354 vitae
3205 3297 3539 3368 aeternae,
3584 3292 3820 3373 spiritu
3863 3313 3981 3358 suo
4023 3313 4199 3359 sem-

2251 3397 2371 3459 per
2413 3385 2700 3460 vegetat,
2744 3395 2940 3458 quam
2985 3373 3329 3442 ridiculum
3368 3376 3457 3442 sit
3498 3376 3800 3442 mutilum
3835 3377 4046 3463 capite
4079 3399 4198 3446 suo

2251 3481 2516 3544 corpus,
2572 3459 2807 3527 deinde
2867 3471 3197 3527 mortuum
3244 3460 3521 3527 cadaver
3552 3462 3862 3545 proferre.
3952 3462 4196 3530 Clami-

2252 3555 2399 3611 tant
2440 3546 2822 3611 mercenarii
2880 3566 3087 3629 papae
3142 3547 3507 3614 adulatores
3565 3568 3637 3613 se
3696 3547 4030 3614 ecclesiam
4077 3549 4197 3613 ba-

2250 3630 2420 3697 bere.
2511 3630 2763 3696 Vernm
2808 3632 2893 3697 sit
2936 3651 3140 3697 necne
3192 3632 3363 3716 quod
3411 3633 3688 3711 iactant,
3746 3654 3878 3700 non
3932 3633 4195 3701 aliunde

2250 3716 2488 3782 melius
2529 3726 2742 3799 potest
2784 3718 3081 3802 cognosci
3139 3738 3334 3800 quam
3379 3717 3536 3782 dum
3591 3728 3787 3800 caput
3829 3719 4189 3801 inspicitur.

2248 3802 2327 3869 Id
2393 3823 2552 3868 vero
2605 3801 2923 3888 sacrilega
2988 3823 3210 3868 eorum
3272 3803 3583 3869 violentia
3638 3803 3995 3869 abscissum
4051 3825 4194 3873 esse

2247 3895 2512 3962 constat,
2548 3896 2617 3953 et
2650 3897 3042 3955 truncatum.
3114 3887 3458 3969 Quomodo
3492 3888 3668 3952 enim
3704 3889 3939 3971 capitis
3978 3890 4197 3958 locum

2247 3973 2554 4039 retinebit
2576 3973 2885 4040 Christus
2926 3995 3045 4039 sua
3088 3973 3270 4040 omni
3314 3974 3560 4039 virtute
3603 3974 3936 4057 spoliatus,
3982 3976 4193 4044 deiec-

2248 4072 2355 4125 tus
2406 4059 2710 4142 imperio,
2777 4059 3062 4126 nudatus
3124 4057 3488 4144 dignitate?
3586 4058 3732 4125 Hac
3789 4059 3937 4147 lege
3999 4073 4198 4147 caput

2247 4167 2396 4212 eum
2440 4144 2751 4212 ecclesiae
2791 4145 3132 4212 constituit
3171 4142 3467 4209 coelestis
3510 4153 3715 4228 pater,
3761 4144 3839 4210 ut
3871 4148 4197 4233 evangelii

2246 4230 2350 4298 sui
2393 4229 2688 4297 doctrina
2729 4251 2956 4297 omnes
2998 4252 3039 4296 a
3078 4249 3333 4295 summo
3367 4249 3576 4313 usque
3620 4229 3703 4295 ad
3746 4230 4047 4298 infimum
4090 4255 4196 4300 re·

2332 4326 2379 4395 t,
2425 4324 2503 4382 ut
2542 4316 2776 4384 unicus
2820 4317 2905 4382 sit
2947 4313 3246 4381 sacerdos
3302 4316 3411 4398 qui
3456 4324 3712 4398 patrem
3769 4318 3988 4401 ipsum
4030 4321 4195 4386 assi-

2293 4424 2374 4467 ue
2417 4402 2609 4468 nobis
2650 4402 2974 4486 propitiet,
3022 4399 3567 4483 quemadmodum
3603 4401 3807 4467 semel
3840 4404 4007 4468 iram
4049 4405 4192 4472 eius

2243 4487 2477 4554 mortis
2498 4507 2659 4553 suae
2680 4487 2995 4553 sacrificio
3016 4485 3319 4570 placavit,
3355 4495 3435 4552 ut
3453 4484 3740 4552 eiusdem
3765 4508 3940 4554 mors
3960 4510 4194 4575 perpe-

2245 4583 2360 4641 tua
2400 4574 2487 4640 sit
2528 4593 2646 4656 pro
2686 4572 2967 4656 peccatis
3008 4571 3324 4656 expiatio,
3383 4572 3651 4657 sanguis
3703 4573 3972 4641 unicum
4011 4575 4194 4643 lava-

2243 4680 2448 4739 crum,
2484 4657 2856 4725 obedientia
2889 4655 3097 4723 sclida
3131 4657 3500 4736 satisfactio,
3546 4665 3622 4722 ut
3654 4657 3835 4725 solus
3868 4660 3957 4726 sit
3985 4660 4193 4728 inter-

2243 4765 2464 4812 cessor
2506 4745 2693 4813 cuius
2783 4743 3098 4810 atrocinio
3151 4742 3588 4809 exaudiantur
3641 4763 3866 4827 preces
3909 4753 4189 4824 nostrae,

2243 4842 2322 4898 ut
2360 4831 2535 4897 fidus
2578 4831 2668 4898 sit
2751 4830 3007 4895 efensor
3050 4850 3127 4896 ac
3169 4838 3350 4895 tutor
3392 4829 3501 4913 qui
3546 4849 3666 4894 suo
3710 4851 3829 4896 nos
3869 4830 4191 4914 praesidio

2243 4925 2441 5004 tegat,
2487 4925 2562 4983 ut
2604 4915 2864 4983 domitis
2898 4916 3110 4981 carnis
3146 4924 3409 4980 nostrae
3443 4913 3625 4981 vitiis
3660 4915 3731 4979 in
3772 4915 4086 4982 iustitiam
4122 4923 4191 4981 et

2244 5004 2658 5071 sanctitatem
2716 5022 2837 5069 nos
2896 4999 3234 5078 reformet,
3301 5010 3503 5084 utque
3556 4999 3734 5066 solus
3796 4999 4053 5065 beatam
4115 5000 4189 5068 in

2243 5089 2434 5155 nobis
2483 5088 2684 5155 vitam
2726 5086 2994 5154 inchoet
3028 5106 3105 5153 ac
3145 5085 3460 5171 perficiat.

2414 5174 2679 5240 Horum
2721 5174 3015 5238 omnium
3068 5173 3125 5238 si
3168 5172 3323 5256 quid
3366 5171 3462 5236 illi
3515 5171 3851 5237 residuum
3892 5170 4190 5238 fecerunt

2242 5262 2555 5347 papistae,
2602 5258 2889 5325 habeant
2921 5278 3082 5324 sane
3117 5279 3157 5323 a
3184 5266 3370 5342 parte
3404 5277 3523 5328 sua
3557 5254 3919 5323 ecclesiam.
3989 5254 4188 5340 Quod

2244 5347 2303 5414 si
2343 5366 2517 5433 papa
2559 5363 2757 5413 saeva
2799 5351 2867 5410 et
2906 5343 3060 5429 plus
3102 5363 3299 5428 quam
3343 5341 3594 5410 crudeli
3634 5341 3988 5428 tyrannide
4029 5362 4191 5412 con·-
