4900 6167
726 453 852 515 667

1605 631 1790 702 1851.

1258 786 1720 856 CALVINUS
1764 783 2133 852 VIRETO.

904 958 1298 1026 Commendat
1351 958 1589 1043 Analos
1650 956 1950 1040 quosdam
2004 955 2415 1021 Lausannam
2469 955 2666 1037 profi-

725 1047 1031 1197 w.
1125 1044 1407 1112 Genevae
1460 1042 1878 1133 reconciliatio
1925 1041 2215 1124 martium
2255 1041 2459 1108 coenis
2515 1041 2662 1107 cele-

727 1302 845 1370 (Ex
880 1301 1217 1372 autographo
1252 1300 1382 1356 Cod.
1419 1299 1618 1355 Genev.
1655 1297 1804 1362 107⁸,
1836 1297 1927 1352 fol.
1964 1296 2047 1352 64.
2120 1296 2298 1351 Habet
2334 1298 2500 1350 etiam
2536 1295 2669 1353 eod.

1143 1368 1257 1436 111,
1293 1370 1383 1424 fol.
1418 1367 1537 1435 2⁷5,
1576 1375 1632 1422 et
1667 1368 1750 1422 ed.
1785 1366 1983 1420 Edinb.
2020 1366 2086 1421 11.
2123 1365 2267 1433 421.)

728 1541 996 1607 Eximio
1047 1539 1199 1606 Iesu
1257 1539 1505 1606 christi
1570 1560 1758 1603 servo
1818 1538 2008 1601 Petro
2064 1538 2295 1602 Vireto
2362 1537 2669 1603 ecclesiae

732 1625 1144 1693 Genevensis
1188 1624 1317 1691 fido
1370 1624 1645 1710 pastori,
1704 1626 1889 1724 fratri
1947 1635 2009 1685 ct
2054 1633 2457 1707 symmystae
2499 1624 2669 1688 inte-

922 1772 930 1779 .
1549 1731 1848 1795 gernmo.

902 1847 972 1914 S.
1041 1848 1245 1932 Angli
1288 1846 1401 1913 isti
1441 1868 1642 1930 quum
1685 1846 1767 1911 ad
1812 1867 1930 1912 vos
1973 1844 2433 1923 concederent,
2492 1866 2668 1911 com-

733 1933 1224 1999 mendationem
1267 1955 1307 1998 a
1348 1953 1453 1998 me
1495 1933 1829 2016 petierunt
1870 1940 1945 1997 ut
1989 1940 2104 1997 tua
2146 1952 2343 2013 opera
2386 1951 2670 1997 commo-

730 2019 893 2086 dum
947 2018 1307 2102 hospitium
1364 2020 1710 2100 reperiant.
1798 2017 2132 2101 Cuperent
2186 2016 2447 2101 quidem
2496 2016 2670 2101 apud

729 2112 799 2170 te
840 2106 945 2170 vel
990 2103 1074 2170 D.
1119 2104 1361 2170 Bonam
1405 2104 1719 2170 habitare.
1809 2102 1944 2169 Sed
1987 2104 2143 2186 quia
2186 2103 2512 2187 respondi,
2556 2104 2671 2167 vix

726 2190 1066 2273 impetrari
1120 2191 1243 2256 hoc
1303 2195 1523 2272 posse,
1581 2211 1716 2254 non
1775 2187 2119 2272 urgebunt.
2209 2189 2502 2254 Tantum
2544 2188 2670 2254 hoc

725 2274 862 2341 illis
903 2276 1188 2341 officium
1232 2274 1607 2360 praestabis,
1652 2290 1725 2340 ut
1765 2275 1998 2357 aliquis
2040 2275 2279 2356 probus
2323 2284 2392 2339 et
2434 2273 2670 2339 huma-

726 2383 858 2428 nus
898 2361 1135 2445 hospes
1177 2364 1353 2445 ipsos
1395 2362 1695 2444 excipiat.
1764 2361 1911 2445 Ego
1954 2361 2133 2426 enim
2168 2372 2233 2426 et
2271 2362 2415 2444 pios
2461 2360 2667 2424 homi-

724 2468 849 2513 nes
890 2467 964 2512 ac
1000 2447 1305 2512 honestos
1348 2468 1490 2513 esse
1533 2447 1741 2525 audio,
1786 2457 1851 2513 et
1884 2445 2138 2513 confido
2182 2448 2318 2511 fore
2363 2446 2669 2511 tractabi-

722 2531 842 2599 les.
944 2531 1182 2599 Senior
1236 2542 1419 2616 pater
1479 2542 1578 2598 est
1635 2532 1915 2612 iuvenis,
1949 2535 1993 2609 ¹)
2059 2532 2254 2597 homo
2310 2530 2549 2597 nobilis
2604 2541 2671 2595 et

721 2619 797 2684 in
853 2618 1064 2702 patria
1117 2639 1239 2685 sua
1305 2618 1610 2702 locuples.
1709 2617 1856 2700 Quo
1915 2619 2226 2683 maiorem
2284 2619 2543 2700 pietatis
2603 2625 2667 2682 et

725 2703 852 2768 zeli
915 2705 1128 2770 sancti
1192 2703 1454 2770 laudem
1519 2704 1695 2770 filius
1759 2712 2078 2782 meretur,
2151 2703 2262 2785 qui
2328 2703 2450 2768 sub
2515 2723 2669 2787 rege

724 2786 1034 2855 Eduardo
1075 2790 1413 2855 ecclesiam
1448 2801 1787 2875 pastorum
1823 2789 2046 2872 inopia
2079 2788 2378 2854 laborare
2412 2787 2667 2866 videns,

722 2873 852 2940 hoc
875 2875 1091 2941 oneris
1114 2875 1288 2941 ultro
1310 2878 1612 2958 suscepit.
1651 2876 1803 2941 Huc
1827 2872 2094 2953 accedit,
2120 2873 2288 2958 quod
2312 2874 2508 2940 rebus
2529 2874 2667 2939 suis

720 2960 1002 3046 integris
1067 2962 1303 3028 fratres
1377 2969 1632 3029 nostros
1698 2961 1955 3039 Gallos,
2036 2961 2148 3043 qui
2216 2961 2287 3024 in
2353 2959 2670 3043 Angliam

722 3046 1050 3131 evangelii
1133 3068 1328 3114 causa
1403 3050 1824 3125 traiecerant,
1908 3047 2189 3131 benigne
2275 3057 2342 3109 et
2396 3046 2669 3111 comiter

718 3132 1049 3198 iuverunt.
1120 3133 1315 3201 Nunc
1357 3155 1514 3219 ergo
1556 3135 1847 3220 profugis
1892 3131 2118 3198 eadem
2162 3131 2396 3198 saltem
2441 3131 2670 3195 huma-

721 3215 899 3283 nitas
941 3220 1208 3285 minime
1252 3240 1336 3285 ne
1423 3221 1556 3285 nda
1597 3232 1714 3286 est.
1786 3218 2025 3285 Bonam
2067 3237 2326 3300 quoque
2369 3227 2668 3283 nostrum

723 3301 808 3367 de
829 3301 1114 3370 adventu
1148 3306 1332 3371 cuius
1379 3328 1487 3372 am
1521 3305 1715 3371 amici
1750 3304 2062 3382 monebis,
2107 3323 2300 3386 quem
2342 3303 2490 3368 istic
2524 3323 2669 3368 cras

719 3388 832 3455 vel
888 3390 1199 3473 perendie
1256 3391 1394 3457 fore
1448 3413 1652 3476 spero.
1739 3391 1867 3457 Est
1912 3400 2128 3454 autem
2172 3389 2376 3453 frater
2419 3390 2668 3455 Lusar·

721 3474 1044 3554 chiensis,
1086 3497 1282 3560 quem
1326 3478 1502 3543 domi
1546 3498 1704 3543 suae
1748 3473 2102 3557 aliquando
2146 3474 2412 3551 habuit,
2458 3474 2668 3540 maior

719 3561 984 3645 quidem
1042 3574 1203 3628 natu
1219 3614 1233 3640 ,
1301 3583 1434 3628 non
1491 3572 1709 3629 tamen
1765 3561 2256 3646 primogenitus.
2362 3560 2666 3626 Animosi

717 3648 928 3713 nostri
985 3647 1183 3714 duces
1240 3670 1281 3714 a
1338 3656 1558 3714 vestro
1580 3653 1634 3723 ²)
1690 3647 1978 3712 discessu
2035 3646 2375 3729 aliquoties
2433 3666 2665 3712 coena-

716 3741 907 3799 runt:
984 3735 1312 3817 specimen
1363 3733 1544 3799 illius
1608 3754 1801 3816 quam
1869 3731 2201 3797 iactabant
2262 3731 2665 3797 fortitudinis

714 3818 975 3886 nullum
1032 3819 1248 3885 adhuc
1299 3819 1508 3885 video.
1600 3819 1785 3896 Vale,
1832 3821 2075 3900 optime
2122 3818 2339 3883 frater.
2430 3817 2667 3884 Saluta

713 3903 805 3971 D.
854 3904 1095 3971 Bonam
1136 3916 1204 3969 et
1246 3905 1527 3989 reliquos
1568 3904 1825 3979 fratres,
1872 3903 2047 3968 domi
2084 3924 2352 3969 uxorem
2390 3913 2459 3968 et
2500 3902 2664 3971 filio-

712 3990 832 4057 las.
898 3989 1225 4056 Dominus
1260 4011 1379 4057 vos
1414 4012 1643 4057 omnes
1676 3999 1864 4075 regat
1892 4011 1966 4054 ac
2007 3998 2283 4055 tueatur.
2352 3989 2665 4057 Genevae

716 4080 822 4142 20.
871 4075 1225 4141 Novembr.
1282 4082 1460 4142 1553.

1637 4160 1920 4226 Ioannes
1959 4159 2276 4226 Calvinus
2319 4173 2490 4227 tuus.

711 4451 883 4507 1851.
921 4452 977 4519 1)
1012 4450 1210 4507 Dicere
1246 4453 1360 4507 vult
1394 4453 1656 4507 seniorem
1688 4458 1902 4520 patrem
1937 4468 2050 4507 esse
2082 4453 2332 4507 iuniori-3.

918 4520 978 4586 2)
1014 4521 1168 4574 Hinc
1208 4520 1335 4575 eoll'
1370 4536 1425 4575 es
1474 4521 1714 4575 Vir-etum
1753 4521 1917 4575 simtu
1961 4538 2081 4576 cum
2130 4520 2357 4576 Fae-ello
2406 4523 2662 4576 Genavae

713 4589 964 4657 adfuisse
1012 4606 1177 4659 quum
1225 4592 1277 4644 is
1359 4590 1520 4645 ditus
1569 4590 1709 4644 Nov.
1756 4605 1938 4644 coram
1988 4596 2182 4645 senatu
2226 4606 2283 4645 se
2331 4590 2660 4657 defenderet.

712 4658 841 4714 Hoc
884 4662 1047 4714 etiam
1095 4656 1324 4713 Kirchh.
1367 4675 1422 4726 p.
1473 4656 1576 4711 120
1624 4664 1677 4713 et
1710 4658 1903 4729 Hem-y
1950 4659 2078 4714 111.
2128 4658 2233 4713 365
2278 4660 2478 4714 habent
2511 4658 2661 4713 nullo

712 4732 895 4781 men
930 4734 1057 4782 teste
1089 4727 1268 4782 citato.
1323 4720 1467 4782 Ada
1501 4735 1723 4781 senatus
1739 4734 1929 4793 tacent,
1962 4729 2061 4798 qm·
2093 4734 2268 4782 tamen
2287 4744 2486 4782 coenae
2519 4744 2665 4781 men·

712 4796 1157 4915 tionewgrlaciunt
1190 4811 1332 4866 quae
1362 4798 1603 4864 partium
1646 4797 2107 4852 reconciliationis
2140 4797 2515 4852 documentum
2549 4811 2664 4851 esse

1526 5146 1603 5151 ---
1650 5147 1879 5154 --ὴ-φ

2216 439 2742 508 ΕΡΙΒΤΟῙιΑΕ
2793 442 3212 506 1851-1853

4584 447 4694 509 668

3664 627 3859 700 1852.

3151 781 3659 850 GALLI'HUS
3700 781 4334 851 BULLINGERO.

2945 953 3234 1022 Remifflt
3272 956 3332 1021 oi
3373 955 3762 1036 exmpzaria
3803 954 4202 1021 consiliorum
4242 956 4314 1022 in
4353 975 4543 1023 cauea
4566 954 4698 1022 Ser-

2770 1042 2892 1106 veti
2941 1040 3395 1107 Getoevevaeibus
3427 1041 3801 1106 &aditomn-
3840 1062 3886 1107 a
3932 1040 4376 1108 Tur-{censibus
4416 1047 4474 1107 et
4513 1040 4693 1109 Basi-

2771 1126 3094 1193 leon-sibus.
3186 1126 3436 1193 Gaudet
3476 1127 3666 1193 istam
3697 1131 3931 1209 pestem
3970 1127 4113 1211 492oe
4153 1129 4526 1195 ammaon.

2770 1298 3129 1368 (Excerptum
3175 1314 3242 1352 ex
3289 1305 3497 1368 autogr.
3535 1297 3702 1351 Arch.
3738 1297 3912 1351 Turio.
3950 1297 4093 1350 Plut.
4133 1297 4231 1352 VI.
4270 1297 4396 1352 Vol.
4439 1297 4530 1352 161
4580 1300 4696 1353 olim

2892 1367 3063 1420 scrin.
3099 1368 3162 1421 B.
3202 1367 3340 1436 npp.
3374 1367 3526 1420 rom.
3562 1364 3647 1433 ee,
3682 1366 3773 1421 fol.
3810 1363 3930 1420 515.
3968 1395 4032 1406 -
4067 1366 4280 1420 Simler.
4321 1368 4446 1422 vot
4482 1339 4590 1435 sd.)

2942 1536 3118 1604 Vere
3161 1559 3400 1623 magno
3444 1539 3585 1604 viro
3627 1537 3713 1603 D.
3757 1537 4140 1623 Heinrycho
4173 1538 4557 1622 Bullingero
4597 1537 4702 1603 do·

2772 1623 2952 1687 mino
2996 1643 3113 1690 suo
3161 1624 3471 1707 bonisque
3514 1621 3814 1689 omnibus
3857 1624 4306 1691 colendissimo
4404 1709 4418 1723 ⁸

2943 1845 3016 1912 S.
3087 1846 3449 1928 Exemplar
3491 1847 3744 1913 consilii
3787 1856 3855 1912 et
3896 1847 4254 1913 sententiae
4299 1856 4550 1914 vestrae
4591 1846 4702 1912 tibi

2772 1931 2997 1997 remisi
3036 1953 3158 2017 per
3213 1932 3602 2016 Veryerimm
3665 1954 3793 1998 una
3852 1953 4004 1999 cum
4060 1932 4267 1998 literis
4321 1933 4486 1998 meis
4523 1931 4600 1996 ad
4640 1942 4699 1998 te

2773 2017 3050 2100 scriptis.
3139 2018 3443 2084 Alterum
3489 2039 3663 2095 vero,
3707 2019 4073 2084 Basiliense
4115 2018 4451 2097 nimirum,
4491 2018 4696 2083 statim

2772 2113 2849 2168 ut
2882 2101 3216 2186 descripsi,
3260 2104 3623 2188 siliginario
3651 2107 3702 2184 ¹)
3745 2104 4005 2170 cuidam
4039 2105 4122 2168 ad
4156 2112 4222 2169 te
4302 2101 4701 2170 erferendum

2774 2187 2939 2253 dedi.
3030 2188 3165 2255 Sed
3209 2210 3375 2267 ecee,
3422 2189 3639 2255 reddit
3682 2191 3738 2256 is
3781 2189 3945 2254 mihi
3993 2188 4218 2256 diebus
4314 2190 4327 2204 ‘
4381 2241 4398 2269 ,
4458 2209 4698 2255 asseve-

2772 2294 2927 2339 rans
2971 2284 3038 2340 et
3080 2295 3400 2341 excusans
3441 2275 3669 2341 multa.
3738 2277 3933 2341 Mitto
3979 2295 4134 2360 ergo
4176 2296 4369 2342 nunc.
4439 2276 4702 2359 Agimus

2771 2361 3037 2443 gratias,
3083 2360 3255 2444 quod
3299 2371 3433 2426 tam
3480 2361 3857 2427 humaniter
3900 2363 4190 2427 omnium
4234 2361 4547 2428 certiores
4589 2378 4699 2425 nos

2770 2444 3149 2511 reddideris.
3253 2445 3514 2514 Scimus
3571 2468 3826 2531 quoque
3880 2447 4292 2532 pestilentem
4353 2447 4539 2512 illum
4582 2444 4699 2512 Oa-

2770 2552 2919 2597 cum
2962 2553 3083 2598 suo
3123 2532 3304 2599 fumo
3346 2535 3617 2619 ignique
3660 2534 4085 2601 combustum.
4172 2533 4453 2601 Factum
4489 2530 4698 2599 lauda·

2769 2637 2936 2683 mus.

2944 2703 3048 2768 Ex
3094 2702 3298 2769 Ouria
3342 2705 3446 2771 die
3492 2711 3594 2770 20.
3643 2705 3808 2771 Nov.
3865 2709 4047 2770 1553.

3213 2842 3393 2907 'Duae
3434 2842 3861 2910 humanitatis
3904 2841 4256 2927 Philippus
4299 2841 4622 2910 Gallitius.

2985 2654 4701 2669 ——-——-—————————

3643 3387 3836 3460 1853.

3048 3541 3400 3609 GALVIN
3445 3543 3508 3608 A
3554 3543 3964 3612 MADAME
4006 3546 4134 3612 DE
4179 3544 4449 3613 PONS.

2940 3714 3006 3780 A
3051 3712 4696 3800 comasiondezamondesonmariparlaqudk

2766 3801 2877 3903 elle
2918 3821 2961 3866 a
3002 3800 3290 3867 reoouvre
3347 3819 3424 3867 sa
3466 3799 3674 3866 liberte
3724 3822 3801 3868 en
3853 3803 3981 3886 fait
4031 3803 4109 3869 de
4153 3803 4515 3886 profession
4566 3798 4697 3865 reli-

2762 3907 2991 3971 meuse.

2767 4058 2975 4128 (copie.
3013 4058 3155 4112 Bibl.
3190 4065 3302 4111 nat.
3341 4058 3473 4113 0011.
3508 4060 3718 4129 Dupuy.
3755 4059 3881 4115 Vol.
3914 4060 4029 4127 102,
4063 4062 4158 4114 fol.
4190 4059 4262 4114 43
4296 4076 4433 4115 avec
4465 4061 4520 4114 la
4548 4062 4690 4115 noto:

2765 4127 2868 4195 „A
2901 4126 3322 4182 Madamiaelle
3351 4125 3421 4181 de
3455 4126 3638 4197 Pons,
3682 4127 4002 4185 dammam
4032 4145 4104 4184 en
4134 4130 4442 4198 Brutoque,
4489 4124 4697 4198 laquelle

2766 4195 3981 4321 graavmr‘lonytempsmmaltrmeue'
4023 4198 4238 4254 deson
4476 4197 4692 4252 ὰαιακ

2866 4264 4135 4335 ΙαΒάίρίοοι,Ι>ίοιιῐάυοίιᾶἅίυνὲοᾶοῑα
4321 4267 4334 4280 “
4502 4264 4687 4321 dem

2766 4350 2944 4405 παι-ῃ,
2977 4336 3078 4404 qui
3097 4336 3477 4390 estoctmortf‘
3534 4338 4001 4477 BerlipezllgeJtres
4035 4337 4102 4391 fr.
4127 4338 4169 4390 1.
4188 4335 4309 4392 410.
4366 4336 4528 4391 'Pl-ad.
4560 4334 4687 4403 πει

2938 4574 3426 4642 Madamoiselle
3468 4585 3533 4640 et
3576 4576 3790 4642 bonne
3833 4598 4000 4657 seur,
4047 4577 4105 4643 si
4138 4576 4315 4643 Dieu
4359 4599 4523 4643 vous
4562 4582 4691 4641 eust

2767 4659 2982 4726 donne
3025 4683 3114 4726 un
3159 4682 3352 4746 mary
3409 4662 3524 4744 qui
3569 4682 3737 4729 vous
3790 4660 3942 4729 'eust
3995 4671 4132 4729 este
4186 4663 4394 4748 loyal,
4454 4671 4518 4729 et
4557 4668 4687 4727 eust

2768 4766 2966 4813 vescu
3011 4767 3094 4811 en
3140 4747 3354 4812 bonne
3389 4747 3705 4813 concorde
3738 4768 3895 4814 avec
3929 4770 4106 4826 vous,
4151 4749 4203 4813 il
4243 4751 4447 4816 seroit
4488 4747 4686 4815 besoin

2759 4833 2848 4898 de
2897 4854 3062 4899 vous
3118 4833 3414 4899 consoler
3466 4833 3879 4899 maintenant
3897 4886 3911 4913 ‚
3967 4844 4034 4901 et
4088 4855 4253 4902 vous
4309 4836 4608 4902 exhorter
4652 4852 4686 4895 a

2767 4920 3079 5000 patience.
3166 4919 3337 4984 Mais
3379 4920 3530 5002 puis
3581 4939 3709 5003 que
3750 4919 3940 5004 celuy
3985 4921 4097 5003 qui
4138 4942 4303 4987 vous
4348 4920 4563 4987 devoit
4598 4928 4684 4982 te-

2765 5006 2874 5069 nir
2917 5006 3091 5070 aussi
3135 5005 3514 5070 cherement
3555 5026 3681 5088 que
3722 5005 3788 5071 la
3831 5006 4054 5072 moitis
4106 5006 4188 5072 de
4245 5028 4323 5073 sa
4363 5023 4683 5090 personne,

2764 5295 2943 5420 1263
2971 5296 3027 5362 1)
3062 5298 3264 5365 pistori
3309 5312 3381 5352 sc.
3426 5298 3541 5352 sive
3585 5298 3898 5353 mereator-i.-
3943 5298 4104 5367 m‘le‘qo
4153 5299 4297 5369 mg·
4331 5302 4413 5355 est
4439 5292 4683 5363 frumenti

2763 5384 2800 5434 9
2938 5407 2950 5420 .
