<?xml version="1.0" encoding="UTF-8"?>
<!DOCTYPE html PUBLIC "-//W3C//DTD XHTML 1.0 Transitional//EN"
    "http://www.w3.org/TR/xhtml1/DTD/xhtml1-transitional.dtd">
<html xmlns="http://www.w3.org/1999/xhtml" xml:lang="en" lang="en">
 <head>
  <title>
</title>
<meta http-equiv="Content-Type" content="text/html;charset=utf-8" />
  <meta name='ocr-system' content='tesseract 3.04.00' />
  <meta name='ocr-capabilities' content='ocr_page ocr_carea ocr_par ocr_line ocrx_word'/>
</head>
<body>
  <div class='ocr_page' id='page_1' title='image "./ioanniscalvinio03unkngoog_0152.png"; bbox 0 0 4900 6167; ppageno 0'>
   <div class='ocr_carea' id='block_1_1' title="bbox 724 400 850 464">
    <p class='ocr_par' dir='ltr' id='par_1_1' title="bbox 724 400 850 464">
     <span class='ocr_line' id='line_1_1' title="bbox 724 400 850 464; baseline 0.016 -2"><span class='ocrx_word' id='word_1_1' title='bbox 724 400 850 464; x_wconf 78' lang='lat'><strong>279</strong></span> 
     </span>
    </p>
   </div>
   <div class='ocr_carea' id='block_1_2' title="bbox 708 577 2676 5036">
    <p class='ocr_par' dir='ltr' id='par_1_2' title="bbox 708 577 2676 5036">
     <span class='ocr_line' id='line_1_2' title="bbox 722 577 2674 665; baseline -0.003 -14"><span class='ocrx_word' id='word_1_2' title='bbox 722 584 835 651; x_wconf 86' lang='lat' dir='ltr'><strong>dio</strong></span> <span class='ocrx_word' id='word_1_3' title='bbox 877 582 1181 649; x_wconf 90' lang='lat' dir='ltr'><strong>omnibus</strong></span> <span class='ocrx_word' id='word_1_4' title='bbox 1222 581 1439 665; x_wconf 83' lang='lat' dir='ltr'><strong>posita</strong></span> <span class='ocrx_word' id='word_1_5' title='bbox 1489 580 1578 645; x_wconf 80' lang='lat' dir='ltr'><strong>sit</strong></span> <span class='ocrx_word' id='word_1_6' title='bbox 1640 579 2034 645; x_wconf 86' lang='lat' dir='ltr'><strong>obtinendae</strong></span> <span class='ocrx_word' id='word_1_7' title='bbox 2090 578 2321 646; x_wconf 81' lang='lat' dir='ltr'><strong>salutis</strong></span> <span class='ocrx_word' id='word_1_8' title='bbox 2375 577 2674 646; x_wconf 74' lang='lat' dir='ltr'><strong>facultas.</strong></span> 
     </span>
     <span class='ocr_line' id='line_1_3' title="bbox 714 663 2676 751; baseline -0.003 -14"><span class='ocrx_word' id='word_1_9' title='bbox 714 669 873 737; x_wconf 80' lang='lat' dir='ltr'><strong>Hoc</strong></span> <span class='ocrx_word' id='word_1_10' title='bbox 924 666 1121 734; x_wconf 90' lang='lat' dir='ltr'><strong>modo</strong></span> <span class='ocrx_word' id='word_1_11' title='bbox 1163 673 1373 732; x_wconf 85' lang='lat' dir='ltr'><strong>totam</strong></span> <span class='ocrx_word' id='word_1_12' title='bbox 1416 665 2082 748; x_wconf 75' lang='lat' dir='ltr'><strong>praedestinationem</strong></span> <span class='ocrx_word' id='word_1_13' title='bbox 2123 666 2209 732; x_wconf 88' lang='lat' dir='ltr'><strong>ab</strong></span> <span class='ocrx_word' id='word_1_14' title='bbox 2267 663 2414 747; x_wconf 84' lang='lat' dir='ltr'><strong>ipsa</strong></span> <span class='ocrx_word' id='word_1_15' title='bbox 2455 663 2676 751; x_wconf 76' lang='lat' dir='ltr'><strong>radice</strong></span> 
     </span>
     <span class='ocr_line' id='line_1_4' title="bbox 720 748 2675 833; baseline -0.004 -10"><span class='ocrx_word' id='word_1_16' title='bbox 720 753 1002 823; x_wconf 80' lang='lat' dir='ltr'><strong>convelli</strong></span> <span class='ocrx_word' id='word_1_17' title='bbox 1043 750 1258 818; x_wconf 83' lang='lat' dir='ltr'><strong>vides:</strong></span> <span class='ocrx_word' id='word_1_18' title='bbox 1304 751 1508 818; x_wconf 87' lang='lat' dir='ltr'><strong>statui</strong></span> <span class='ocrx_word' id='word_1_19' title='bbox 1550 749 1831 817; x_wconf 89' lang='lat' dir='ltr'><strong>liberum</strong></span> <span class='ocrx_word' id='word_1_20' title='bbox 1876 751 2241 830; x_wconf 74' lang='lat' dir='ltr'><strong>arbitrium,</strong></span> <span class='ocrx_word' id='word_1_21' title='bbox 2285 748 2458 833; x_wconf 90' lang='lat' dir='ltr'><strong>quod</strong></span> <span class='ocrx_word' id='word_1_22' title='bbox 2500 748 2675 816; x_wconf 86' lang='lat' dir='ltr'><strong>salu-</strong></span> 
     </span>
     <span class='ocr_line' id='line_1_5' title="bbox 720 835 2676 922; baseline -0.003 -15"><span class='ocrx_word' id='word_1_23' title='bbox 720 848 855 908; x_wconf 85' lang='lat' dir='ltr'><strong>tem</strong></span> <span class='ocrx_word' id='word_1_24' title='bbox 928 839 1147 922; x_wconf 88' lang='lat' dir='ltr'><strong>aliqua</strong></span> <span class='ocrx_word' id='word_1_25' title='bbox 1208 857 1291 904; x_wconf 79' lang='lat' dir='ltr'><strong>ex</strong></span> <span class='ocrx_word' id='word_1_26' title='bbox 1441 846 1542 902; x_wconf 88' lang='lat' dir='ltr'><strong>rte</strong></span> <span class='ocrx_word' id='word_1_27' title='bbox 1616 835 1803 903; x_wconf 91' lang='lat' dir='ltr'><strong>nobis</strong></span> <span class='ocrx_word' id='word_1_28' title='bbox 1858 837 2167 920; x_wconf 86' lang='lat' dir='ltr'><strong>acquirat.</strong></span> <span class='ocrx_word' id='word_1_29' title='bbox 2264 837 2489 921; x_wconf 84' lang='lat' dir='ltr'><strong>Atque</strong></span> <span class='ocrx_word' id='word_1_30' title='bbox 2550 836 2676 902; x_wconf 92' lang='lat' dir='ltr'><strong>hoc</strong></span> 
     </span>
     <span class='ocr_line' id='line_1_6' title="bbox 719 921 2674 1010; baseline -0.003 -17"><span class='ocrx_word' id='word_1_31' title='bbox 719 927 869 1010; x_wconf 88' lang='lat' dir='ltr'><strong>plus</strong></span> <span class='ocrx_word' id='word_1_32' title='bbox 912 945 1113 1009; x_wconf 87' lang='lat' dir='ltr'><strong>quam</strong></span> <span class='ocrx_word' id='word_1_33' title='bbox 1154 923 1362 990; x_wconf 86' lang='lat' dir='ltr'><strong>ridicu</strong></span> <span class='ocrx_word' id='word_1_34' title='bbox 1393 943 1505 989; x_wconf 88' lang='lat' dir='ltr'><strong>um</strong></span> <span class='ocrx_word' id='word_1_35' title='bbox 1547 932 1666 1002; x_wconf 90' lang='lat' dir='ltr'><strong>est,</strong></span> <span class='ocrx_word' id='word_1_36' title='bbox 1711 922 1884 1006; x_wconf 89' lang='lat' dir='ltr'><strong>quod</strong></span> <span class='ocrx_word' id='word_1_37' title='bbox 1926 922 2351 1006; x_wconf 69' lang='lat' dir='ltr'><strong>Hieronymus</strong></span> <span class='ocrx_word' id='word_1_38' title='bbox 2391 921 2674 987; x_wconf 90' lang='lat' dir='ltr'><strong>liberum</strong></span> 
     </span>
     <span class='ocr_line' id='line_1_7' title="bbox 719 1005 2674 1089; baseline -0.003 -12"><span class='ocrx_word' id='word_1_39' title='bbox 719 1012 1064 1079; x_wconf 83' lang='lat' dir='ltr'><strong>arbitrium</strong></span> <span class='ocrx_word' id='word_1_40' title='bbox 1106 1009 1437 1076; x_wconf 86' lang='lat' dir='ltr'><strong>confessus</strong></span> <span class='ocrx_word' id='word_1_41' title='bbox 1492 1027 1533 1072; x_wconf 91' lang='lat' dir='ltr'><strong>a</strong></span> <span class='ocrx_word' id='word_1_42' title='bbox 1583 1008 1801 1075; x_wconf 85' lang='lat' dir='ltr'><strong>meriti</strong></span> <span class='ocrx_word' id='word_1_43' title='bbox 1857 1028 2016 1074; x_wconf 81' lang='lat' dir='ltr'><strong>voce</strong></span> <span class='ocrx_word' id='word_1_44' title='bbox 2049 1007 2382 1074; x_wconf 82' lang='lat' dir='ltr'><strong>abhorret.</strong></span> <span class='ocrx_word' id='word_1_45' title='bbox 2473 1005 2674 1089; x_wconf 80' lang='lat' dir='ltr'><strong>Quis-</strong></span> 
     </span>
     <span class='ocr_line' id='line_1_8' title="bbox 718 1090 2672 1183; baseline -0.003 -19"><span class='ocrx_word' id='word_1_46' title='bbox 718 1099 886 1183; x_wconf 85' lang='lat' dir='ltr'><strong>quis·</strong></span> <span class='ocrx_word' id='word_1_47' title='bbox 910 1096 1088 1162; x_wconf 92' lang='lat' dir='ltr'><strong>enim</strong></span> <span class='ocrx_word' id='word_1_48' title='bbox 1145 1092 1290 1160; x_wconf 92' lang='lat' dir='ltr'><strong>ideo</strong></span> <span class='ocrx_word' id='word_1_49' title='bbox 1334 1101 1640 1161; x_wconf 87' lang='lat' dir='ltr'><strong>censetur</strong></span> <span class='ocrx_word' id='word_1_50' title='bbox 1694 1095 1764 1160; x_wconf 91' lang='lat' dir='ltr'><strong>in</strong></span> <span class='ocrx_word' id='word_1_51' title='bbox 1807 1092 1938 1161; x_wconf 89' lang='lat' dir='ltr'><strong>Dei</strong></span> <span class='ocrx_word' id='word_1_52' title='bbox 1974 1093 2128 1160; x_wconf 90' lang='lat' dir='ltr'><strong>filiis</strong></span> <span class='ocrx_word' id='word_1_53' title='bbox 2143 1144 2161 1173; x_wconf 99' lang='lat'><strong>,</strong></span> <span class='ocrx_word' id='word_1_54' title='bbox 2217 1093 2373 1177; x_wconf 88' lang='lat' dir='ltr'><strong>quia</strong></span> <span class='ocrx_word' id='word_1_55' title='bbox 2416 1090 2672 1159; x_wconf 85' lang='lat' dir='ltr'><strong>oblatae</strong></span> 
     </span>
     <span class='ocr_line' id='line_1_9' title="bbox 720 1178 2671 1265; baseline -0.003 -15"><span class='ocrx_word' id='word_1_56' title='bbox 720 1183 848 1251; x_wconf 90' lang='lat' dir='ltr'><strong>sibi</strong></span> <span class='ocrx_word' id='word_1_57' title='bbox 892 1180 1258 1264; x_wconf 89' lang='lat' dir='ltr'><strong>adoptionis</strong></span> <span class='ocrx_word' id='word_1_58' title='bbox 1303 1180 1554 1265; x_wconf 88' lang='lat' dir='ltr'><strong>gratiae</strong></span> <span class='ocrx_word' id='word_1_59' title='bbox 1595 1199 1668 1245; x_wconf 89' lang='lat' dir='ltr'><strong>se</strong></span> <span class='ocrx_word' id='word_1_60' title='bbox 1721 1181 1970 1263; x_wconf 82' lang='lat' dir='ltr'><strong>aptavit</strong></span> <span class='ocrx_word' id='word_1_61' title='bbox 1985 1231 2001 1259; x_wconf 91' lang='lat'><strong>,</strong></span> <span class='ocrx_word' id='word_1_62' title='bbox 2066 1178 2389 1264; x_wconf 87' lang='lat' dir='ltr'><strong>quomodo</strong></span> <span class='ocrx_word' id='word_1_63' title='bbox 2433 1178 2671 1245; x_wconf 87' lang='lat' dir='ltr'><strong>merito</strong></span> 
     </span>
     <span class='ocr_line' id='line_1_10' title="bbox 716 1264 2672 1354; baseline -0.004 -17"><span class='ocrx_word' id='word_1_64' title='bbox 716 1267 1099 1354; x_wconf 85' lang='lat' dir='ltr'><strong>spoliandus</strong></span> <span class='ocrx_word' id='word_1_65' title='bbox 1144 1264 1289 1331; x_wconf 78' lang='lat' dir='ltr'><strong>est?</strong></span> <span class='ocrx_word' id='word_1_66' title='bbox 1377 1265 1577 1332; x_wconf 90' lang='lat' dir='ltr'><strong>Hunc</strong></span> <span class='ocrx_word' id='word_1_67' title='bbox 1619 1264 1746 1331; x_wconf 84' lang='lat' dir='ltr'><strong>sibi</strong></span> <span class='ocrx_word' id='word_1_68' title='bbox 1789 1286 2055 1332; x_wconf 88' lang='lat' dir='ltr'><strong>sensum</strong></span> <span class='ocrx_word' id='word_1_69' title='bbox 2071 1316 2089 1345; x_wconf 94' lang='lat'><strong>,</strong></span> <span class='ocrx_word' id='word_1_70' title='bbox 2149 1265 2254 1331; x_wconf 84' lang='lat' dir='ltr'><strong>vel</strong></span> <span class='ocrx_word' id='word_1_71' title='bbox 2289 1264 2504 1348; x_wconf 90' lang='lat' dir='ltr'><strong>potius</strong></span> <span class='ocrx_word' id='word_1_72' title='bbox 2546 1264 2672 1330; x_wconf 91' lang='lat' dir='ltr'><strong>hoc</strong></span> 
     </span>
     <span class='ocr_line' id='line_1_11' title="bbox 714 1350 2670 1434; baseline -0.003 -12"><span class='ocrx_word' id='word_1_73' title='bbox 714 1375 789 1422; x_wconf 88' lang='lat' dir='ltr'><strong>se</strong></span> <span class='ocrx_word' id='word_1_74' title='bbox 833 1353 1062 1420; x_wconf 89' lang='lat' dir='ltr'><strong>delirio</strong></span> <span class='ocrx_word' id='word_1_75' title='bbox 1105 1351 1496 1434; x_wconf 89' lang='lat' dir='ltr'><strong>implicitum</strong></span> <span class='ocrx_word' id='word_1_76' title='bbox 1539 1353 1748 1417; x_wconf 88' lang='lat' dir='ltr'><strong>teneri</strong></span> <span class='ocrx_word' id='word_1_77' title='bbox 1767 1402 1782 1429; x_wconf 91' lang='lat'><strong>,</strong></span> <span class='ocrx_word' id='word_1_78' title='bbox 1836 1354 1968 1418; x_wconf 90' lang='lat' dir='ltr'><strong>iam</strong></span> <span class='ocrx_word' id='word_1_79' title='bbox 2026 1352 2185 1417; x_wconf 90' lang='lat' dir='ltr'><strong>satis</strong></span> <span class='ocrx_word' id='word_1_80' title='bbox 2229 1350 2411 1434; x_wconf 89' lang='lat' dir='ltr'><strong>prius</strong></span> <span class='ocrx_word' id='word_1_81' title='bbox 2449 1359 2670 1417; x_wconf 86' lang='lat' dir='ltr'><strong>oston-</strong></span> 
     </span>
     <span class='ocr_line' id='line_1_12' title="bbox 716 1435 2670 1521; baseline -0.002 -15"><span class='ocrx_word' id='word_1_82' title='bbox 716 1442 937 1507; x_wconf 85' lang='lat' dir='ltr'><strong>derat:</strong></span> <span class='ocrx_word' id='word_1_83' title='bbox 998 1436 1115 1505; x_wconf 90' lang='lat' dir='ltr'><strong>sed</strong></span> <span class='ocrx_word' id='word_1_84' title='bbox 1157 1458 1367 1521; x_wconf 84' lang='lat' dir='ltr'><strong>nuper</strong></span> <span class='ocrx_word' id='word_1_85' title='bbox 1409 1457 1640 1504; x_wconf 89' lang='lat' dir='ltr'><strong>rursus</strong></span> <span class='ocrx_word' id='word_1_86' title='bbox 1695 1436 1777 1503; x_wconf 90' lang='lat' dir='ltr'><strong>ad</strong></span> <span class='ocrx_word' id='word_1_87' title='bbox 1821 1458 1941 1503; x_wconf 88' lang='lat' dir='ltr'><strong>nos</strong></span> <span class='ocrx_word' id='word_1_88' title='bbox 1983 1438 2182 1502; x_wconf 74' lang='lat' dir='ltr'><strong>venit</strong></span> <span class='ocrx_word' id='word_1_89' title='bbox 2271 1435 2354 1502; x_wconf 93' lang='lat' dir='ltr'><strong>In</strong></span> <span class='ocrx_word' id='word_1_90' title='bbox 2408 1443 2670 1503; x_wconf 88' lang='lat' dir='ltr'><strong>coetum</strong></span> 
     </span>
     <span class='ocr_line' id='line_1_13' title="bbox 716 1521 2670 1606; baseline -0.003 -13"><span class='ocrx_word' id='word_1_91' title='bbox 716 1536 1017 1594; x_wconf 89' lang='lat' dir='ltr'><strong>nostrum</strong></span> <span class='ocrx_word' id='word_1_92' title='bbox 1048 1532 1338 1602; x_wconf 78' lang='lat' dir='ltr'><strong>vocatus,</strong></span> <span class='ocrx_word' id='word_1_93' title='bbox 1383 1522 1749 1590; x_wconf 82' lang='lat' dir='ltr'><strong>cavillando</strong></span> <span class='ocrx_word' id='word_1_94' title='bbox 1784 1523 1955 1588; x_wconf 89' lang='lat' dir='ltr'><strong>nihil</strong></span> <span class='ocrx_word' id='word_1_95' title='bbox 1989 1521 2283 1606; x_wconf 83' lang='lat' dir='ltr'><strong>profecit,</strong></span> <span class='ocrx_word' id='word_1_96' title='bbox 2323 1523 2482 1606; x_wconf 87' lang='lat' dir='ltr'><strong>quin</strong></span> <span class='ocrx_word' id='word_1_97' title='bbox 2518 1542 2670 1588; x_wconf 90' lang='lat' dir='ltr'><strong>eum</strong></span> 
     </span>
     <span class='ocr_line' id='line_1_14' title="bbox 717 1607 2670 1692; baseline -0.004 -13"><span class='ocrx_word' id='word_1_98' title='bbox 717 1633 800 1679; x_wconf 86' lang='lat' dir='ltr'><strong>ex</strong></span> <span class='ocrx_word' id='word_1_99' title='bbox 867 1612 1003 1679; x_wconf 88' lang='lat' dir='ltr'><strong>suis</strong></span> <span class='ocrx_word' id='word_1_100' title='bbox 1056 1608 1327 1676; x_wconf 88' lang='lat' dir='ltr'><strong>latebris</strong></span> <span class='ocrx_word' id='word_1_101' title='bbox 1388 1609 1458 1674; x_wconf 91' lang='lat' dir='ltr'><strong>in</strong></span> <span class='ocrx_word' id='word_1_102' title='bbox 1526 1609 1741 1676; x_wconf 88' lang='lat' dir='ltr'><strong>lucem</strong></span> <span class='ocrx_word' id='word_1_103' title='bbox 1811 1607 2279 1692; x_wconf 87' lang='lat' dir='ltr'><strong>protraherem.</strong></span> <span class='ocrx_word' id='word_1_104' title='bbox 2390 1608 2670 1674; x_wconf 81' lang='lat' dir='ltr'><strong>Praeter</strong></span> 
     </span>
     <span class='ocr_line' id='line_1_15' title="bbox 716 1691 2668 1782; baseline -0.004 -18"><span class='ocrx_word' id='word_1_105' title='bbox 716 1697 1087 1782; x_wconf 89' lang='lat' dir='ltr'><strong>quindecim</strong></span> <span class='ocrx_word' id='word_1_106' title='bbox 1130 1695 1314 1762; x_wconf 84' lang='lat' dir='ltr'><strong>verbi</strong></span> <span class='ocrx_word' id='word_1_107' title='bbox 1358 1694 1698 1762; x_wconf 83' lang='lat' dir='ltr'><strong>Ministros</strong></span> <span class='ocrx_word' id='word_1_108' title='bbox 1732 1693 2007 1760; x_wconf 89' lang='lat' dir='ltr'><strong>aderant</strong></span> <span class='ocrx_word' id='word_1_109' title='bbox 2045 1702 2113 1759; x_wconf 90' lang='lat' dir='ltr'><strong>et</strong></span> <span class='ocrx_word' id='word_1_110' title='bbox 2146 1694 2258 1759; x_wconf 87' lang='lat' dir='ltr'><strong>alii</strong></span> <span class='ocrx_word' id='word_1_111' title='bbox 2291 1701 2493 1760; x_wconf 87' lang='lat' dir='ltr'><strong>testes</strong></span> <span class='ocrx_word' id='word_1_112' title='bbox 2525 1691 2668 1758; x_wconf 89' lang='lat' dir='ltr'><strong>ido·</strong></span> 
     </span>
     <span class='ocr_line' id='line_1_16' title="bbox 714 1775 2667 1865; baseline -0.003 -15"><span class='ocrx_word' id='word_1_113' title='bbox 714 1786 841 1850; x_wconf 88' lang='lat' dir='ltr'><strong>nei.</strong></span> <span class='ocrx_word' id='word_1_114' title='bbox 940 1782 1203 1849; x_wconf 90' lang='lat' dir='ltr'><strong>Norunt</strong></span> <span class='ocrx_word' id='word_1_115' title='bbox 1260 1801 1513 1860; x_wconf 90' lang='lat' dir='ltr'><strong>omnes,</strong></span> <span class='ocrx_word' id='word_1_116' title='bbox 1568 1782 1623 1847; x_wconf 91' lang='lat' dir='ltr'><strong>si</strong></span> <span class='ocrx_word' id='word_1_117' title='bbox 1672 1781 1778 1846; x_wconf 89' lang='lat' dir='ltr'><strong>vel</strong></span> <span class='ocrx_word' id='word_1_118' title='bbox 1832 1799 2034 1846; x_wconf 90' lang='lat' dir='ltr'><strong>unam</strong></span> <span class='ocrx_word' id='word_1_119' title='bbox 2087 1775 2356 1865; x_wconf 82' lang='lat' dir='ltr'><strong>pudoris</strong></span> <span class='ocrx_word' id='word_1_120' title='bbox 2411 1786 2667 1865; x_wconf 86' lang='lat' dir='ltr'><strong>guttam</strong></span> 
     </span>
     <span class='ocr_line' id='line_1_17' title="bbox 714 1865 2665 1952; baseline -0.004 -16"><span class='ocrx_word' id='word_1_121' title='bbox 714 1869 1065 1946; x_wconf 74' lang='lat' dir='ltr'><strong>habuisset,</strong></span> <span class='ocrx_word' id='word_1_122' title='bbox 1112 1866 1398 1952; x_wconf 88' lang='lat' dir='ltr'><strong>potuisse</strong></span> <span class='ocrx_word' id='word_1_123' title='bbox 1432 1869 1656 1933; x_wconf 89' lang='lat' dir='ltr'><strong>statim</strong></span> <span class='ocrx_word' id='word_1_124' title='bbox 1692 1866 1775 1931; x_wconf 91' lang='lat' dir='ltr'><strong>ad</strong></span> <span class='ocrx_word' id='word_1_125' title='bbox 1810 1885 2040 1931; x_wconf 83' lang='lat' dir='ltr'><strong>sanam</strong></span> <span class='ocrx_word' id='word_1_126' title='bbox 2074 1874 2363 1931; x_wconf 89' lang='lat' dir='ltr'><strong>mentem</strong></span> <span class='ocrx_word' id='word_1_127' title='bbox 2398 1865 2665 1932; x_wconf 79' lang='lat' dir='ltr'><strong>reverti.</strong></span> 
     </span>
     <span class='ocr_line' id='line_1_18' title="bbox 712 1950 2667 2037; baseline -0.003 -15"><span class='ocrx_word' id='word_1_128' title='bbox 712 1955 853 2022; x_wconf 81' lang='lat' dir='ltr'><strong>Sed</strong></span> <span class='ocrx_word' id='word_1_129' title='bbox 916 1955 1107 2020; x_wconf 86' lang='lat' dir='ltr'><strong>initio</strong></span> <span class='ocrx_word' id='word_1_130' title='bbox 1172 1952 1534 2037; x_wconf 86' lang='lat' dir='ltr'><strong>puerilibus</strong></span> <span class='ocrx_word' id='word_1_131' title='bbox 1598 1950 1853 2018; x_wconf 77' lang='lat' dir='ltr'><strong>cavillis</strong></span> <span class='ocrx_word' id='word_1_132' title='bbox 1915 1950 2211 2018; x_wconf 86' lang='lat' dir='ltr'><strong>ludebat:</strong></span> <span class='ocrx_word' id='word_1_133' title='bbox 2291 1950 2407 2016; x_wconf 88' lang='lat' dir='ltr'><strong>sed</strong></span> <span class='ocrx_word' id='word_1_134' title='bbox 2474 1951 2667 2017; x_wconf 90' lang='lat' dir='ltr'><strong>tertio</strong></span> 
     </span>
     <span class='ocr_line' id='line_1_19' title="bbox 713 2036 2663 2123; baseline -0.003 -17"><span class='ocrx_word' id='word_1_135' title='bbox 713 2041 916 2108; x_wconf 81' lang='lat' dir='ltr'><strong>verbo</strong></span> <span class='ocrx_word' id='word_1_136' title='bbox 973 2060 1173 2123; x_wconf 89' lang='lat' dir='ltr'><strong>quum</strong></span> <span class='ocrx_word' id='word_1_137' title='bbox 1227 2048 1639 2122; x_wconf 83' lang='lat' dir='ltr'><strong>premeretur</strong></span> <span class='ocrx_word' id='word_1_138' title='bbox 1656 2089 1671 2115; x_wconf 93' lang='lat'><strong>,</strong></span> <span class='ocrx_word' id='word_1_139' title='bbox 1746 2037 2029 2102; x_wconf 82' lang='lat' dir='ltr'><strong>frontem</strong></span> <span class='ocrx_word' id='word_1_140' title='bbox 2094 2038 2357 2122; x_wconf 88' lang='lat' dir='ltr'><strong>penitus</strong></span> <span class='ocrx_word' id='word_1_141' title='bbox 2413 2036 2663 2102; x_wconf 87' lang='lat' dir='ltr'><strong>abiecit.</strong></span> 
     </span>
     <span class='ocr_line' id='line_1_20' title="bbox 714 2123 2664 2207; baseline -0.005 -13"><span class='ocrx_word' id='word_1_142' title='bbox 714 2124 1010 2194; x_wconf 79' lang='lat' dir='ltr'><strong>Subinde</strong></span> <span class='ocrx_word' id='word_1_143' title='bbox 1053 2126 1229 2191; x_wconf 90' lang='lat' dir='ltr'><strong>enim</strong></span> <span class='ocrx_word' id='word_1_144' title='bbox 1272 2123 1442 2207; x_wconf 90' lang='lat' dir='ltr'><strong>quod</strong></span> <span class='ocrx_word' id='word_1_145' title='bbox 1490 2124 1590 2188; x_wconf 91' lang='lat' dir='ltr'><strong>bis</strong></span> <span class='ocrx_word' id='word_1_146' title='bbox 1632 2131 1701 2189; x_wconf 89' lang='lat' dir='ltr'><strong>et</strong></span> <span class='ocrx_word' id='word_1_147' title='bbox 1753 2130 1855 2188; x_wconf 89' lang='lat' dir='ltr'><strong>ter</strong></span> <span class='ocrx_word' id='word_1_148' title='bbox 1896 2131 2331 2200; x_wconf 74' lang='lat' dir='ltr'><strong>concesserat,</strong></span> <span class='ocrx_word' id='word_1_149' title='bbox 2390 2140 2664 2207; x_wconf 85' lang='lat' dir='ltr'><strong>negare:</strong></span> 
     </span>
     <span class='ocr_line' id='line_1_21' title="bbox 711 2207 2668 2297; baseline -0.003 -18"><span class='ocrx_word' id='word_1_150' title='bbox 711 2211 883 2296; x_wconf 91' lang='lat' dir='ltr'><strong>quod</strong></span> <span class='ocrx_word' id='word_1_151' title='bbox 927 2219 1286 2297; x_wconf 80' lang='lat' dir='ltr'><strong>negaverat</strong></span> <span class='ocrx_word' id='word_1_152' title='bbox 1301 2260 1319 2288; x_wconf 89' lang='lat'><strong>,</strong></span> <span class='ocrx_word' id='word_1_153' title='bbox 1377 2229 1608 2274; x_wconf 88' lang='lat' dir='ltr'><strong>rursus</strong></span> <span class='ocrx_word' id='word_1_154' title='bbox 1651 2207 2034 2276; x_wconf 88' lang='lat' dir='ltr'><strong>concedere:</strong></span> <span class='ocrx_word' id='word_1_155' title='bbox 2094 2208 2404 2276; x_wconf 81' lang='lat' dir='ltr'><strong>vacillare</strong></span> <span class='ocrx_word' id='word_1_156' title='bbox 2447 2228 2489 2273; x_wconf 92' lang='lat' dir='ltr'><strong>a</strong></span> <span class='ocrx_word' id='word_1_157' title='bbox 2526 2208 2668 2273; x_wconf 90' lang='lat' dir='ltr'><strong>suis</strong></span> 
     </span>
     <span class='ocr_line' id='line_1_22' title="bbox 710 2293 2669 2451; baseline -0.004 0"><span class='ocrx_word' id='word_1_158' title='bbox 710 2293 2669 2451; x_wconf 49' lang='lat' dir='ltr'><strong>ffifftiizossffidssstssssffmss32⁶⁶‘34e0ffiz221‘12‘11123</strong></span> 
     </span>
     <span class='ocr_line' id='line_1_23' title="bbox 716 2464 2668 2555; baseline -0.003 -18"><span class='ocrx_word' id='word_1_159' title='bbox 716 2470 947 2555; x_wconf 87' lang='lat' dir='ltr'><strong>potuit.</strong></span> <span class='ocrx_word' id='word_1_160' title='bbox 1047 2467 1195 2532; x_wconf 88' lang='lat' dir='ltr'><strong>Nisi</strong></span> <span class='ocrx_word' id='word_1_161' title='bbox 1254 2466 1429 2532; x_wconf 90' lang='lat' dir='ltr'><strong>enim</strong></span> <span class='ocrx_word' id='word_1_162' title='bbox 1488 2473 1731 2532; x_wconf 88' lang='lat' dir='ltr'><strong>tractos</strong></span> <span class='ocrx_word' id='word_1_163' title='bbox 1785 2486 1824 2530; x_wconf 83' lang='lat' dir='ltr'><strong>a</strong></span> <span class='ocrx_word' id='word_1_164' title='bbox 1875 2473 2060 2549; x_wconf 90' lang='lat' dir='ltr'><strong>patre</strong></span> <span class='ocrx_word' id='word_1_165' title='bbox 2116 2465 2347 2544; x_wconf 80' lang='lat' dir='ltr'><strong>fuisse,</strong></span> <span class='ocrx_word' id='word_1_166' title='bbox 2413 2467 2522 2549; x_wconf 93' lang='lat' dir='ltr'><strong>qui</strong></span> <span class='ocrx_word' id='word_1_167' title='bbox 2583 2464 2668 2531; x_wconf 88' lang='lat' dir='ltr'><strong>ad</strong></span> 
     </span>
     <span class='ocr_line' id='line_1_24' title="bbox 717 2551 2669 2635; baseline -0.004 -12"><span class='ocrx_word' id='word_1_168' title='bbox 717 2556 1062 2623; x_wconf 84' lang='lat' dir='ltr'><strong>Christum</strong></span> <span class='ocrx_word' id='word_1_169' title='bbox 1121 2553 1427 2629; x_wconf 83' lang='lat' dir='ltr'><strong>veniunt,</strong></span> <span class='ocrx_word' id='word_1_170' title='bbox 1488 2551 1774 2617; x_wconf 84' lang='lat' dir='ltr'><strong>fatemur</strong></span> <span class='ocrx_word' id='word_1_171' title='bbox 1796 2602 1812 2630; x_wconf 91' lang='lat'><strong>,</strong></span> <span class='ocrx_word' id='word_1_172' title='bbox 1870 2558 1939 2616; x_wconf 92' lang='lat' dir='ltr'><strong>et</strong></span> <span class='ocrx_word' id='word_1_173' title='bbox 1994 2552 2117 2617; x_wconf 90' lang='lat' dir='ltr'><strong>hoc</strong></span> <span class='ocrx_word' id='word_1_174' title='bbox 2155 2552 2482 2635; x_wconf 87' lang='lat' dir='ltr'><strong>peculiare</strong></span> <span class='ocrx_word' id='word_1_175' title='bbox 2524 2571 2669 2619; x_wconf 88' lang='lat' dir='ltr'><strong>esse</strong></span> 
     </span>
     <span class='ocr_line' id='line_1_25' title="bbox 718 2636 2669 2721; baseline -0.004 -12"><span class='ocrx_word' id='word_1_176' title='bbox 718 2664 751 2709; x_wconf 92' lang='lat' dir='ltr'><strong>s</strong></span> <span class='ocrx_word' id='word_1_177' title='bbox 797 2641 990 2706; x_wconf 87' lang='lat' dir='ltr'><strong>iritus</strong></span> <span class='ocrx_word' id='word_1_178' title='bbox 1034 2637 1241 2703; x_wconf 87' lang='lat' dir='ltr'><strong>sancti</strong></span> <span class='ocrx_word' id='word_1_179' title='bbox 1279 2656 1442 2719; x_wconf 90' lang='lat' dir='ltr'><strong>opus</strong></span> <span class='ocrx_word' id='word_1_180' title='bbox 1475 2637 1544 2702; x_wconf 94' lang='lat' dir='ltr'><strong>in</strong></span> <span class='ocrx_word' id='word_1_181' title='bbox 1582 2636 1832 2703; x_wconf 87' lang='lat' dir='ltr'><strong>electis:</strong></span> <span class='ocrx_word' id='word_1_182' title='bbox 1877 2637 1990 2703; x_wconf 80' lang='lat' dir='ltr'><strong>vel</strong></span> <span class='ocrx_word' id='word_1_183' title='bbox 2031 2658 2258 2704; x_wconf 89' lang='lat' dir='ltr'><strong>omnes</strong></span> <span class='ocrx_word' id='word_1_184' title='bbox 2300 2639 2669 2721; x_wconf 88' lang='lat' dir='ltr'><strong>promiscue</strong></span> 
     </span>
     <span class='ocr_line' id='line_1_26' title="bbox 717 2721 2667 2798; baseline -0.002 -6"><span class='ocrx_word' id='word_1_185' title='bbox 717 2748 753 2792; x_wconf 91' lang='lat' dir='ltr'><strong>e</strong></span> <span class='ocrx_word' id='word_1_186' title='bbox 780 2734 957 2792; x_wconf 88' lang='lat' dir='ltr'><strong>ectos</strong></span> <span class='ocrx_word' id='word_1_187' title='bbox 1000 2742 1142 2790; x_wconf 89' lang='lat' dir='ltr'><strong>esse</strong></span> <span class='ocrx_word' id='word_1_188' title='bbox 1185 2730 1457 2798; x_wconf 85' lang='lat' dir='ltr'><strong>constat,</strong></span> <span class='ocrx_word' id='word_1_189' title='bbox 1509 2721 1611 2788; x_wconf 83' lang='lat' dir='ltr'><strong>vel</strong></span> <span class='ocrx_word' id='word_1_190' title='bbox 1651 2744 1918 2790; x_wconf 86' lang='lat' dir='ltr'><strong>causam</strong></span> <span class='ocrx_word' id='word_1_191' title='bbox 1961 2722 2291 2790; x_wconf 87' lang='lat' dir='ltr'><strong>electionis</strong></span> <span class='ocrx_word' id='word_1_192' title='bbox 2334 2724 2401 2789; x_wconf 92' lang='lat' dir='ltr'><strong>in</strong></span> <span class='ocrx_word' id='word_1_193' title='bbox 2447 2724 2667 2788; x_wconf 88' lang='lat' dir='ltr'><strong>cuius-</strong></span> 
     </span>
     <span class='ocr_line' id='line_1_27' title="bbox 716 2806 2666 2897; baseline -0.003 -19"><span class='ocrx_word' id='word_1_194' title='bbox 716 2832 845 2897; x_wconf 87' lang='lat' dir='ltr'><strong>que</strong></span> <span class='ocrx_word' id='word_1_195' title='bbox 899 2809 1135 2875; x_wconf 90' lang='lat' dir='ltr'><strong>merito</strong></span> <span class='ocrx_word' id='word_1_196' title='bbox 1189 2808 1384 2874; x_wconf 82' lang='lat' dir='ltr'><strong>sitam</strong></span> <span class='ocrx_word' id='word_1_197' title='bbox 1429 2827 1593 2873; x_wconf 90' lang='lat' dir='ltr'><strong>esse.</strong></span> <span class='ocrx_word' id='word_1_198' title='bbox 1680 2806 1761 2874; x_wconf 85' lang='lat' dir='ltr'><strong>Si</strong></span> <span class='ocrx_word' id='word_1_199' title='bbox 1804 2808 2278 2892; x_wconf 87' lang='lat' dir='ltr'><strong>reprobationis</strong></span> <span class='ocrx_word' id='word_1_200' title='bbox 2323 2808 2666 2874; x_wconf 84' lang='lat' dir='ltr'><strong>exordium</strong></span> 
     </span>
     <span class='ocr_line' id='line_1_28' title="bbox 714 2893 2668 2978; baseline -0.003 -14"><span class='ocrx_word' id='word_1_201' title='bbox 714 2899 784 2963; x_wconf 93' lang='lat' dir='ltr'><strong>in</strong></span> <span class='ocrx_word' id='word_1_202' title='bbox 842 2894 1130 2963; x_wconf 88' lang='lat' dir='ltr'><strong>secunda</strong></span> <span class='ocrx_word' id='word_1_203' title='bbox 1182 2893 1468 2960; x_wconf 90' lang='lat' dir='ltr'><strong>hominis</strong></span> <span class='ocrx_word' id='word_1_204' title='bbox 1519 2895 1934 2960; x_wconf 87' lang='lat' dir='ltr'><strong>contumacia</strong></span> <span class='ocrx_word' id='word_1_205' title='bbox 1974 2895 2288 2962; x_wconf 88' lang='lat' dir='ltr'><strong>statuitur</strong></span> <span class='ocrx_word' id='word_1_206' title='bbox 2302 2946 2320 2974; x_wconf 90' lang='lat'><strong>,</strong></span> <span class='ocrx_word' id='word_1_207' title='bbox 2373 2895 2668 2978; x_wconf 88' lang='lat' dir='ltr'><strong>sequitur</strong></span> 
     </span>
     <span class='ocr_line' id='line_1_29' title="bbox 713 2977 2666 3065; baseline -0.002 -16"><span class='ocrx_word' id='word_1_208' title='bbox 713 2981 883 3049; x_wconf 87' lang='lat' dir='ltr'><strong>nihil</strong></span> <span class='ocrx_word' id='word_1_209' title='bbox 936 2979 1112 3065; x_wconf 90' lang='lat' dir='ltr'><strong>apud</strong></span> <span class='ocrx_word' id='word_1_210' title='bbox 1166 2977 1387 3045; x_wconf 90' lang='lat' dir='ltr'><strong>Deum</strong></span> <span class='ocrx_word' id='word_1_211' title='bbox 1441 2999 1585 3045; x_wconf 88' lang='lat' dir='ltr'><strong>esse</strong></span> <span class='ocrx_word' id='word_1_212' title='bbox 1649 2981 2024 3061; x_wconf 86' lang='lat' dir='ltr'><strong>constituti,</strong></span> <span class='ocrx_word' id='word_1_213' title='bbox 2094 2978 2210 3047; x_wconf 87' lang='lat' dir='ltr'><strong>sed</strong></span> <span class='ocrx_word' id='word_1_214' title='bbox 2274 2999 2666 3064; x_wconf 88' lang='lat' dir='ltr'><strong>suspensum</strong></span> 
     </span>
     <span class='ocr_line' id='line_1_30' title="bbox 714 3063 2663 3152; baseline -0.004 -16"><span class='ocrx_word' id='word_1_215' title='bbox 714 3088 858 3136; x_wconf 87' lang='lat' dir='ltr'><strong>esse</strong></span> <span class='ocrx_word' id='word_1_216' title='bbox 912 3068 1058 3134; x_wconf 90' lang='lat' dir='ltr'><strong>eius</strong></span> <span class='ocrx_word' id='word_1_217' title='bbox 1111 3064 1454 3132; x_wconf 88' lang='lat' dir='ltr'><strong>consilium</strong></span> <span class='ocrx_word' id='word_1_218' title='bbox 1468 3114 1485 3144; x_wconf 91' lang='lat'><strong>,</strong></span> <span class='ocrx_word' id='word_1_219' title='bbox 1556 3063 1714 3150; x_wconf 88' lang='lat' dir='ltr'><strong>quid</strong></span> <span class='ocrx_word' id='word_1_220' title='bbox 1768 3065 1851 3132; x_wconf 90' lang='lat' dir='ltr'><strong>de</strong></span> <span class='ocrx_word' id='word_1_221' title='bbox 1903 3066 2182 3152; x_wconf 87' lang='lat' dir='ltr'><strong>singulis</strong></span> <span class='ocrx_word' id='word_1_222' title='bbox 2235 3074 2501 3133; x_wconf 88' lang='lat' dir='ltr'><strong>acturus</strong></span> <span class='ocrx_word' id='word_1_223' title='bbox 2558 3065 2663 3132; x_wconf 89' lang='lat' dir='ltr'><strong>sit.</strong></span> 
     </span>
     <span class='ocr_line' id='line_1_31' title="bbox 712 3150 2663 3235; baseline -0.002 -14"><span class='ocrx_word' id='word_1_224' title='bbox 712 3155 990 3221; x_wconf 80' lang='lat' dir='ltr'><strong>Fatetur</strong></span> <span class='ocrx_word' id='word_1_225' title='bbox 1053 3150 1476 3234; x_wconf 70' lang='lat' dir='ltr'><strong>Hieronymus</strong></span> <span class='ocrx_word' id='word_1_226' title='bbox 1551 3160 1791 3219; x_wconf 85' lang='lat' dir='ltr'><strong>natura</strong></span> <span class='ocrx_word' id='word_1_227' title='bbox 1866 3172 2095 3219; x_wconf 91' lang='lat' dir='ltr'><strong>omnes</strong></span> <span class='ocrx_word' id='word_1_228' title='bbox 2171 3171 2411 3235; x_wconf 81' lang='lat' dir='ltr'><strong>pravos</strong></span> <span class='ocrx_word' id='word_1_229' title='bbox 2502 3171 2663 3230; x_wconf 89' lang='lat' dir='ltr'><strong>esse,</strong></span> 
     </span>
     <span class='ocr_line' id='line_1_32' title="bbox 712 3235 2665 3327; baseline -0.002 -21"><span class='ocrx_word' id='word_1_230' title='bbox 712 3242 989 3327; x_wconf 83' lang='lat' dir='ltr'><strong>gratiam</strong></span> <span class='ocrx_word' id='word_1_231' title='bbox 1036 3237 1167 3303; x_wconf 90' lang='lat' dir='ltr'><strong>Dei</strong></span> <span class='ocrx_word' id='word_1_232' title='bbox 1206 3235 1504 3302; x_wconf 89' lang='lat' dir='ltr'><strong>omnibus</strong></span> <span class='ocrx_word' id='word_1_233' title='bbox 1549 3237 1804 3317; x_wconf 87' lang='lat' dir='ltr'><strong>offerri,</strong></span> <span class='ocrx_word' id='word_1_234' title='bbox 1849 3259 2014 3322; x_wconf 87' lang='lat' dir='ltr'><strong>quae</strong></span> <span class='ocrx_word' id='word_1_235' title='bbox 2057 3239 2419 3322; x_wconf 82' lang='lat' dir='ltr'><strong>ingenitam</strong></span> <span class='ocrx_word' id='word_1_236' title='bbox 2463 3255 2504 3302; x_wconf 88' lang='lat' dir='ltr'><strong>a</strong></span> <span class='ocrx_word' id='word_1_237' title='bbox 2546 3258 2665 3302; x_wconf 92' lang='lat' dir='ltr'><strong>na-</strong></span> 
     </span>
     <span class='ocr_line' id='line_1_33' title="bbox 715 3322 2666 3408; baseline -0.002 -17"><span class='ocrx_word' id='word_1_238' title='bbox 715 3335 864 3391; x_wconf 88' lang='lat' dir='ltr'><strong>tura</strong></span> <span class='ocrx_word' id='word_1_239' title='bbox 906 3323 1302 3408; x_wconf 88' lang='lat' dir='ltr'><strong>pravitatem</strong></span> <span class='ocrx_word' id='word_1_240' title='bbox 1335 3324 1636 3408; x_wconf 87' lang='lat' dir='ltr'><strong>corrigat.</strong></span> <span class='ocrx_word' id='word_1_241' title='bbox 1710 3322 2050 3406; x_wconf 80' lang='lat' dir='ltr'><strong>Quosdam</strong></span> <span class='ocrx_word' id='word_1_242' title='bbox 2092 3324 2286 3407; x_wconf 85' lang='lat' dir='ltr'><strong>fingit</strong></span> <span class='ocrx_word' id='word_1_243' title='bbox 2328 3322 2516 3388; x_wconf 88' lang='lat' dir='ltr'><strong>liberi</strong></span> <span class='ocrx_word' id='word_1_244' title='bbox 2560 3343 2666 3390; x_wconf 86' lang='lat' dir='ltr'><strong>ar·</strong></span> 
     </span>
     <span class='ocr_line' id='line_1_34' title="bbox 715 3408 2667 3489; baseline -0.001 -13"><span class='ocrx_word' id='word_1_245' title='bbox 715 3409 892 3476; x_wconf 91' lang='lat' dir='ltr'><strong>bitrii</strong></span> <span class='ocrx_word' id='word_1_246' title='bbox 936 3409 1040 3475; x_wconf 91' lang='lat' dir='ltr'><strong>sui</strong></span> <span class='ocrx_word' id='word_1_247' title='bbox 1101 3415 1279 3474; x_wconf 87' lang='lat' dir='ltr'><strong>motu</strong></span> <span class='ocrx_word' id='word_1_248' title='bbox 1334 3409 1804 3475; x_wconf 87' lang='lat' dir='ltr'><strong>correctionem</strong></span> <span class='ocrx_word' id='word_1_249' title='bbox 1846 3409 2225 3489; x_wconf 88' lang='lat' dir='ltr'><strong>admittere,</strong></span> <span class='ocrx_word' id='word_1_250' title='bbox 2284 3416 2358 3473; x_wconf 90' lang='lat' dir='ltr'><strong>ut</strong></span> <span class='ocrx_word' id='word_1_251' title='bbox 2400 3410 2488 3474; x_wconf 91' lang='lat' dir='ltr'><strong>sit</strong></span> <span class='ocrx_word' id='word_1_252' title='bbox 2530 3408 2667 3474; x_wconf 87' lang='lat' dir='ltr'><strong>effi·</strong></span> 
     </span>
     <span class='ocr_line' id='line_1_35' title="bbox 716 3492 2665 3579; baseline -0.003 -15"><span class='ocrx_word' id='word_1_253' title='bbox 716 3517 873 3564; x_wconf 81' lang='lat' dir='ltr'><strong>cax:</strong></span> <span class='ocrx_word' id='word_1_254' title='bbox 934 3494 1126 3573; x_wconf 90' lang='lat' dir='ltr'><strong>alios,</strong></span> <span class='ocrx_word' id='word_1_255' title='bbox 1183 3492 1425 3576; x_wconf 89' lang='lat' dir='ltr'><strong>quibus</strong></span> <span class='ocrx_word' id='word_1_256' title='bbox 1482 3493 1657 3559; x_wconf 88' lang='lat' dir='ltr'><strong>idem</strong></span> <span class='ocrx_word' id='word_1_257' title='bbox 1714 3493 1991 3561; x_wconf 86' lang='lat' dir='ltr'><strong>liberum</strong></span> <span class='ocrx_word' id='word_1_258' title='bbox 2037 3503 2241 3574; x_wconf 88' lang='lat' dir='ltr'><strong>esset,</strong></span> <span class='ocrx_word' id='word_1_259' title='bbox 2300 3493 2665 3579; x_wconf 90' lang='lat' dir='ltr'><strong>respuendo</strong></span> 
     </span>
     <span class='ocr_line' id='line_1_36' title="bbox 713 3579 2668 3664; baseline -0.002 -15"><span class='ocrx_word' id='word_1_260' title='bbox 713 3583 815 3650; x_wconf 90' lang='lat' dir='ltr'><strong>bis</strong></span> <span class='ocrx_word' id='word_1_261' title='bbox 835 3581 981 3648; x_wconf 84' lang='lat' dir='ltr'><strong>fieri</strong></span> <span class='ocrx_word' id='word_1_262' title='bbox 1012 3585 1456 3646; x_wconf 86' lang='lat' dir='ltr'><strong>contumaces:</strong></span> <span class='ocrx_word' id='word_1_263' title='bbox 1492 3579 1648 3645; x_wconf 92' lang='lat' dir='ltr'><strong>inde</strong></span> <span class='ocrx_word' id='word_1_264' title='bbox 1669 3580 1968 3646; x_wconf 87' lang='lat' dir='ltr'><strong>fictitiam</strong></span> <span class='ocrx_word' id='word_1_265' title='bbox 1989 3580 2519 3664; x_wconf 87' lang='lat' dir='ltr'><strong>reprobationem</strong></span> <span class='ocrx_word' id='word_1_266' title='bbox 2553 3580 2668 3647; x_wconf 90' lang='lat' dir='ltr'><strong>eli·</strong></span> 
     </span>
     <span class='ocr_line' id='line_1_37' title="bbox 711 3664 2666 3740; baseline -0.002 -5"><span class='ocrx_word' id='word_1_267' title='bbox 711 3668 818 3735; x_wconf 89' lang='lat' dir='ltr'><strong>cit.</strong></span> <span class='ocrx_word' id='word_1_268' title='bbox 915 3665 1026 3731; x_wconf 87' lang='lat' dir='ltr'><strong>Ita</strong></span> <span class='ocrx_word' id='word_1_269' title='bbox 1076 3675 1414 3740; x_wconf 87' lang='lat' dir='ltr'><strong>aeternum</strong></span> <span class='ocrx_word' id='word_1_270' title='bbox 1466 3665 1596 3731; x_wconf 91' lang='lat' dir='ltr'><strong>Dei</strong></span> <span class='ocrx_word' id='word_1_271' title='bbox 1636 3665 1983 3732; x_wconf 91' lang='lat' dir='ltr'><strong>consilium</strong></span> <span class='ocrx_word' id='word_1_272' title='bbox 2036 3664 2269 3734; x_wconf 90' lang='lat' dir='ltr'><strong>subiici</strong></span> <span class='ocrx_word' id='word_1_273' title='bbox 2321 3665 2666 3732; x_wconf 86' lang='lat' dir='ltr'><strong>hominum</strong></span> 
     </span>
     <span class='ocr_line' id='line_1_38' title="bbox 712 3750 2667 3837; baseline -0.001 -19"><span class='ocrx_word' id='word_1_274' title='bbox 712 3751 1016 3831; x_wconf 86' lang='lat' dir='ltr'><strong>arbitrio,</strong></span> <span class='ocrx_word' id='word_1_275' title='bbox 1075 3752 1224 3836; x_wconf 87' lang='lat' dir='ltr'><strong>quis</strong></span> <span class='ocrx_word' id='word_1_276' title='bbox 1269 3773 1401 3817; x_wconf 91' lang='lat' dir='ltr'><strong>non</strong></span> <span class='ocrx_word' id='word_1_277' title='bbox 1445 3750 1670 3818; x_wconf 80' lang='lat' dir='ltr'><strong>videt?</strong></span> <span class='ocrx_word' id='word_1_278' title='bbox 1759 3752 1853 3817; x_wconf 87' lang='lat' dir='ltr'><strong>Et</strong></span> <span class='ocrx_word' id='word_1_279' title='bbox 1894 3761 1965 3818; x_wconf 89' lang='lat' dir='ltr'><strong>tu</strong></span> <span class='ocrx_word' id='word_1_280' title='bbox 2010 3752 2403 3837; x_wconf 79' lang='lat' dir='ltr'><strong>elegantiam</strong></span> <span class='ocrx_word' id='word_1_281' title='bbox 2445 3753 2667 3818; x_wconf 89' lang='lat' dir='ltr'><strong>nescio</strong></span> 
     </span>
     <span class='ocr_line' id='line_1_39' title="bbox 715 3836 2663 3923; baseline -0.001 -18"><span class='ocrx_word' id='word_1_282' title='bbox 715 3856 911 3923; x_wconf 87' lang='lat' dir='ltr'><strong>quam</strong></span> <span class='ocrx_word' id='word_1_283' title='bbox 952 3837 1028 3902; x_wconf 91' lang='lat' dir='ltr'><strong>in</strong></span> <span class='ocrx_word' id='word_1_284' title='bbox 1070 3844 1258 3903; x_wconf 87' lang='lat' dir='ltr'><strong>tanta</strong></span> <span class='ocrx_word' id='word_1_285' title='bbox 1310 3836 1686 3904; x_wconf 85' lang='lat' dir='ltr'><strong>insulsitate</strong></span> <span class='ocrx_word' id='word_1_286' title='bbox 1728 3836 1952 3904; x_wconf 82' lang='lat' dir='ltr'><strong>videre</strong></span> <span class='ocrx_word' id='word_1_287' title='bbox 1998 3847 2062 3904; x_wconf 90' lang='lat' dir='ltr'><strong>te</strong></span> <span class='ocrx_word' id='word_1_288' title='bbox 2149 3837 2346 3904; x_wconf 78' lang='lat' dir='ltr'><strong>utus?</strong></span> <span class='ocrx_word' id='word_1_289' title='bbox 2434 3838 2663 3922; x_wconf 86' lang='lat' dir='ltr'><strong>Atqui,</strong></span> 
     </span>
     <span class='ocr_line' id='line_1_40' title="bbox 712 3921 2664 4009; baseline 0.002 -20"><span class='ocrx_word' id='word_1_290' title='bbox 712 3924 771 3989; x_wconf 89' lang='lat' dir='ltr'><strong>si</strong></span> <span class='ocrx_word' id='word_1_291' title='bbox 812 3921 972 4008; x_wconf 89' lang='lat' dir='ltr'><strong>quid</strong></span> <span class='ocrx_word' id='word_1_292' title='bbox 1013 3923 1084 3988; x_wconf 91' lang='lat' dir='ltr'><strong>in</strong></span> <span class='ocrx_word' id='word_1_293' title='bbox 1127 3922 1372 3990; x_wconf 77' lang='lat' dir='ltr'><strong>divinis</strong></span> <span class='ocrx_word' id='word_1_294' title='bbox 1427 3922 1724 4008; x_wconf 85' lang='lat' dir='ltr'><strong>intelligo</strong></span> <span class='ocrx_word' id='word_1_295' title='bbox 1739 3974 1756 4002; x_wconf 95' lang='lat'><strong>,</strong></span> <span class='ocrx_word' id='word_1_296' title='bbox 1812 3923 1939 3990; x_wconf 90' lang='lat' dir='ltr'><strong>hoc</strong></span> <span class='ocrx_word' id='word_1_297' title='bbox 1995 3944 2108 3991; x_wconf 91' lang='lat' dir='ltr'><strong>mu</strong></span> <span class='ocrx_word' id='word_1_298' title='bbox 2135 3931 2202 3991; x_wconf 89' lang='lat' dir='ltr'><strong>to</strong></span> <span class='ocrx_word' id='word_1_299' title='bbox 2257 3924 2545 4009; x_wconf 87' lang='lat' dir='ltr'><strong>ineptius</strong></span> <span class='ocrx_word' id='word_1_300' title='bbox 2587 3944 2664 3992; x_wconf 82' lang='lat' dir='ltr'><strong>ac</strong></span> 
     </span>
     <span class='ocr_line' id='line_1_41' title="bbox 711 4007 2659 4094; baseline -0.001 -17"><span class='ocrx_word' id='word_1_301' title='bbox 711 4009 997 4077; x_wconf 87' lang='lat' dir='ltr'><strong>crassius</strong></span> <span class='ocrx_word' id='word_1_302' title='bbox 1060 4019 1501 4075; x_wconf 88' lang='lat' dir='ltr'><strong>commentum</strong></span> <span class='ocrx_word' id='word_1_303' title='bbox 1567 4019 1696 4089; x_wconf 91' lang='lat' dir='ltr'><strong>est,</strong></span> <span class='ocrx_word' id='word_1_304' title='bbox 1780 4029 1981 4093; x_wconf 88' lang='lat' dir='ltr'><strong>quam</strong></span> <span class='ocrx_word' id='word_1_305' title='bbox 2045 4010 2451 4094; x_wconf 84' lang='lat' dir='ltr'><strong>papistarum</strong></span> <span class='ocrx_word' id='word_1_306' title='bbox 2519 4007 2659 4075; x_wconf 67' lang='lat' dir='ltr'><strong>fuit</strong></span> 
     </span>
     <span class='ocr_line' id='line_1_42' title="bbox 709 4092 2665 4163; baseline -0.002 -1"><span class='ocrx_word' id='word_1_307' title='bbox 709 4094 857 4162; x_wconf 86' lang='lat' dir='ltr'><strong>Iam</strong></span> <span class='ocrx_word' id='word_1_308' title='bbox 913 4094 973 4162; x_wconf 90' lang='lat' dir='ltr'><strong>si</strong></span> <span class='ocrx_word' id='word_1_309' title='bbox 1025 4093 1281 4162; x_wconf 83' lang='lat' dir='ltr'><strong>fructus</strong></span> <span class='ocrx_word' id='word_1_310' title='bbox 1337 4094 1671 4162; x_wconf 89' lang='lat' dir='ltr'><strong>electionis</strong></span> <span class='ocrx_word' id='word_1_311' title='bbox 1725 4104 1826 4161; x_wconf 90' lang='lat' dir='ltr'><strong>est</strong></span> <span class='ocrx_word' id='word_1_312' title='bbox 1877 4093 2046 4161; x_wconf 86' lang='lat' dir='ltr'><strong>bona</strong></span> <span class='ocrx_word' id='word_1_313' title='bbox 2097 4103 2166 4162; x_wconf 90' lang='lat' dir='ltr'><strong>et</strong></span> <span class='ocrx_word' id='word_1_314' title='bbox 2205 4102 2388 4163; x_wconf 90' lang='lat' dir='ltr'><strong>recta</strong></span> <span class='ocrx_word' id='word_1_315' title='bbox 2429 4093 2505 4161; x_wconf 88' lang='lat' dir='ltr'><strong>in</strong></span> <span class='ocrx_word' id='word_1_316' title='bbox 2545 4092 2665 4160; x_wconf 92' lang='lat' dir='ltr'><strong>ho·</strong></span> 
     </span>
     <span class='ocr_line' id='line_1_43' title="bbox 710 4180 2665 4265; baseline 0.002 -20"><span class='ocrx_word' id='word_1_317' title='bbox 710 4181 891 4248; x_wconf 89' lang='lat' dir='ltr'><strong>mine</strong></span> <span class='ocrx_word' id='word_1_318' title='bbox 934 4180 1256 4258; x_wconf 79' lang='lat' dir='ltr'><strong>voluntas,</strong></span> <span class='ocrx_word' id='word_1_319' title='bbox 1300 4181 1605 4264; x_wconf 91' lang='lat' dir='ltr'><strong>reprobos</strong></span> <span class='ocrx_word' id='word_1_320' title='bbox 1649 4181 1947 4265; x_wconf 89' lang='lat' dir='ltr'><strong>sequitur</strong></span> <span class='ocrx_word' id='word_1_321' title='bbox 1986 4188 2125 4248; x_wconf 88' lang='lat' dir='ltr'><strong>toto</strong></span> <span class='ocrx_word' id='word_1_322' title='bbox 2167 4180 2382 4248; x_wconf 89' lang='lat' dir='ltr'><strong>cordis</strong></span> <span class='ocrx_word' id='word_1_323' title='bbox 2424 4180 2665 4248; x_wconf 86' lang='lat' dir='ltr'><strong>affectu</strong></span> 
     </span>
     <span class='ocr_line' id='line_1_44' title="bbox 711 4264 2664 4351; baseline 0.001 -19"><span class='ocrx_word' id='word_1_324' title='bbox 711 4264 793 4332; x_wconf 89' lang='lat' dir='ltr'><strong>ad</strong></span> <span class='ocrx_word' id='word_1_325' title='bbox 835 4266 1085 4333; x_wconf 88' lang='lat' dir='ltr'><strong>malum</strong></span> <span class='ocrx_word' id='word_1_326' title='bbox 1126 4265 1301 4332; x_wconf 85' lang='lat' dir='ltr'><strong>ferri.</strong></span> <span class='ocrx_word' id='word_1_327' title='bbox 1387 4266 1454 4333; x_wconf 89' lang='lat' dir='ltr'>N</span> <span class='ocrx_word' id='word_1_328' title='bbox 1454 4287 1528 4332; x_wconf 90' lang='lat' dir='ltr'><strong>ec</strong></span> <span class='ocrx_word' id='word_1_329' title='bbox 1583 4268 1736 4334; x_wconf 87' lang='lat' dir='ltr'><strong>v&#39;ero</strong></span> <span class='ocrx_word' id='word_1_330' title='bbox 1777 4266 2033 4335; x_wconf 87' lang='lat' dir='ltr'><strong>Paulus</strong></span> <span class='ocrx_word' id='word_1_331' title='bbox 2051 4317 2068 4347; x_wconf 91' lang='lat'><strong>,</strong></span> <span class='ocrx_word' id='word_1_332' title='bbox 2121 4287 2326 4351; x_wconf 88' lang='lat' dir='ltr'><strong>quum</strong></span> <span class='ocrx_word' id='word_1_333' title='bbox 2378 4266 2664 4334; x_wconf 79' lang='lat' dir='ltr'><strong>volentis</strong></span> 
     </span>
     <span class='ocr_line' id='line_1_45' title="bbox 710 4351 2662 4440; baseline 0 -21"><span class='ocrx_word' id='word_1_334' title='bbox 710 4371 857 4440; x_wconf 67' lang='lat' dir='ltr'><strong>esse</strong></span> <span class='ocrx_word' id='word_1_335' title='bbox 912 4362 1113 4437; x_wconf 80' lang='lat' dir='ltr'><strong>negat</strong></span> <span class='ocrx_word' id='word_1_336' title='bbox 1130 4403 1148 4433; x_wconf 93' lang='lat'><strong>,</strong></span> <span class='ocrx_word' id='word_1_337' title='bbox 1226 4351 1513 4436; x_wconf 88' lang='lat' dir='ltr'><strong>aliquam</strong></span> <span class='ocrx_word' id='word_1_338' title='bbox 1580 4352 1809 4419; x_wconf 87' lang='lat' dir='ltr'><strong>tribuit</strong></span> <span class='ocrx_word' id='word_1_339' title='bbox 1877 4353 2171 4437; x_wconf 90' lang='lat' dir='ltr'><strong>reprobis</strong></span> <span class='ocrx_word' id='word_1_340' title='bbox 2236 4351 2662 4432; x_wconf 80' lang='lat' dir='ltr'><strong>voluntatem,</strong></span> 
     </span>
     <span class='ocr_line' id='line_1_46' title="bbox 710 4437 2663 4522; baseline 0.003 -20"><span class='ocrx_word' id='word_1_341' title='bbox 710 4457 876 4520; x_wconf 88' lang='lat' dir='ltr'><strong>quae</strong></span> <span class='ocrx_word' id='word_1_342' title='bbox 932 4456 1051 4521; x_wconf 88' lang='lat' dir='ltr'><strong>per</strong></span> <span class='ocrx_word' id='word_1_343' title='bbox 1100 4458 1172 4505; x_wconf 92' lang='lat' dir='ltr'><strong>se</strong></span> <span class='ocrx_word' id='word_1_344' title='bbox 1211 4440 1300 4505; x_wconf 90' lang='lat' dir='ltr'><strong>sit</strong></span> <span class='ocrx_word' id='word_1_345' title='bbox 1338 4437 1556 4504; x_wconf 88' lang='lat' dir='ltr'><strong>irrita:</strong></span> <span class='ocrx_word' id='word_1_346' title='bbox 1611 4439 1772 4522; x_wconf 88' lang='lat' dir='ltr'><strong>quin</strong></span> <span class='ocrx_word' id='word_1_347' title='bbox 1828 4440 2043 4522; x_wconf 89' lang='lat' dir='ltr'><strong>potius</strong></span> <span class='ocrx_word' id='word_1_348' title='bbox 2076 4459 2181 4510; x_wconf 59' lang='lat' dir='ltr'><strong>xex</strong></span> <span class='ocrx_word' id='word_1_349' title='bbox 2224 4439 2353 4505; x_wconf 90' lang='lat' dir='ltr'><strong>Dei</strong></span> <span class='ocrx_word' id='word_1_350' title='bbox 2405 4438 2663 4506; x_wconf 87' lang='lat' dir='ltr'><strong>miseri·</strong></span> 
     </span>
     <span class='ocr_line' id='line_1_47' title="bbox 708 4520 2663 4607; baseline 0.002 -19"><span class='ocrx_word' id='word_1_351' title='bbox 708 4520 933 4588; x_wconf 84' lang='lat' dir='ltr'><strong>cordia</strong></span> <span class='ocrx_word' id='word_1_352' title='bbox 986 4523 1189 4590; x_wconf 89' lang='lat' dir='ltr'><strong>fluere</strong></span> <span class='ocrx_word' id='word_1_353' title='bbox 1231 4523 1449 4602; x_wconf 88' lang='lat' dir='ltr'><strong>docet,</strong></span> <span class='ocrx_word' id='word_1_354' title='bbox 1516 4523 1687 4607; x_wconf 89' lang='lat' dir='ltr'><strong>quod</strong></span> <span class='ocrx_word' id='word_1_355' title='bbox 1743 4524 1906 4590; x_wconf 88' lang='lat' dir='ltr'><strong>bene</strong></span> <span class='ocrx_word' id='word_1_356' title='bbox 1973 4523 2142 4592; x_wconf 86' lang='lat' dir='ltr'><strong>velle</strong></span> <span class='ocrx_word' id='word_1_357' title='bbox 2182 4534 2252 4590; x_wconf 90' lang='lat' dir='ltr'><strong>et</strong></span> <span class='ocrx_word' id='word_1_358' title='bbox 2292 4534 2469 4592; x_wconf 88' lang='lat' dir='ltr'><strong>reete</strong></span> <span class='ocrx_word' id='word_1_359' title='bbox 2510 4545 2663 4593; x_wconf 90' lang='lat' dir='ltr'><strong>cur·</strong></span> 
     </span>
     <span class='ocr_line' id='line_1_48' title="bbox 712 4607 2663 4694; baseline 0.003 -19"><span class='ocrx_word' id='word_1_360' title='bbox 712 4628 858 4688; x_wconf 81' lang='lat' dir='ltr'><strong>rere</strong></span> <span class='ocrx_word' id='word_1_361' title='bbox 897 4607 1031 4673; x_wconf 89' lang='lat' dir='ltr'><strong>inci</strong></span> <span class='ocrx_word' id='word_1_362' title='bbox 1078 4608 1250 4689; x_wconf 89' lang='lat' dir='ltr'><strong>iant,</strong></span> <span class='ocrx_word' id='word_1_363' title='bbox 1305 4610 1419 4694; x_wconf 90' lang='lat' dir='ltr'><strong>qui</strong></span> <span class='ocrx_word' id='word_1_364' title='bbox 1460 4610 1643 4693; x_wconf 87' lang='lat' dir='ltr'><strong>prius</strong></span> <span class='ocrx_word' id='word_1_365' title='bbox 1683 4620 1875 4677; x_wconf 88' lang='lat' dir='ltr'><strong>erant</strong></span> <span class='ocrx_word' id='word_1_366' title='bbox 1917 4609 1999 4677; x_wconf 82' lang='lat' dir='ltr'><strong>ab</strong></span> <span class='ocrx_word' id='word_1_367' title='bbox 2042 4611 2222 4677; x_wconf 89' lang='lat' dir='ltr'><strong>omni</strong></span> <span class='ocrx_word' id='word_1_368' title='bbox 2274 4609 2663 4680; x_wconf 86' lang='lat' dir='ltr'><strong>rectitudine</strong></span> 
     </span>
     <span class='ocr_line' id='line_1_49' title="bbox 714 4694 2663 4782; baseline 0.001 -20"><span class='ocrx_word' id='word_1_369' title='bbox 714 4694 948 4762; x_wconf 79' lang='lat' dir='ltr'><strong>aversi.</strong></span> <span class='ocrx_word' id='word_1_370' title='bbox 1104 4695 1365 4761; x_wconf 86' lang='lat' dir='ltr'><strong>esinant</strong></span> <span class='ocrx_word' id='word_1_371' title='bbox 1417 4716 1575 4782; x_wconf 90' lang='lat' dir='ltr'><strong>ergo</strong></span> <span class='ocrx_word' id='word_1_372' title='bbox 1630 4696 1879 4762; x_wconf 85' lang='lat' dir='ltr'><strong>fontem</strong></span> <span class='ocrx_word' id='word_1_373' title='bbox 1933 4704 2002 4762; x_wconf 92' lang='lat' dir='ltr'><strong>et</strong></span> <span class='ocrx_word' id='word_1_374' title='bbox 2057 4696 2339 4780; x_wconf 88' lang='lat' dir='ltr'><strong>primam</strong></span> <span class='ocrx_word' id='word_1_375' title='bbox 2395 4717 2663 4765; x_wconf 87' lang='lat' dir='ltr'><strong>causam</strong></span> 
     </span>
     <span class='ocr_line' id='line_1_50' title="bbox 713 4779 2662 4864; baseline 0.001 -17"><span class='ocrx_word' id='word_1_376' title='bbox 713 4779 1121 4852; x_wconf 84' lang='lat' dir='ltr'><strong>discretionis</strong></span> <span class='ocrx_word' id='word_1_377' title='bbox 1163 4781 1339 4847; x_wconf 89' lang='lat' dir='ltr'><strong>inter</strong></span> <span class='ocrx_word' id='word_1_378' title='bbox 1381 4781 1621 4850; x_wconf 89' lang='lat' dir='ltr'><strong>electos</strong></span> <span class='ocrx_word' id='word_1_379' title='bbox 1664 4789 1734 4847; x_wconf 90' lang='lat' dir='ltr'><strong>et</strong></span> <span class='ocrx_word' id='word_1_380' title='bbox 1774 4780 2081 4864; x_wconf 88' lang='lat' dir='ltr'><strong>reprobos</strong></span> <span class='ocrx_word' id='word_1_381' title='bbox 2121 4781 2195 4848; x_wconf 92' lang='lat' dir='ltr'><strong>in</strong></span> <span class='ocrx_word' id='word_1_382' title='bbox 2230 4781 2518 4850; x_wconf 88' lang='lat' dir='ltr'><strong>humano</strong></span> <span class='ocrx_word' id='word_1_383' title='bbox 2559 4803 2662 4850; x_wconf 86' lang='lat' dir='ltr'><strong>ar·</strong></span> 
     </span>
     <span class='ocr_line' id='line_1_51' title="bbox 714 4865 2664 5036; baseline 0.002 -104"><span class='ocrx_word' id='word_1_384' title='bbox 714 4866 905 5018; x_wconf 65' lang='lat' dir='ltr'><strong>bitlrio</strong></span> <span class='ocrx_word' id='word_1_385' title='bbox 943 4866 1177 5036; x_wconf 51' lang='lat' dir='ltr'><strong>legare,</strong></span> <span class='ocrx_word' id='word_1_386' title='bbox 1218 4866 1277 4932; x_wconf 89' lang='lat' dir='ltr'><strong>si</strong></span> <span class='ocrx_word' id='word_1_387' title='bbox 1310 4887 1504 4951; x_wconf 90' lang='lat' dir='ltr'><strong>quem</strong></span> <span class='ocrx_word' id='word_1_388' title='bbox 1546 4867 1846 4938; x_wconf 88' lang='lat' dir='ltr'><strong>electioni</strong></span> <span class='ocrx_word' id='word_1_389' title='bbox 1883 4868 2010 4933; x_wconf 88' lang='lat' dir='ltr'><strong>Dei</strong></span> <span class='ocrx_word' id='word_1_390' title='bbox 2045 4865 2259 4935; x_wconf 85' lang='lat' dir='ltr'><strong>locum</strong></span> <span class='ocrx_word' id='word_1_391' title='bbox 2296 4867 2664 4954; x_wconf 88' lang='lat' dir='ltr'><strong>relinquere</strong></span> 
     </span>
     <span class='ocr_line' id='line_1_52' title="bbox 714 4961 964 5019; baseline 0 -1"><span class='ocrx_word' id='word_1_392' title='bbox 714 4972 800 5019; x_wconf 80' lang='lat' dir='ltr'><strong>vo</strong></span> <span class='ocrx_word' id='word_1_393' title='bbox 825 4961 964 5018; x_wconf 91' lang='lat' dir='ltr'><strong>unt.</strong></span> 
     </span>
    </p>
   </div>
   <div class='ocr_carea' id='block_1_3' title="bbox 716 5122 1121 5136">
    <p class='ocr_par' dir='ltr' id='par_1_3' title="bbox 716 5122 1121 5136">
     <span class='ocr_line' id='line_1_53' title="bbox 716 5122 1121 5136; baseline 0 1031"><span class='ocrx_word' id='word_1_394' title='bbox 716 5122 1121 5136; x_wconf 95' lang='lat' dir='ltr'><strong> </strong></span> 
     </span>
    </p>
   </div>
   <div class='ocr_carea' id='block_1_4' title="bbox 710 5237 2661 5385">
    <p class='ocr_par' dir='ltr' id='par_1_4' title="bbox 710 5237 2661 5385">
     <span class='ocr_line' id='line_1_54' title="bbox 710 5237 2661 5313; baseline 0.004 -17"><span class='ocrx_word' id='word_1_395' title='bbox 710 5237 2661 5313; x_wconf 58' lang='lat' dir='ltr'><strong>mano-malibifflbmaimmdemdoma</strong></span> 
     </span>
     <span class='ocr_line' id='line_1_55' title="bbox 713 5310 2661 5385; baseline 0.003 -18"><span class='ocrx_word' id='word_1_396' title='bbox 713 5310 2661 5385; x_wconf 53' lang='lat' dir='ltr'><strong>mmmmm,am0dvimoatispkeideaeffle</strong></span> 
     </span>
    </p>
   </div>
   <div class='ocr_carea' id='block_1_5' title="bbox 2221 387 3225 459">
    <p class='ocr_par' dir='ltr' id='par_1_5' title="bbox 2221 387 3225 459">
     <span class='ocr_line' id='line_1_56' title="bbox 2221 387 3225 459; baseline -0.002 -1"><span class='ocrx_word' id='word_1_397' title='bbox 2221 387 2754 459; x_wconf 68' lang='lat' dir='ltr'>EPISTOLAE</span> <span class='ocrx_word' id='word_1_398' title='bbox 2803 392 3225 457; x_wconf 73' lang='lat' dir='ltr'><strong>loco-1603</strong></span> 
     </span>
    </p>
   </div>
   <div class='ocr_carea' id='block_1_6' title="bbox 2709 610 2732 5386">
    <p class='ocr_par' dir='ltr' id='par_1_6' title="bbox 2709 610 2732 5386">
     <span class='ocr_line' id='line_1_57' title="bbox 2709 610 2732 5386; baseline 0 0"><span class='ocrx_word' id='word_1_399' title='bbox 2709 610 2732 5386; x_wconf 95' lang='lat' dir='ltr'><strong> </strong></span> 
     </span>
    </p>
   </div>
   <div class='ocr_carea' id='block_1_7' title="bbox 2809 404 4665 1007">
    <p class='ocr_par' dir='ltr' id='par_1_7' title="bbox 2809 404 4665 1007">
     <span class='ocr_line' id='line_1_58' title="bbox 4560 404 4665 469; baseline 0.029 -3"><span class='ocrx_word' id='word_1_400' title='bbox 4560 404 4665 469; x_wconf 80' lang='lat'><strong>280</strong></span> 
     </span>
     <span class='ocr_line' id='line_1_59' title="bbox 3652 664 3837 736; baseline -0.011 0"><span class='ocrx_word' id='word_1_401' title='bbox 3652 664 3837 736; x_wconf 75' lang='lat'>1⁶⁰1.</span> 
     </span>
     <span class='ocr_line' id='line_1_60' title="bbox 2809 834 4657 1007; baseline 0.004 -106"><span class='ocrx_word' id='word_1_402' title='bbox 2809 834 2910 901; x_wconf 91' lang='lat' dir='ltr'><strong>IN</strong></span> <span class='ocrx_word' id='word_1_403' title='bbox 2913 834 3193 902; x_wconf 73' lang='lat' dir='ltr'><strong>OER&#39;PI</strong></span> <span class='ocrx_word' id='word_1_404' title='bbox 3232 834 3978 1007; x_wconf 46' lang='grc' dir='ltr'><strong>ΕΡῙΘΒΑξ-ΙἏΑΝΕΒΕ</strong></span> <span class='ocrx_word' id='word_1_405' title='bbox 4020 836 4657 909; x_wconf 76' lang='lat' dir='ltr'><strong>PRAEDESTINA-</strong></span> 
     </span>
    </p>
   </div>
   <div class='ocr_carea' id='block_1_8' title="bbox 2773 1124 4682 1612">
    <p class='ocr_par' dir='ltr' id='par_1_8' title="bbox 2773 1124 4682 1612">
     <span class='ocr_line' id='line_1_61' title="bbox 2775 1124 4678 1216; baseline 0.005 -35"><span class='ocrx_word' id='word_1_406' title='bbox 2775 1125 3033 1213; x_wconf 74' lang='lat' dir='ltr'><strong>(Legitur</strong></span> <span class='ocrx_word' id='word_1_407' title='bbox 3065 1126 3123 1179; x_wconf 87' lang='lat' dir='ltr'><strong>in</strong></span> <span class='ocrx_word' id='word_1_408' title='bbox 3161 1125 3359 1209; x_wconf 78' lang='lat' dir='ltr'><strong>Codice</strong></span> <span class='ocrx_word' id='word_1_409' title='bbox 3393 1124 3647 1210; x_wconf 40' lang='lat' dir='ltr'><strong>‚Gothanp</strong></span> <span class='ocrx_word' id='word_1_410' title='bbox 3682 1132 3771 1183; x_wconf 86' lang='lat' dir='ltr'><strong>ter</strong></span> <span class='ocrx_word' id='word_1_411' title='bbox 3805 1128 4137 1210; x_wconf 74' lang='lat' dir='ltr'><strong>descriptum</strong></span> <span class='ocrx_word' id='word_1_412' title='bbox 4171 1129 4262 1185; x_wconf 81' lang='lat' dir='ltr'><strong>fol.</strong></span> <span class='ocrx_word' id='word_1_413' title='bbox 4281 1128 4382 1184; x_wconf 81' lang='lat'><strong>605</strong></span> <span class='ocrx_word' id='word_1_414' title='bbox 4414 1148 4570 1213; x_wconf 47' lang='lat' dir='ltr'><strong>terso,</strong></span> <span class='ocrx_word' id='word_1_415' title='bbox 4603 1136 4678 1216; x_wconf 72' lang='lat' dir='ltr'><strong>f⁰.¹·</strong></span> 
     </span>
     <span class='ocr_line' id='line_1_62' title="bbox 2775 1192 4681 1345; baseline 0.003 -26"><span class='ocrx_word' id='word_1_416' title='bbox 2775 1193 2898 1320; x_wconf 52' lang='lat'><strong>3332</strong></span> <span class='ocrx_word' id='word_1_417' title='bbox 2923 1192 3755 1345; x_wconf 51' lang='lat' dir='ltr'><strong>‘txffiatfflxffifflmez</strong></span> <span class='ocrx_word' id='word_1_418' title='bbox 3798 1198 4135 1322; x_wconf 51' lang='lat'><strong>&amp;5¹:333</strong></span> <span class='ocrx_word' id='word_1_419' title='bbox 4162 1202 4554 1339; x_wconf 50' lang='grc' dir='ltr'><strong>Ρῗῖἓᾜέἓὲἒ,</strong></span> <span class='ocrx_word' id='word_1_420' title='bbox 4570 1204 4681 1342; x_wconf 63' lang='grc' dir='ltr'><strong>Ἢῗξ</strong></span> 
     </span>
     <span class='ocr_line' id='line_1_63' title="bbox 2774 1332 4681 1405; baseline 0.004 -17"><span class='ocrx_word' id='word_1_421' title='bbox 2774 1349 2906 1388; x_wconf 89' lang='lat' dir='ltr'><strong>num</strong></span> <span class='ocrx_word' id='word_1_422' title='bbox 2940 1342 3027 1386; x_wconf 88' lang='lat' dir='ltr'><strong>est</strong></span> <span class='ocrx_word' id='word_1_423' title='bbox 3062 1332 3211 1402; x_wconf 85' lang='lat' dir='ltr'><strong>quod</strong></span> <span class='ocrx_word' id='word_1_424' title='bbox 3244 1333 3506 1387; x_wconf 70' lang='lat' dir='ltr'><strong>oblivioni</strong></span> <span class='ocrx_word' id='word_1_425' title='bbox 3542 1334 3834 1404; x_wconf 89' lang='lat' dir='ltr'><strong>eripiatur;</strong></span> <span class='ocrx_word' id='word_1_426' title='bbox 3883 1352 4050 1405; x_wconf 89' lang='lat' dir='ltr'><strong>quum</strong></span> <span class='ocrx_word' id='word_1_427' title='bbox 4083 1341 4265 1390; x_wconf 87' lang='lat' dir='ltr'><strong>autem</strong></span> <span class='ocrx_word' id='word_1_428' title='bbox 4301 1338 4414 1392; x_wconf 85' lang='lat' dir='ltr'><strong>sine</strong></span> <span class='ocrx_word' id='word_1_429' title='bbox 4447 1336 4597 1394; x_wconf 85' lang='lat' dir='ltr'><strong>dubio</strong></span> <span class='ocrx_word' id='word_1_430' title='bbox 4626 1357 4681 1394; x_wconf 86' lang='lat' dir='ltr'><strong>eo</strong></span> 
     </span>
     <span class='ocr_line' id='line_1_64' title="bbox 2773 1402 4682 1489; baseline 0.004 -32"><span class='ocrx_word' id='word_1_431' title='bbox 2773 1409 3026 1484; x_wconf 75' lang='lat' dir='ltr'><strong>tempore</strong></span> <span class='ocrx_word' id='word_1_432' title='bbox 3062 1418 3178 1455; x_wconf 89' lang='lat' dir='ltr'><strong>com</strong></span> <span class='ocrx_word' id='word_1_433' title='bbox 3254 1402 3417 1483; x_wconf 77' lang='lat' dir='ltr'><strong>situm</strong></span> <span class='ocrx_word' id='word_1_434' title='bbox 3465 1403 3540 1455; x_wconf 89' lang='lat' dir='ltr'><strong>sit</strong></span> <span class='ocrx_word' id='word_1_435' title='bbox 3573 1419 3681 1472; x_wconf 90' lang='lat' dir='ltr'><strong>quo</strong></span> <span class='ocrx_word' id='word_1_436' title='bbox 3715 1405 4091 1459; x_wconf 82' lang='lat' dir='ltr'><strong>controversia</strong></span> <span class='ocrx_word' id='word_1_437' title='bbox 4123 1404 4193 1458; x_wconf 90' lang='lat' dir='ltr'><strong>de</strong></span> <span class='ocrx_word' id='word_1_438' title='bbox 4227 1407 4682 1489; x_wconf 64' lang='lat' dir='ltr'><strong>praedestinatione</strong></span> 
     </span>
     <span class='ocr_line' id='line_1_65' title="bbox 2773 1470 4680 1612; baseline 0.002 -85"><span class='ocrx_word' id='word_1_439' title='bbox 2773 1487 3010 1527; x_wconf 74' lang='lat' dir='ltr'><strong>maxime</strong></span> <span class='ocrx_word' id='word_1_440' title='bbox 3044 1470 3176 1525; x_wconf 82' lang='lat' dir='ltr'><strong>arde</strong></span> <span class='ocrx_word' id='word_1_441' title='bbox 3230 1475 3319 1593; x_wconf 54' lang='grc' dir='ltr'><strong>1ξῶ</strong></span> <span class='ocrx_word' id='word_1_442' title='bbox 3323 1486 3388 1606; x_wconf 53' lang='grc' dir='ltr'><strong>ξι</strong></span> <span class='ocrx_word' id='word_1_443' title='bbox 3404 1487 3596 1609; x_wconf 39' lang='lat' dir='ltr'><strong>:aaa</strong></span> <span class='ocrx_word' id='word_1_444' title='bbox 3608 1472 4503 1612; x_wconf 42' lang='lat' dir='ltr'><strong>fflffissffffiyffffiffflmm</strong></span> <span class='ocrx_word' id='word_1_445' title='bbox 4536 1477 4680 1531; x_wconf 76' lang='lat' dir='ltr'><strong>uolui·</strong></span> 
     </span>
    </p>
   </div>
   <div class='ocr_carea' id='block_1_9' title="bbox 2908 1725 4555 2554">
    <p class='ocr_par' dir='ltr' id='par_1_9' title="bbox 2913 1725 4315 1800">
     <span class='ocr_line' id='line_1_66' title="bbox 2913 1725 4315 1800; baseline 0.002 -19"><span class='ocrx_word' id='word_1_446' title='bbox 2913 1726 3046 1781; x_wconf 87' lang='lat' dir='ltr'><strong>Tem</strong></span> <span class='ocrx_word' id='word_1_447' title='bbox 3122 1725 3277 1781; x_wconf 87' lang='lat' dir='ltr'><strong>ribus</strong></span> <span class='ocrx_word' id='word_1_448' title='bbox 3311 1727 3478 1782; x_wconf 87' lang='lat' dir='ltr'><strong>certis</strong></span> <span class='ocrx_word' id='word_1_449' title='bbox 3511 1728 3629 1782; x_wconf 81' lang='lat' dir='ltr'><strong>fieri</strong></span> <span class='ocrx_word' id='word_1_450' title='bbox 3667 1745 4015 1800; x_wconf 80' lang='lat' dir='ltr'><strong>quaecunque</strong></span> <span class='ocrx_word' id='word_1_451' title='bbox 4050 1731 4315 1799; x_wconf 82' lang='lat' dir='ltr'><strong>videmus,</strong></span> 
     </span>
    </p>

    <p class='ocr_par' dir='ltr' id='par_1_10' title="bbox 3105 1795 4194 1870">
     <span class='ocr_line' id='line_1_67' title="bbox 3105 1795 4194 1870; baseline 0.006 -21"><span class='ocrx_word' id='word_1_452' title='bbox 3105 1795 3210 1849; x_wconf 88' lang='lat' dir='ltr'><strong>idit</strong></span> <span class='ocrx_word' id='word_1_453' title='bbox 3243 1796 3313 1850; x_wconf 83' lang='lat' dir='ltr'><strong>ab</strong></span> <span class='ocrx_word' id='word_1_454' title='bbox 3349 1802 3573 1851; x_wconf 85' lang='lat' dir='ltr'><strong>aeterno</strong></span> <span class='ocrx_word' id='word_1_455' title='bbox 3608 1799 3999 1870; x_wconf 86' lang='lat' dir='ltr'><strong>constituitque</strong></span> <span class='ocrx_word' id='word_1_456' title='bbox 4033 1800 4194 1856; x_wconf 85' lang='lat' dir='ltr'><strong>Deus.</strong></span> 
     </span>
    </p>

    <p class='ocr_par' dir='ltr' id='par_1_11' title="bbox 2909 1864 4555 1992">
     <span class='ocr_line' id='line_1_68' title="bbox 2909 1864 4555 1938; baseline 0.002 -18"><span class='ocrx_word' id='word_1_457' title='bbox 2909 1864 3060 1935; x_wconf 83' lang='lat' dir='ltr'><strong>Ergo</strong></span> <span class='ocrx_word' id='word_1_458' title='bbox 3133 1864 3241 1919; x_wconf 91' lang='lat' dir='ltr'><strong>uod</strong></span> <span class='ocrx_word' id='word_1_459' title='bbox 3275 1864 3365 1919; x_wconf 88' lang='lat' dir='ltr'><strong>hic</strong></span> <span class='ocrx_word' id='word_1_460' title='bbox 3398 1867 3645 1934; x_wconf 81' lang='lat' dir='ltr'><strong>sequitur</strong></span> <span class='ocrx_word' id='word_1_461' title='bbox 3680 1866 3968 1934; x_wconf 80' lang='lat' dir='ltr'><strong>Christum,</strong></span> <span class='ocrx_word' id='word_1_462' title='bbox 4005 1867 4144 1938; x_wconf 78' lang='lat' dir='ltr'><strong>sugit</strong></span> <span class='ocrx_word' id='word_1_463' title='bbox 4180 1867 4321 1923; x_wconf 88' lang='lat' dir='ltr'><strong>alter</strong></span> <span class='ocrx_word' id='word_1_464' title='bbox 4354 1870 4421 1922; x_wconf 88' lang='lat' dir='ltr'><strong>ab</strong></span> <span class='ocrx_word' id='word_1_465' title='bbox 4454 1869 4555 1934; x_wconf 87' lang='lat' dir='ltr'><strong>ino,</strong></span> 
     </span>
     <span class='ocr_line' id='line_1_69' title="bbox 3044 1882 4178 1992; baseline 0.005 -6"><span class='ocrx_word' id='word_1_466' title='bbox 3044 1882 3197 1987; x_wconf 56' lang='lat' dir='ltr'><strong>Vihit</strong></span> <span class='ocrx_word' id='word_1_467' title='bbox 3232 1935 3300 1990; x_wconf 87' lang='lat' dir='ltr'><strong>ab</strong></span> <span class='ocrx_word' id='word_1_468' title='bbox 3334 1938 3558 1989; x_wconf 80' lang='lat' dir='ltr'><strong>aeterne</strong></span> <span class='ocrx_word' id='word_1_469' title='bbox 3592 1936 3846 1990; x_wconf 87' lang='lat' dir='ltr'><strong>constitui</strong></span> <span class='ocrx_word' id='word_1_470' title='bbox 3912 1953 3979 1990; x_wconf 91' lang='lat' dir='ltr'><strong>ue</strong></span> <span class='ocrx_word' id='word_1_471' title='bbox 4013 1935 4178 1992; x_wconf 88' lang='lat' dir='ltr'><strong>Deus.</strong></span> 
     </span>
    </p>

    <p class='ocr_par' dir='ltr' id='par_1_12' title="bbox 2910 2001 4412 2145">
     <span class='ocr_line' id='line_1_70' title="bbox 2910 2001 4412 2077; baseline 0.002 -20"><span class='ocrx_word' id='word_1_472' title='bbox 2910 2001 3032 2057; x_wconf 81' lang='lat' dir='ltr'><strong>Non</strong></span> <span class='ocrx_word' id='word_1_473' title='bbox 3067 2009 3252 2056; x_wconf 83' lang='lat' dir='ltr'><strong>tamen</strong></span> <span class='ocrx_word' id='word_1_474' title='bbox 3288 2008 3351 2056; x_wconf 90' lang='lat' dir='ltr'><strong>ut</strong></span> <span class='ocrx_word' id='word_1_475' title='bbox 3384 2003 3556 2056; x_wconf 85' lang='lat' dir='ltr'><strong>trabit</strong></span> <span class='ocrx_word' id='word_1_476' title='bbox 3589 2004 3731 2058; x_wconf 87' lang='lat' dir='ltr'><strong>hunc</strong></span> <span class='ocrx_word' id='word_1_477' title='bbox 3762 2006 3842 2059; x_wconf 87' lang='lat' dir='ltr'><strong>sic</strong></span> <span class='ocrx_word' id='word_1_478' title='bbox 3875 2007 3896 2058; x_wconf 88' lang='lat' dir='ltr'><strong>i</strong></span> <span class='ocrx_word' id='word_1_479' title='bbox 3938 2023 4029 2059; x_wconf 88' lang='lat' dir='ltr'><strong>um</strong></span> <span class='ocrx_word' id='word_1_480' title='bbox 4062 2008 4212 2077; x_wconf 81' lang='lat' dir='ltr'><strong>cogit</strong></span> <span class='ocrx_word' id='word_1_481' title='bbox 4244 2005 4412 2074; x_wconf 79' lang='lat' dir='ltr'><strong>abire,</strong></span> 
     </span>
     <span class='ocr_line' id='line_1_71' title="bbox 3043 2070 4295 2145; baseline 0.002 -19"><span class='ocrx_word' id='word_1_482' title='bbox 3043 2070 3220 2126; x_wconf 88' lang='lat' dir='ltr'><strong>Oausa</strong></span> <span class='ocrx_word' id='word_1_483' title='bbox 3252 2071 3350 2126; x_wconf 85' lang='lat' dir='ltr'><strong>ssd</strong></span> <span class='ocrx_word' id='word_1_484' title='bbox 3381 2072 3633 2128; x_wconf 85' lang='lat' dir='ltr'><strong>interitus</strong></span> <span class='ocrx_word' id='word_1_485' title='bbox 3667 2080 3754 2128; x_wconf 84' lang='lat' dir='ltr'><strong>est</strong></span> <span class='ocrx_word' id='word_1_486' title='bbox 3787 2074 3892 2128; x_wconf 79' lang='lat' dir='ltr'><strong>sibi</strong></span> <span class='ocrx_word' id='word_1_487' title='bbox 3927 2075 4155 2145; x_wconf 85' lang='lat' dir='ltr'><strong>quisque</strong></span> <span class='ocrx_word' id='word_1_488' title='bbox 4191 2076 4295 2130; x_wconf 88' lang='lat' dir='ltr'><strong>sui.</strong></span> 
     </span>
    </p>

    <p class='ocr_par' dir='ltr' id='par_1_13' title="bbox 2908 2138 4193 2281">
     <span class='ocr_line' id='line_1_72' title="bbox 2908 2138 3458 2210; baseline -0.004 -14"><span class='ocrx_word' id='word_1_489' title='bbox 2908 2138 3108 2195; x_wconf 85' lang='lat' dir='ltr'><strong>Omnes</strong></span> <span class='ocrx_word' id='word_1_490' title='bbox 3141 2147 3458 2210; x_wconf 81' lang='lat' dir='ltr'><strong>peccarunt:</strong></span> 
     </span>
     <span class='ocr_line' id='line_1_73' title="bbox 3046 2208 4193 2281; baseline 0.004 -20"><span class='ocrx_word' id='word_1_491' title='bbox 3046 2208 3264 2263; x_wconf 88' lang='lat' dir='ltr'><strong>Deserit</strong></span> <span class='ocrx_word' id='word_1_492' title='bbox 3298 2215 3356 2263; x_wconf 91' lang='lat' dir='ltr'><strong>et</strong></span> <span class='ocrx_word' id='word_1_493' title='bbox 3388 2215 3585 2263; x_wconf 75' lang='lat' dir='ltr'><strong>merita</strong></span> <span class='ocrx_word' id='word_1_494' title='bbox 3617 2215 3793 2265; x_wconf 86' lang='lat' dir='ltr'><strong>morte</strong></span> <span class='ocrx_word' id='word_1_495' title='bbox 3827 2212 4007 2281; x_wconf 89' lang='lat' dir='ltr'><strong>perire</strong></span> <span class='ocrx_word' id='word_1_496' title='bbox 4041 2213 4193 2266; x_wconf 88' lang='lat' dir='ltr'><strong>sinit.</strong></span> 
     </span>
    </p>

    <p class='ocr_par' dir='ltr' id='par_1_14' title="bbox 2908 2275 4381 2417">
     <span class='ocr_line' id='line_1_74' title="bbox 2908 2275 4381 2350; baseline 0.002 -20"><span class='ocrx_word' id='word_1_497' title='bbox 2908 2275 3079 2347; x_wconf 88' lang='lat' dir='ltr'><strong>Inque</strong></span> <span class='ocrx_word' id='word_1_498' title='bbox 3112 2276 3216 2332; x_wconf 89' lang='lat' dir='ltr'><strong>hoc</strong></span> <span class='ocrx_word' id='word_1_499' title='bbox 3248 2278 3527 2345; x_wconf 85' lang='lat' dir='ltr'><strong>iustitiam,</strong></span> <span class='ocrx_word' id='word_1_500' title='bbox 3564 2279 3864 2334; x_wconf 86' lang='lat' dir='ltr'><strong>bonitatem</strong></span> <span class='ocrx_word' id='word_1_501' title='bbox 3898 2280 4141 2335; x_wconf 86' lang='lat' dir='ltr'><strong>ostendit</strong></span> <span class='ocrx_word' id='word_1_502' title='bbox 4175 2283 4233 2335; x_wconf 91' lang='lat' dir='ltr'><strong>in</strong></span> <span class='ocrx_word' id='word_1_503' title='bbox 4266 2280 4381 2350; x_wconf 84' lang='lat' dir='ltr'><strong>illo,</strong></span> 
     </span>
     <span class='ocr_line' id='line_1_75' title="bbox 3047 2347 4297 2417; baseline 0.005 -18"><span class='ocrx_word' id='word_1_504' title='bbox 3047 2347 3122 2400; x_wconf 78' lang='lat' dir='ltr'><strong>Et</strong></span> <span class='ocrx_word' id='word_1_505' title='bbox 3154 2347 3273 2400; x_wconf 80' lang='lat' dir='ltr'><strong>vult</strong></span> <span class='ocrx_word' id='word_1_506' title='bbox 3306 2347 3410 2402; x_wconf 88' lang='lat' dir='ltr'><strong>hoc</strong></span> <span class='ocrx_word' id='word_1_507' title='bbox 3442 2349 3689 2417; x_wconf 84' lang='lat' dir='ltr'><strong>geminae</strong></span> <span class='ocrx_word' id='word_1_508' title='bbox 3723 2348 3897 2403; x_wconf 88' lang='lat' dir='ltr'><strong>laudis</strong></span> <span class='ocrx_word' id='word_1_509' title='bbox 3931 2350 4138 2405; x_wconf 88' lang='lat' dir='ltr'><strong>honore</strong></span> <span class='ocrx_word' id='word_1_510' title='bbox 4174 2350 4297 2404; x_wconf 85' lang='lat' dir='ltr'><strong>coli.</strong></span> 
     </span>
    </p>

    <p class='ocr_par' dir='ltr' id='par_1_15' title="bbox 2912 2413 4541 2554">
     <span class='ocr_line' id='line_1_76' title="bbox 2912 2413 4541 2486; baseline 0.002 -17"><span class='ocrx_word' id='word_1_511' title='bbox 2912 2413 2960 2469; x_wconf 88' lang='lat' dir='ltr'>O</span> <span class='ocrx_word' id='word_1_512' title='bbox 2994 2415 3158 2481; x_wconf 87' lang='lat' dir='ltr'><strong>Deus,</strong></span> <span class='ocrx_word' id='word_1_513' title='bbox 3196 2415 3341 2470; x_wconf 83' lang='lat' dir='ltr'><strong>hunc</strong></span> <span class='ocrx_word' id='word_1_514' title='bbox 3372 2417 3643 2486; x_wconf 84' lang='lat' dir='ltr'><strong>geminum</strong></span> <span class='ocrx_word' id='word_1_515' title='bbox 3678 2418 3782 2472; x_wconf 87' lang='lat' dir='ltr'><strong>tibi</strong></span> <span class='ocrx_word' id='word_1_516' title='bbox 3816 2419 3902 2472; x_wconf 77' lang='lat' dir='ltr'><strong>fac</strong></span> <span class='ocrx_word' id='word_1_517' title='bbox 3937 2418 4241 2474; x_wconf 84' lang='lat' dir='ltr'><strong>tribuamus</strong></span> <span class='ocrx_word' id='word_1_518' title='bbox 4275 2418 4541 2484; x_wconf 83' lang='lat' dir='ltr'><strong>honorem,</strong></span> 
     </span>
     <span class='ocr_line' id='line_1_77' title="bbox 3047 2484 4209 2554; baseline -0.001 -14"><span class='ocrx_word' id='word_1_519' title='bbox 3047 2484 3127 2540; x_wconf 89' lang='lat' dir='ltr'><strong>Ut</strong></span> <span class='ocrx_word' id='word_1_520' title='bbox 3161 2500 3230 2539; x_wconf 88' lang='lat' dir='ltr'><strong>ne</strong></span> <span class='ocrx_word' id='word_1_521' title='bbox 3265 2486 3382 2540; x_wconf 86' lang='lat' dir='ltr'><strong>iras</strong></span> <span class='ocrx_word' id='word_1_522' title='bbox 3417 2486 3584 2540; x_wconf 79' lang='lat' dir='ltr'><strong>simus</strong></span> <span class='ocrx_word' id='word_1_523' title='bbox 3617 2486 3800 2540; x_wconf 90' lang='lat' dir='ltr'><strong>tristia</strong></span> <span class='ocrx_word' id='word_1_524' title='bbox 3841 2505 3970 2542; x_wconf 82' lang='lat' dir='ltr'><strong>vasa</strong></span> <span class='ocrx_word' id='word_1_525' title='bbox 4002 2494 4147 2542; x_wconf 85' lang='lat' dir='ltr'><strong>tuae.</strong></span> <span class='ocrx_word' id='word_1_526' title='bbox 4166 2490 4209 2554; x_wconf 82' lang='grc' dir='ltr'><strong>ι)</strong></span> 
     </span>
    </p>
   </div>
   <div class='ocr_carea' id='block_1_10' title="bbox 3751 2142 4302 2213">
    <p class='ocr_par' dir='ltr' id='par_1_16' title="bbox 3751 2142 4302 2213">
     <span class='ocr_line' id='line_1_78' title="bbox 3751 2142 4302 2213; baseline 0.004 -17"><span class='ocrx_word' id='word_1_527' title='bbox 3751 2142 3894 2197; x_wconf 88' lang='lat' dir='ltr'><strong>hunc</strong></span> <span class='ocrx_word' id='word_1_528' title='bbox 3930 2143 4111 2213; x_wconf 90' lang='lat' dir='ltr'><strong>eripit,</strong></span> <span class='ocrx_word' id='word_1_529' title='bbox 4147 2145 4302 2198; x_wconf 87' lang='lat' dir='ltr'><strong>illum</strong></span> 
     </span>
    </p>
   </div>
   <div class='ocr_carea' id='block_1_11' title="bbox 3252 3130 4236 3376">
    <p class='ocr_par' dir='ltr' id='par_1_17' title="bbox 3252 3130 4236 3376">
     <span class='ocr_line' id='line_1_79' title="bbox 3644 3130 3835 3210; baseline 0 -11"><span class='ocrx_word' id='word_1_530' title='bbox 3644 3130 3835 3210; x_wconf 72' lang='lat'><strong>1⁶⁰2.</strong></span> 
     </span>
     <span class='ocr_line' id='line_1_80' title="bbox 3252 3300 4236 3376; baseline 0.01 -10"><span class='ocrx_word' id='word_1_531' title='bbox 3252 3300 3751 3370; x_wconf 72' lang='lat' dir='ltr'><strong>PARELLUS</strong></span> <span class='ocrx_word' id='word_1_532' title='bbox 3794 3304 4236 3376; x_wconf 81' lang='lat' dir='ltr'>OALVINO.</span> 
     </span>
    </p>
   </div>
   <div class='ocr_carea' id='block_1_12' title="bbox 2939 3476 4816 3573">
    <p class='ocr_par' dir='ltr' id='par_1_18' title="bbox 2939 3476 4816 3573">
     <span class='ocr_line' id='line_1_81' title="bbox 2939 3476 4816 3573; baseline 0.005 -19"><span class='ocrx_word' id='word_1_533' title='bbox 2939 3486 3217 3556; x_wconf 63' lang='lat' dir='ltr'><strong>Modesto</strong></span> <span class='ocrx_word' id='word_1_534' title='bbox 3259 3491 3486 3573; x_wconf 72' lang='lat' dir='ltr'><strong>accipit</strong></span> <span class='ocrx_word' id='word_1_535' title='bbox 3525 3493 3714 3559; x_wconf 59' lang='lat' dir='ltr'><strong>amica·</strong></span> <span class='ocrx_word' id='word_1_536' title='bbox 3745 3493 4227 3562; x_wconf 64' lang='lat' dir='ltr'><strong>admonitionem</strong></span> <span class='ocrx_word' id='word_1_537' title='bbox 4261 3476 4337 3565; x_wconf 71' lang='lat' dir='ltr'><strong>&#39;ae</strong></span> <span class='ocrx_word' id='word_1_538' title='bbox 4369 3499 4691 3565; x_wconf 59' lang='lat' dir='ltr'><strong>conciam</strong></span> <span class='ocrx_word' id='word_1_539' title='bbox 4815 3547 4816 3564; x_wconf 17' lang='grc' dir='ltr'><strong><em>Ν</em></strong></span> 
     </span>
    </p>
   </div>
   <div class='ocr_carea' id='block_1_13' title="bbox 2764 3575 4694 3921">
    <p class='ocr_par' dir='ltr' id='par_1_19' title="bbox 2764 3575 4694 3921">
     <span class='ocr_line' id='line_1_82' title="bbox 2768 3575 4691 3662; baseline 0.004 -20"><span class='ocrx_word' id='word_1_540' title='bbox 2768 3594 3037 3642; x_wconf 77' lang='lat' dir='ltr'><strong>suarum</strong></span> <span class='ocrx_word' id='word_1_541' title='bbox 3065 3575 3449 3658; x_wconf 68' lang='lat' dir='ltr'><strong>prolixitate.</strong></span> <span class='ocrx_word' id='word_1_542' title='bbox 3544 3576 3742 3645; x_wconf 82' lang='lat' dir='ltr'><strong>Porro</strong></span> <span class='ocrx_word' id='word_1_543' title='bbox 3783 3582 4060 3662; x_wconf 74' lang='lat' dir='ltr'><strong>recoquit</strong></span> <span class='ocrx_word' id='word_1_544' title='bbox 4096 3580 4353 3651; x_wconf 76' lang='lat' dir='ltr'><strong>Bolseoi</strong></span> <span class='ocrx_word' id='word_1_545' title='bbox 4408 3590 4462 3649; x_wconf 72' lang='lat' dir='ltr'><strong>ot</strong></span> <span class='ocrx_word' id='word_1_546' title='bbox 4502 3582 4691 3650; x_wconf 81' lang='lat' dir='ltr'><strong>Folle·</strong></span> 
     </span>
     <span class='ocr_line' id='line_1_83' title="bbox 2767 3661 4694 3752; baseline 0.005 -27"><span class='ocrx_word' id='word_1_547' title='bbox 2767 3661 2858 3726; x_wconf 81' lang='lat' dir='ltr'><strong>sii</strong></span> <span class='ocrx_word' id='word_1_548' title='bbox 2896 3681 3193 3727; x_wconf 81' lang='lat' dir='ltr'><strong>venenum</strong></span> <span class='ocrx_word' id='word_1_549' title='bbox 3233 3663 3523 3746; x_wconf 71' lang='lat' dir='ltr'><strong>cupitque</strong></span> <span class='ocrx_word' id='word_1_550' title='bbox 3563 3665 3769 3731; x_wconf 80' lang='lat' dir='ltr'><strong>videre</strong></span> <span class='ocrx_word' id='word_1_551' title='bbox 3797 3663 4000 3746; x_wconf 77' lang='lat' dir='ltr'><strong>plura</strong></span> <span class='ocrx_word' id='word_1_552' title='bbox 4032 3687 4249 3735; x_wconf 81' lang='lat' dir='ltr'><strong>eorum</strong></span> <span class='ocrx_word' id='word_1_553' title='bbox 4290 3689 4453 3752; x_wconf 75' lang='lat' dir='ltr'><strong>quae</strong></span> <span class='ocrx_word' id='word_1_554' title='bbox 4493 3671 4556 3737; x_wconf 79' lang='lat' dir='ltr'><strong>in</strong></span> <span class='ocrx_word' id='word_1_555' title='bbox 4596 3670 4694 3735; x_wconf 74' lang='lat' dir='ltr'><strong>hoo</strong></span> 
     </span>
     <span class='ocr_line' id='line_1_84' title="bbox 2765 3747 4694 3839; baseline 0.003 -25"><span class='ocrx_word' id='word_1_556' title='bbox 2765 3766 2964 3814; x_wconf 78' lang='lat' dir='ltr'><strong>causa</strong></span> <span class='ocrx_word' id='word_1_557' title='bbox 3004 3747 3243 3830; x_wconf 61' lang='lat' dir='ltr'><strong>scripta</strong></span> <span class='ocrx_word' id='word_1_558' title='bbox 3283 3754 3450 3816; x_wconf 76' lang='lat' dir='ltr'><strong>sunt.</strong></span> <span class='ocrx_word' id='word_1_559' title='bbox 3522 3747 3854 3818; x_wconf 75' lang='lat' dir='ltr'><strong>Calvinum</strong></span> <span class='ocrx_word' id='word_1_560' title='bbox 3893 3750 4183 3819; x_wconf 76' lang='lat' dir='ltr'><strong>hortatur</strong></span> <span class='ocrx_word' id='word_1_561' title='bbox 4225 3761 4297 3821; x_wconf 76' lang='lat' dir='ltr'><strong>ut</strong></span> <span class='ocrx_word' id='word_1_562' title='bbox 4324 3756 4467 3839; x_wconf 76' lang='lat' dir='ltr'><strong>piis</strong></span> <span class='ocrx_word' id='word_1_563' title='bbox 4512 3755 4694 3823; x_wconf 74' lang='lat' dir='ltr'><strong>Gallis</strong></span> 
     </span>
     <span class='ocr_line' id='line_1_85' title="bbox 2764 3832 4508 3921; baseline 0.007 -23"><span class='ocrx_word' id='word_1_564' title='bbox 2764 3832 2963 3899; x_wconf 71' lang='lat' dir='ltr'><strong>dmuo</strong></span> <span class='ocrx_word' id='word_1_565' title='bbox 2992 3835 3480 3918; x_wconf 65' lang='lat' dir='ltr'><strong>persequutione</strong></span> <span class='ocrx_word' id='word_1_566' title='bbox 3522 3837 3770 3903; x_wconf 75' lang='lat' dir='ltr'><strong>vexatis</strong></span> <span class='ocrx_word' id='word_1_567' title='bbox 3814 3857 4054 3921; x_wconf 75' lang='lat' dir='ltr'><strong>quoquo</strong></span> <span class='ocrx_word' id='word_1_568' title='bbox 4097 3841 4279 3908; x_wconf 82' lang='lat' dir='ltr'><strong>modo</strong></span> <span class='ocrx_word' id='word_1_569' title='bbox 4324 3842 4508 3910; x_wconf 69' lang='lat' dir='ltr'><strong>adsit.</strong></span> 
     </span>
    </p>
   </div>
   <div class='ocr_carea' id='block_1_14' title="bbox 2765 4019 4695 4172">
    <p class='ocr_par' dir='ltr' id='par_1_20' title="bbox 2765 4019 4695 4172">
     <span class='ocr_line' id='line_1_86' title="bbox 2765 4019 4694 4102; baseline 0.005 -29"><span class='ocrx_word' id='word_1_570' title='bbox 2765 4019 2877 4102; x_wconf 68' lang='lat' dir='ltr'><strong>(Ex</strong></span> <span class='ocrx_word' id='word_1_571' title='bbox 2912 4025 3141 4091; x_wconf 83' lang='lat' dir='ltr'><strong>autogra</strong></span> <span class='ocrx_word' id='word_1_572' title='bbox 3178 4021 3249 4077; x_wconf 87' lang='lat' dir='ltr'><strong>ho</strong></span> <span class='ocrx_word' id='word_1_573' title='bbox 3268 4023 3397 4079; x_wconf 90' lang='lat' dir='ltr'><strong>Cod.</strong></span> <span class='ocrx_word' id='word_1_574' title='bbox 3417 4023 3619 4080; x_wconf 66' lang='lat' dir='ltr'><strong>Gener.</strong></span> <span class='ocrx_word' id='word_1_575' title='bbox 3648 4024 3767 4094; x_wconf 77' lang='lat'><strong>115,</strong></span> <span class='ocrx_word' id='word_1_576' title='bbox 3805 4024 3894 4080; x_wconf 80' lang='lat' dir='ltr'><strong>fol.</strong></span> <span class='ocrx_word' id='word_1_577' title='bbox 3918 4022 4013 4091; x_wconf 88' lang='grc'><strong>99,</strong></span> <span class='ocrx_word' id='word_1_578' title='bbox 4051 4028 4158 4082; x_wconf 84' lang='lat' dir='ltr'><strong>iam</strong></span> <span class='ocrx_word' id='word_1_579' title='bbox 4238 4030 4419 4086; x_wconf 77' lang='lat' dir='ltr'><strong>tidem</strong></span> <span class='ocrx_word' id='word_1_580' title='bbox 4449 4031 4694 4099; x_wconf 83' lang='lat' dir='ltr'><strong>descripto</strong></span> 
     </span>
     <span class='ocr_line' id='line_1_87' title="bbox 2767 4047 4695 4172; baseline 0.004 -30"><span class='ocrx_word' id='word_1_581' title='bbox 2767 4106 2822 4143; x_wconf 78' lang='lat' dir='ltr'><strong>in</strong></span> <span class='ocrx_word' id='word_1_582' title='bbox 2880 4087 3014 4144; x_wconf 87' lang='lat' dir='ltr'><strong>Ood.</strong></span> <span class='ocrx_word' id='word_1_583' title='bbox 3063 4090 3128 4143; x_wconf 89' lang='lat'><strong>11</strong></span> <span class='ocrx_word' id='word_1_584' title='bbox 3172 4130 3194 4160; x_wconf 87' lang='lat'><strong>,</strong></span> <span class='ocrx_word' id='word_1_585' title='bbox 3244 4092 3335 4146; x_wconf 82' lang='lat' dir='ltr'><strong>fol.</strong></span> <span class='ocrx_word' id='word_1_586' title='bbox 3383 4092 3484 4160; x_wconf 76' lang='lat'><strong>24,</strong></span> <span class='ocrx_word' id='word_1_587' title='bbox 3544 4095 3602 4147; x_wconf 89' lang='lat' dir='ltr'><strong>in</strong></span> <span class='ocrx_word' id='word_1_588' title='bbox 3655 4093 3740 4164; x_wconf 80' lang='lat' dir='ltr'><strong>Ep</strong></span> <span class='ocrx_word' id='word_1_589' title='bbox 3782 4129 3796 4146; x_wconf 86' lang='lat'><strong>.</strong></span> <span class='ocrx_word' id='word_1_590' title='bbox 3842 4093 4098 4149; x_wconf 85' lang='lat' dir='ltr'><strong>Beruens.</strong></span> <span class='ocrx_word' id='word_1_591' title='bbox 4139 4047 4241 4154; x_wconf 58' lang='lat' dir='ltr'><strong>Vf.</strong></span> <span class='ocrx_word' id='word_1_592' title='bbox 4294 4117 4347 4172; x_wconf 86' lang='lat' dir='ltr'><strong>p.</strong></span> <span class='ocrx_word' id='word_1_593' title='bbox 4395 4098 4522 4166; x_wconf 79' lang='lat'><strong>223.</strong></span> <span class='ocrx_word' id='word_1_594' title='bbox 4574 4108 4624 4154; x_wconf 83' lang='lat' dir='ltr'><strong>et</strong></span> <span class='ocrx_word' id='word_1_595' title='bbox 4667 4113 4695 4150; x_wconf 73' lang='lat' dir='ltr'><strong>a</strong></span> 
     </span>
    </p>
   </div>
   <div class='ocr_carea' id='block_1_15' title="bbox 3469 4160 4006 4230">
    <p class='ocr_par' dir='ltr' id='par_1_21' title="bbox 3469 4160 4006 4230">
     <span class='ocr_line' id='line_1_88' title="bbox 3469 4160 4006 4230; baseline -0.002 -13"><span class='ocrx_word' id='word_1_596' title='bbox 3469 4162 3700 4217; x_wconf 85' lang='lat' dir='ltr'><strong>Simlero</strong></span> <span class='ocrx_word' id='word_1_597' title='bbox 3781 4163 3853 4217; x_wconf 90' lang='lat' dir='ltr'><strong>ol.</strong></span> <span class='ocrx_word' id='word_1_598' title='bbox 3889 4160 4006 4230; x_wconf 74' lang='lat'><strong>7⁷.)</strong></span> 
     </span>
    </p>
   </div>
   <div class='ocr_carea' id='block_1_16' title="bbox 2764 4315 3174 4325">
    <p class='ocr_par' dir='ltr' id='par_1_22' title="bbox 2764 4315 3174 4325">
     <span class='ocr_line' id='line_1_89' title="bbox 2764 4315 3174 4325; baseline 0.002 -1"><span class='ocrx_word' id='word_1_599' title='bbox 2764 4315 3174 4325; x_wconf 73' lang='lat'>-—-———-———</span> 
     </span>
    </p>
   </div>
   <div class='ocr_carea' id='block_1_17' title="bbox 2760 4799 4696 5398">
    <p class='ocr_par' dir='ltr' id='par_1_23' title="bbox 2760 4799 4696 5398">
     <span class='ocr_line' id='line_1_90' title="bbox 3449 4799 4003 4874; baseline 0.004 -19"><span class='ocrx_word' id='word_1_600' title='bbox 3449 4799 3625 4856; x_wconf 74' lang='lat' dir='ltr'><strong>Maior</strong></span> <span class='ocrx_word' id='word_1_601' title='bbox 3656 4818 3690 4855; x_wconf 85' lang='lat' dir='ltr'><strong>a</strong></span> <span class='ocrx_word' id='word_1_602' title='bbox 3725 4801 4003 4874; x_wconf 80' lang='lat' dir='ltr'><strong>Philippo:</strong></span> 
     </span>
     <span class='ocr_line' id='line_1_91' title="bbox 2764 4866 4696 5004; baseline 0.004 -85"><span class='ocrx_word' id='word_1_603' title='bbox 2764 4866 3359 5004; x_wconf 42' lang='lat' dir='ltr'><strong>gglusstsiqugzvinss,</strong></span> <span class='ocrx_word' id='word_1_604' title='bbox 3396 4885 3535 4939; x_wconf 84' lang='lat' dir='ltr'><strong>qnae</strong></span> <span class='ocrx_word' id='word_1_605' title='bbox 3569 4869 3979 4927; x_wconf 85' lang='lat' dir='ltr'><strong>immutabiliter</strong></span> <span class='ocrx_word' id='word_1_606' title='bbox 4013 4872 4156 4928; x_wconf 86' lang='lat' dir='ltr'><strong>bona</strong></span> <span class='ocrx_word' id='word_1_607' title='bbox 4192 4885 4306 4943; x_wconf 83' lang='lat' dir='ltr'><strong>est,</strong></span> <span class='ocrx_word' id='word_1_608' title='bbox 4345 4893 4528 4932; x_wconf 84' lang='lat' dir='ltr'><strong>omnes</strong></span> <span class='ocrx_word' id='word_1_609' title='bbox 4562 4874 4696 4928; x_wconf 71' lang='lat' dir='ltr'><strong>effec-</strong></span> 
     </span>
     <span class='ocr_line' id='line_1_92' title="bbox 3206 5022 4260 5097; baseline 0.007 -19"><span class='ocrx_word' id='word_1_610' title='bbox 3206 5022 3391 5079; x_wconf 70' lang='lat' dir='ltr'><strong>Hinor</strong></span> <span class='ocrx_word' id='word_1_611' title='bbox 3422 5041 3456 5078; x_wconf 86' lang='lat' dir='ltr'><strong>a</strong></span> <span class='ocrx_word' id='word_1_612' title='bbox 3489 5024 3713 5080; x_wconf 75' lang='lat' dir='ltr'><strong>Calvino</strong></span> <span class='ocrx_word' id='word_1_613' title='bbox 3747 5025 3882 5097; x_wconf 77' lang='lat' dir='ltr'><strong>Gap.</strong></span> <span class='ocrx_word' id='word_1_614' title='bbox 3915 5025 3950 5080; x_wconf 85' lang='lat'><strong>9</strong></span> <span class='ocrx_word' id='word_1_615' title='bbox 3984 5026 4056 5082; x_wconf 81' lang='lat' dir='ltr'><strong>sd</strong></span> <span class='ocrx_word' id='word_1_616' title='bbox 4087 5028 4260 5085; x_wconf 72' lang='lat' dir='ltr'><strong>Rome</strong></span> 
     </span>
     <span class='ocr_line' id='line_1_93' title="bbox 2761 5091 4696 5167; baseline 0.002 -20"><span class='ocrx_word' id='word_1_617' title='bbox 2761 5091 2939 5163; x_wconf 77' lang='lat' dir='ltr'><strong>Atqui</strong></span> <span class='ocrx_word' id='word_1_618' title='bbox 2997 5097 3110 5146; x_wconf 85' lang='lat' dir='ltr'><strong>tam</strong></span> <span class='ocrx_word' id='word_1_619' title='bbox 3151 5093 3480 5164; x_wconf 57' lang='lat' dir='ltr'><strong>*reprobatio</strong></span> <span class='ocrx_word' id='word_1_620' title='bbox 3545 5109 3789 5149; x_wconf 76' lang='lat' dir='ltr'><strong>vasorum</strong></span> <span class='ocrx_word' id='word_1_621' title='bbox 3843 5096 3958 5151; x_wconf 73' lang='lat' dir='ltr'><strong>irae</strong></span> <span class='ocrx_word' id='word_1_622' title='bbox 4005 5113 4168 5167; x_wconf 79' lang='lat' dir='ltr'><strong>qaam</strong></span> <span class='ocrx_word' id='word_1_623' title='bbox 4217 5100 4419 5155; x_wconf 81' lang='lat' dir='ltr'><strong>electio</strong></span> <span class='ocrx_word' id='word_1_624' title='bbox 4470 5109 4696 5157; x_wconf 70' lang='lat' dir='ltr'><strong>vasorum</strong></span> 
     </span>
     <span class='ocr_line' id='line_1_94' title="bbox 2760 5160 3948 5234; baseline 0.005 -19"><span class='ocrx_word' id='word_1_625' title='bbox 2760 5160 2974 5233; x_wconf 77' lang='lat' dir='ltr'><strong>gratiae</strong></span> <span class='ocrx_word' id='word_1_626' title='bbox 3009 5160 3231 5215; x_wconf 77' lang='lat' dir='ltr'><strong>effectus</strong></span> <span class='ocrx_word' id='word_1_627' title='bbox 3265 5167 3351 5217; x_wconf 85' lang='lat' dir='ltr'><strong>est</strong></span> <span class='ocrx_word' id='word_1_628' title='bbox 3384 5163 3680 5220; x_wconf 81' lang='lat' dir='ltr'><strong>voluntatis</strong></span> <span class='ocrx_word' id='word_1_629' title='bbox 3711 5162 3948 5234; x_wconf 79' lang='lat' dir='ltr'><strong>divinae,</strong></span> 
     </span>
     <span class='ocr_line' id='line_1_95' title="bbox 3379 5247 4084 5318; baseline 0.004 -13"><span class='ocrx_word' id='word_1_630' title='bbox 3379 5247 3666 5305; x_wconf 78' lang='lat' dir='ltr'><strong>Conclusio</strong></span> <span class='ocrx_word' id='word_1_631' title='bbox 3698 5247 3821 5318; x_wconf 79' lang='lat' dir='ltr'><strong>piae</strong></span> <span class='ocrx_word' id='word_1_632' title='bbox 3855 5251 4084 5308; x_wconf 83' lang='lat' dir='ltr'><strong>mentis=</strong></span> 
     </span>
     <span class='ocr_line' id='line_1_96' title="bbox 2763 5316 3902 5398; baseline 0 -26"><span class='ocrx_word' id='word_1_633' title='bbox 2763 5316 2912 5388; x_wconf 79' lang='lat' dir='ltr'><strong>Ergo</strong></span> <span class='ocrx_word' id='word_1_634' title='bbox 2945 5320 3175 5387; x_wconf 84' lang='lat' dir='ltr'><strong>uterque</strong></span> <span class='ocrx_word' id='word_1_635' title='bbox 3209 5318 3432 5375; x_wconf 66' lang='lat' dir='ltr'><strong>effectu·</strong></span> <span class='ocrx_word' id='word_1_636' title='bbox 3467 5318 3640 5373; x_wconf 85' lang='lat' dir='ltr'><strong>bonus</strong></span> <span class='ocrx_word' id='word_1_637' title='bbox 3673 5323 3775 5373; x_wconf 86' lang='lat' dir='ltr'><strong>est.</strong></span> <span class='ocrx_word' id='word_1_638' title='bbox 3899 5395 3902 5398; x_wconf 6' lang='grc' dir='ltr'>μ</span> 
     </span>
    </p>
   </div>
  </div>
 </body>
</html>
