4900 6167
300 452 393 512 161

294 634 359 700 sd
396 654 513 700 nos
577 639 851 699 venerat
866 683 882 710 ‚
936 643 1013 698 ut
1055 632 1343 716 aliquam
1384 632 1823 701 conditionem
1876 634 2210 719 reperiret,

278 733 649 803 ²tempusque
681 739 839 785 suae
873 717 1318 785 destitutionis
1353 717 1739 787 traduceret.
1810 720 1875 787 N
1877 741 2005 786 une
2037 741 2214 787 sum-

290 826 447 872 mum
501 807 573 870 in
628 804 989 888 perieulum
1046 803 1371 871 adductus
1425 805 1509 871 ad
1564 828 1679 873 vos
1733 828 2037 873 reversus
2091 814 2211 884 est,

290 902 355 957 ut
384 892 529 957 istie
572 891 795 975 aliquo
836 890 1030 957 modo
1072 891 1310 957 liberos
1352 912 1531 958 meos
1576 902 1910 976 exspectet
1942 912 2107 976 quos
2151 891 2215 959 ei

291 977 586 1063 regendos
628 977 1184 1061 instituendusque
1227 976 1485 1044 tradere
1525 980 1849 1045 constitui.
1920 978 2092 1045 Nam
2137 999 2216 1045 eo

288 1065 521 1150 quidem
568 1075 666 1130 est
711 1074 779 1130 et
820 1065 1086 1149 ingenio
1126 1075 1193 1129 et
1233 1063 1450 1129 studio
1482 1086 1686 1148 quum
1711 1064 2041 1131 doctrinae
2083 1064 2212 1132 ele-

291 1152 481 1237 gantis
526 1161 667 1215 tum
714 1170 872 1216 vero
915 1151 1178 1233 pietatis
1220 1170 1295 1217 ae
1340 1151 1690 1235 religionis,
1737 1159 1812 1216 ut
1854 1151 2214 1236 perdignus

289 1236 721 1304 benevolentia
797 1247 1021 1302 nost-ra
1094 1245 1159 1301 et
1243 1235 1803 1302 commendatione
1888 1235 2212 1302 videatur.

286 1323 498 1406 Itaque
540 1343 661 1405 pro
704 1341 852 1387 mea
892 1322 1390 1398 consuetudine,
1448 1331 1643 1405 atque
1686 1322 2035 1388 excellenti
2078 1325 2216 1406 opi-

288 1412 457 1475 nione
509 1429 711 1490 quam
768 1406 848 1473 de
903 1417 1021 1472 tua
1080 1409 1492 1472 humanitate
1555 1427 1630 1475 ae
1674 1411 1947 1474 caritate
1991 1408 2214 1488 habeo,

286 1515 399 1561 non
444 1491 739 1559 dubitavi
798 1514 947 1558 eum
993 1493 1112 1559 tibi
1155 1492 1639 1573 commendare,
1692 1513 2219 1579 magnopereque

290 1605 321 1647 a
359 1591 419 1646 te
459 1591 612 1663 peto
657 1589 733 1645 ut
766 1579 975 1662 quoad
1011 1581 1139 1645 mei
1178 1582 1347 1644 istuc
1393 1581 1661 1644 veniant
1703 1582 1811 1663 qui
1850 1581 1928 1645 ad
1977 1602 2217 1664 paucos

288 1687 525 1732 menses
560 1675 719 1731 sunt
748 1666 1026 1743 venturi,
1063 1664 1314 1749 aliquid
1350 1667 1410 1730 ei
1446 1667 1812 1749 reperiatur
1849 1687 1974 1750 quo
2012 1669 2217 1732 vitam

288 1759 637 1817 sustentem
679 1772 868 1815 suam
913 1754 1133 1835 possit.
1226 1751 1393 1816 Mihi
1437 1752 1699 1835 quidem
1744 1763 1926 1818 tuum
1973 1752 2217 1818 benefi-

288 1841 441 1905 cium
484 1845 749 1920 gratum
794 1837 918 1902 erit
963 1847 1102 1901 tum
1148 1836 1325 1921 apud
1370 1858 1521 1902 eum
1566 1838 1880 1920 positum,
1941 1841 2055 1923 qui
2097 1859 2219 1904 nec

286 1945 415 1989 mea
457 1921 1020 1989 commendatione
1074 1945 1193 1989 nee
1253 1935 1367 1988 tua
1422 1924 1848 2006 opitulatione
1904 1925 2217 2009 indignus

286 2032 407 2076 esse
466 2007 785 2074 videatur.
875 2009 1045 2073 Nam
1103 2030 1230 2093 quo
1288 2018 1389 2074 est
1445 2010 1711 2093 ingenio
1766 2019 1958 2093 atque
2001 2010 2217 2076 studio

286 2116 456 2246 ff
490 2095 680 2160 illum
702 2093 1008 2160 ecelesiae
1033 2094 1378 2179 aliquando
1398 2118 1533 2161 non
1571 2095 1870 2161 inutilem
1906 2098 2215 2164 futurum.

448 2182 569 2247 hoc
614 2182 791 2246 satis.

438 2267 583 2350 Ego
640 2287 829 2349 spero
884 2264 1141 2331 Domini
1196 2266 1601 2351 benignitate
1666 2291 1772 2335 me
1829 2268 1912 2333 ad
1976 2291 2218 2353 paucos

286 2351 405 2419 dies
440 2353 522 2417 ad
560 2372 681 2417 vos
716 2362 1088 2429 venturum,
1133 2352 1257 2418 hoc
1290 2355 1507 2419 animo
1542 2366 1616 2419 ut
1653 2374 1802 2419 eum
1838 2353 2219 2421 fidelissima

284 2460 476 2504 uxore
530 2440 1068 2521 suavissimisque
1120 2438 1342 2505 liberis
1408 2441 1475 2503 iu
1533 2442 1679 2507 sinu
1746 2462 1820 2508 ac
1871 2442 2217 2525 complexu

284 2525 469 2590 huius
512 2523 826 2590 ecclesiae
870 2535 938 2589 et
978 2525 1202 2588 vivam
1246 2534 1314 2590 et
1355 2526 1637 2592 libenter
1678 2531 1936 2593 moriar.
2027 2528 2217 2592 Sem-

284 2610 529 2692 piterna
583 2610 673 2676 sit
726 2610 871 2676 laus
913 2609 1203 2675 Domino
1259 2612 1371 2695 qui
1428 2634 1535 2678 me
1589 2634 1626 2676 e
1679 2613 1869 2679 domo
1926 2616 2220 2682 evocavit

282 2715 475 2779 eoque
529 2694 749 2762 studio
807 2703 1002 2780 atque
1069 2718 1290 2763 amore
1346 2701 1414 2763 in
1475 2720 1595 2764 vos
1652 2699 2088 2766 inflammavit
2142 2708 2219 2765 ut

281 2781 602 2849 vobiscum
646 2787 749 2846 καὶ
790 2785 964 2867 συζῆν
993 2788 1096 2847 καὶ
1137 2792 1572 2849 συναποθανεῖν
1613 2788 1890 2869 cupiam.
1980 2786 2219 2853 Ombis

282 2866 476 2950 igitur
518 2866 880 2934 Dominum
928 2877 1004 2935 ut
1044 2871 1209 2936 mihi
1254 2891 1330 2937 ac
1373 2873 1537 2937 meis
1584 2869 1985 2940 domicilium
2030 2874 2217 2956 quasi

279 2952 500 3019 nidum
543 2954 828 3037 aliquem
872 2958 1242 3022 constituat.
1318 2958 1462 3041 Ego
1505 2959 1678 3025 hanc
1720 2959 2058 3027 ecelesiam
2102 2978 2218 3024 ve-

281 3039 614 3106 hementer
656 3043 1108 3125 perturbatam
1154 3053 1411 3114 vestrae
1454 3043 1940 3112 benevolentiae
1983 3045 2219 3111 carita-

280 3126 443 3209 tique
489 3129 688 3193 etiam
733 3135 929 3211 atque
962 3131 1162 3194 etiam
1195 3131 1593 3196 commendo.
1668 3131 1769 3196 Ea
1802 3152 2004 3215 quum
2046 3130 2218 3195 mul-

280 3211 356 3277 tis
394 3214 463 3277 in
510 3214 709 3279 rebus
752 3212 1066 3280 declarari
1112 3227 1338 3297 potest,
1383 3226 1525 3281 tum
1570 3219 1915 3300 praecipue
1956 3218 2026 3282 in
2067 3237 2218 3300 pre-

282 3297 479 3363 cibus:
540 3319 816 3382 quarum
882 3302 1149 3384 quidem
1205 3304 1277 3367 in
1331 3302 1455 3368 hae
1500 3313 1720 3369 vestra
1763 3303 2035 3371 ecelesia
2075 3323 2217 3368 ma·

281 3384 445 3450 xima
510 3393 615 3451 est
681 3387 897 3469 gratia
966 3411 1005 3452 a
1078 3409 1158 3453 ue
1228 3388 1547 3454 autoritas
1612 3387 1785 3471 apud
1837 3389 2216 3455 Dominum.

281 3469 431 3536 Eius
628 3472 690 3535 ia
732 3483 799 3536 et
840 3493 969 3555 pax
1013 3484 1099 3539 sit
1140 3475 1497 3539 vobiscum.

502 3557 831 3623 wibert&
874 3581 1068 3642 quem
1113 3571 1185 3624 tu
1230 3560 1313 3625 ad
1357 3582 1475 3627 nos
1532 3563 1771 3627 misisti
1815 3572 2081 3628 strenue
2124 3562 2217 3625 la-

283 3641 483 3722 borat,
538 3653 734 3727 atque
772 3646 842 3709 in
888 3646 1011 3712 hae
1056 3667 1201 3711 mea
1242 3647 1670 3713 occultatione
1711 3648 2069 3731 plurimum
2114 3669 2219 3714 ec-

280 3726 533 3795 clesiam
578 3730 781 3797 iuvat.
871 3732 1017 3814 Ego
1074 3732 1250 3796 domi
1300 3733 1596 3799 inclusus
1640 3733 1931 3818 quotidie
1976 3733 2057 3798 ad
2101 3754 2219 3801 vos

284 3816 496 3898 cogito.
585 3815 737 3882 Una
777 3825 881 3881 est
937 3817 1171 3883 salutis
1213 3840 1397 3885 meae
1437 3822 1629 3896 ratio,
1689 3820 1920 3886 domus
1975 3821 2048 3883 in
2089 3843 2220 3906 qua

283 3896 435 3998 dego
491 3903 838 3986 ignoratio.
943 3903 1113 3969 Vale
1154 3905 1219 3968 in
1268 3904 1576 3982 Domino,
1637 3909 1839 3973 frater
1904 3908 2217 3973 amantis-

280 4001 449 4051 mne.

1369 4113 1551 4181 Tuus
1592 4116 1763 4198 App.
1813 4114 2042 4181 Claud.

1153 4691 1335 4764 1519.

802 4847 1270 4915 OALVINUS
1318 4851 1685 4920 VIRE'PO.

442 5019 772 5087 Invehitur
841 5020 911 5084 in
990 5019 1384 5087 Mauri-sium
1457 5024 1764 5104 quendam
1834 5021 2216 5090 Bernensm

281 5104 632 5173 metrum
674 5111 884 5173 eontra
927 5107 1135 5188 ipsius
1175 5109 1518 5174 doctrinm·
1554 5108 2040 5176 deblaterantem.

160 5326 174 5339 .
285 5291 461 5352 (Hane
512 5297 717 5367 scripta
765 5312 873 5351 non
922 5303 1120 5352 exstat.
1194 5299 1380 5353 Edidit
1431 5301 1574 5353 Besa
1608 5299 1809 5353 Genev.
1848 5319 1900 5371 p.
1935 5304 2018 5372 99,
2056 5305 2212 5360 Laus.

421 5381 472 5434 p·
511 5363 629 5432 221,
666 5366 877 5420 Hanov.
916 5383 967 5435 p.
1001 5364 1122 5432 247,
1158 5367 1368 5421 Ohouet
1403 5387 1454 5438 p.
1496 5367 1608 5436 133,
1649 5369 1819 5424 Amet.
1857 5387 1908 5439 p.
1943 5374 2056 5442 60.)

480 5449 703 5505 Oak-’ui
734 5465 918 5520 opera.
1002 5451 1115 5508 Vol.
1153 5451 1252 5507 XI
1262 5454 1318 5511 V.
1596 5511 1601 5516 ,

1967 446 2125 509 1551
2175 441 2569 511 AUGUST.

4141 455 4266 516 162

2487 629 2862 698 Statueram
2921 632 3003 697 ad
3063 643 3126 700 te
3169 656 3342 703 nune
3386 639 3645 718 venire,
3703 647 3771 705 et
3823 639 3953 706 iam
4008 640 4093 707 ad
4136 643 4272 708 iter

2313 714 2777 801 propemodum
2822 718 3146 786 accinctus
3197 742 3394 788 eram.
3425 727 3478 802 ¹)
3565 721 3927 808 Sperabam
3972 725 4264 795 adventu

2312 811 2536 869 nostro
2578 802 2794 886 aliqua
2850 804 2992 870 eius
3044 805 3382 875 molestiae
3446 823 3633 892 parte
3686 810 3976 879 levatum
4033 819 4095 880 te
4150 815 4260 892 iri,

2315 908 2445 972 qua
2501 897 2566 955 te
2621 888 2905 974 improbi
2959 890 3072 956 isti
3130 893 3486 960 nebulones
3536 897 3850 963 afficiunt.
3872 899 3931 982 2)
4030 898 4266 981 Quan-

2313 995 2508 1057 quam
2567 974 2746 1039 enim
2806 975 2889 1040 ad
2945 985 3012 1041 te
3064 998 3198 1043 non
3249 980 3637 1065 pertingunt
3693 1004 3920 1048 eorum
3962 983 4271 1069 latratus,

2314 1060 2459 1125 fieri
2502 1065 2723 1125 tamen
2768 1082 2898 1125 non
2942 1068 3159 1144 potest
3197 1066 3356 1147 quin
3400 1074 3467 1131 te
3502 1066 3609 1131 vel
3652 1066 3946 1135 mordeat
3989 1071 4097 1136 vel
4132 1071 4266 1137 sal‘-

2316 1152 2451 1211 tem
2489 1155 2741 1231 pungat
2774 1157 2910 1212 tam
2943 1147 3215 1234 indigna
3249 1151 3638 1235 malignitas.
3710 1153 4029 1222 Libenter
4062 1158 4268 1223 etiam

2316 1251 2464 1297 cum
2511 1231 2591 1297 D.
2643 1231 2928 1298 Zerkinte
2969 1234 3378 1317 colloquutus
3421 1257 3652 1318 essem,
3686 1261 3877 1322 quem
3922 1241 4068 1309 istic
4122 1243 4265 1308 fore

2318 1317 2673 1383 audieram.
2762 1315 2981 1383 Velim
3028 1321 3303 1400 interea,
3360 1333 3435 1388 ut
3487 1329 3652 1388 cum*
3695 1324 3809 1392 illo
3854 1347 4044 1410 agas,
4099 1350 4265 1393 num

2320 1415 2456 1467 tam
2543 1406 2921 1488 importuna
3005 1401 3374 1473 Francisci.
3422 1407 3738 1475 Mauri-sii
3759 1415 3812 1486 ³)
3891 1413 4263 1496 petulantia

2319 1491 2637 1572 compesci
2680 1499 2893 1572 queat.
2981 1492 3135 1556 Mea
3176 1503 3351 1559 certe
3397 1515 3530 1559 non
3576 1497 3799 1580 magni
3843 1497 4057 1563 refert.
4125 1499 4265 1582 Cur

2319 1577 2494 1640 enim
2517 1577 2934 1642 scarabaeum
2956 1579 3023 1642 in
3047 1598 3164 1644 sua
3184 1578 3419 1662 palude
3441 1581 3829 1647 frementem
3851 1605 4080 1650 secure
4112 1604 4263 1649 con-

2321 1671 2612 1726 temnere
2677 1683 2806 1727 non
2870 1661 3104 1730 liceat?
3216 1663 3351 1730 Sed
3414 1687 3521 1731 me
3591 1670 3965 1753 exemplum
4023 1681 4263 1736 movet.

2318 1745 2630 1814 Indoctus
2667 1749 3027 1815 monachus
3043 1753 3101 1826 ⁴)
3148 1750 3310 1815 mihi
3343 1751 3416 1816 in
3452 1772 3620 1837 pago
3654 1755 3922 1837 ignobili
3960 1754 4262 1821 detrahit.

2318 1831 2718 1899 Ridiculum.
2817 1834 2950 1900 Sed
2993 1856 3136 1901 esse
3180 1837 3729 1916 concionatorem,
3789 1842 3897 1922 qui
3943 1861 4062 1923 pro
4106 1863 4262 1925 sug-

2318 1928 2510 2002 gestu
2554 1918 2954 1998 declamitet,
3013 1945 3131 1987 nos
3183 1944 3326 1988 esse
3381 1924 3655 2007 papistis
3699 1925 4081 1992 deteriores:
4149 1926 4264 2009 qui

2318 2007 2388 2070 in
2432 2006 2814 2072 consistorio
2853 2008 3164 2091 scriptam
3210 2030 3413 2096 manu
3455 2031 3576 2075 sua
3609 2011 3919 2077 schedam
3962 2013 4267 2094 proferat,

2319 2092 2431 2157 ubi
2475 2113 2583 2157 me
2626 2093 3012 2158 nominatim
3070 2095 3288 2177 arguit
3338 2095 3504 2161 falsa
3561 2107 3629 2161 et
3671 2097 3795 2162 Dei
3850 2099 4052 2164 verbo
4110 2119 4265 2165 con-

2321 2178 2522 2242 traria
2567 2176 2812 2258 docere,
2856 2177 2971 2243 ubi
3014 2201 3121 2245 me
3165 2181 3583 2263 impostorem
3629 2192 3852 2260 vocat,
3911 2181 4023 2248 ubi
4065 2182 4157 2248 im
4205 2184 4266 2249 ie

2318 2264 2566 2329 sentire
2621 2262 2897 2330 blaterat
2951 2265 3062 2348 qui
3118 2265 3281 2331 mihi
3333 2269 3805 2333 assentiuntur:
3867 2267 4030 2332 mihi
4075 2290 4117 2334 v
4185 2268 4266 2335 de

2320 2350 2626 2415 acerbum
2669 2359 2785 2428 est,
2827 2351 2989 2416 alios
3032 2352 3230 2417 etiam
3276 2353 3485 2436 magis
3529 2354 3792 2420 cruciat.
3882 2353 3944 2417 N
3948 2375 4034 2419 on
4079 2353 4261 2418 videt

2318 2437 2519 2502 miser
2559 2437 2690 2513 ille,
2737 2435 2902 2500 nihil
2946 2458 3017 2502 se
3060 2440 3372 2520 proficere
3416 2438 3613 2516 aliud,
3658 2439 3787 2504 nisi
3820 2437 3993 2522 quod
4040 2460 4112 2504 se
4147 2437 4259 2504 de-

2317 2521 2694 2588 testandum
2737 2522 2909 2604 plebi
2952 2522 3077 2589 sibi
3114 2525 3497 2590 commissae
3540 2526 3859 2609 propinat.
3945 2525 4089 2608 Ego
4132 2526 4266 2590 iam

2318 2607 2455 2674 illic
2512 2609 2767 2692 papista
2823 2608 3178 2674 existimor.
3283 2610 3385 2674 Eo
3439 2611 3706 2676 nomine
3758 2631 3862 2676 me
3921 2621 4145 2675 amant
4190 2633 4265 2676 ac

2322 2694 2484 2759 mihi
2545 2695 2787 2759 favent.
2898 2692 3151 2759 Verum
3215 2695 3472 2760 interea
3546 2698 3872 2763 laceratur
3936 2695 4263 2775 Ohristus,

2319 2779 2764 2862 improborum
2832 2779 3329 2846 maledicentiae
3381 2785 3730 2866 exponitur
3795 2783 3936 2848 eius
4003 2783 4264 2862 veritas,

2321 2865 2621 2930 infirmae
2664 2866 3097 2932 conscientiae
3139 2865 3644 2933 labefactantur:
3691 2878 3757 2933 et
3814 2865 4080 2933 tandem
4123 2868 4267 2933 lou-

2318 2952 2467 3034 gius
2509 2957 2855 3034 spargetur
2905 2951 3114 3029 fama,
3171 2954 3301 3018 iam
3365 2974 3483 3018 nos
3530 2953 3869 3019 intestinis
3927 2951 4268 3020 discordiis

2318 3037 2614 3120 flagrare.
2682 3035 3077 3120 Quanquam
3118 3036 3441 3104 haetenus
3475 3039 3725 3121 quievi:
3771 3039 4009 3104 fratres
4045 3047 4268 3104 tamen

2318 3125 2451 3188 mei
2493 3123 2760 3200 instant,
2807 3144 2938 3187 non
2983 3123 3258 3188 ulterius
3301 3121 3640 3188 ferendum
3676 3145 3836 3202 esse,
3882 3131 3962 3189 ut
4008 3123 4266 3208 publice

2319 3209 2507 3274 nobis
2550 3206 2925 3274 videntibus
2982 3218 3050 3273 et
3106 3209 3461 3274 scientibus
3503 3208 3850 3275 damnetur
3892 3210 4265 3277 eommunis

2320 3293 2627 3361 eeclesiae
2671 3301 2934 3360 nostrae
2975 3293 3291 3362 doctrina.
3359 3295 3581 3360 Etiam
3627 3296 3822 3361 nimis
3862 3295 4263 3378 praefractos

2320 3391 2387 3446 et
2429 3401 2719 3445 morosos
2762 3379 3044 3463 placavit
3087 3390 3310 3445 nostra
3353 3402 3503 3447 eum
3525 3381 3861 3466 Tigurinis
3905 3380 4266 3447 eoncordia.

2318 3465 2647 3532 Narrabat
2687 3467 2864 3530 euim
2907 3464 3316 3533 Theobaldus
3368 3467 3685 3550 Tequerus
3706 3471 3758 3550 8)
3817 3488 4011 3551 quem
4065 3469 4256 3545 nosti,

2320 3574 2529 3636 nuper
2571 3552 2694 3619 hac
2729 3551 3072 3627 transiens,
3118 3551 3615 3638 Nurbergenses
3649 3554 3810 3618 mihi
3848 3551 4263 3637 applaudere.

2322 3636 2458 3704 Sed
2499 3638 2736 3703 nebulo
2797 3637 2902 3703 hic
2962 3638 3029 3703 in
3086 3639 3224 3704 suis
3280 3639 3547 3705 latebris
3605 3637 4062 3705 tumultuando
4125 3637 4270 3704 vult

2320 3722 2566 3808 aliquid
2622 3723 2832 3789 famae
2905 3725 3253 3807 acquirere.
3359 3725 3502 3808 Ego
3565 3735 3637 3789 ut
3697 3725 3881 3789 litem
3945 3744 4263 3799 moveam,

2322 3811 2609 3877 nondum
2690 3809 3104 3892 persuadeor.
3210 3808 3342 3878 Sed
3409 3810 3562 3892 quid
3628 3821 3891 3875 censeat
3951 3809 4272 3874 Zerkeztes

2321 3916 2717 3981 magnopere
2760 3895 2926 3961 scire
2964 3895 3265 3980 expedit:
3324 3904 3391 3961 et
3434 3904 3504 3960 tu
3550 3917 3747 3979 quum
3795 3895 4020 3961 venies
4071 3893 4271 3960 simul

2321 3981 2661 4048 eonsilium
2710 3995 2895 4046 tuum
2938 3982 3189 4047 afferes.
3279 3980 3462 4057 Vale,
3509 3981 3712 4047 frater
3755 3983 3998 4063 optime
4059 3988 4126 4045 et
4169 3981 4270 4044 in-

2321 4055 2688 4152 tegerrime.
2779 4065 3013 4132 Saluta
3068 4088 3340 4131 uxorem
3398 4080 3462 4131 et
3520 4067 3753 4132 filiolas
3799 4088 3942 4131 meo
3987 4064 4267 4132 nomine.

2322 4154 2648 4219 Dominus
2684 4173 2805 4218 vos
2839 4172 3066 4218 omnes
3102 4161 3380 4230 tueatur,
3419 4152 3601 4217 vobis
3643 4151 3832 4229 adsit,
3874 4172 3996 4217 vos
4030 4150 4269 4236 guber-

2322 4246 2449 4305 net.
2541 4238 2767 4304 Nostri
2812 4245 2877 4303 te
2920 4237 3275 4321 plurimum
3318 4237 3621 4304 salutant.
3711 4238 4058 4304 Fratribus
4103 4258 4266 4320 quo-

2319 4345 2447 4408 que
2489 4325 2636 4391 istic
2677 4324 3025 4407 plurimam
3068 4343 3150 4387 ex
3195 4345 3298 4387 me
3343 4322 3619 4389 salutem
3669 4323 3860 4390 dices.
3932 4322 4268 4401 Genavae»,

2323 4417 2377 4476 ὃ.
2414 4408 2576 4476 Idus
2621 4409 2904 4494 Augusti
2959 4413 3135 4472 1551.

2320 4570 2377 4576 -ο
2388 4569 2724 4577 ---——--—-—.-—.--

2317 4651 2489 4707 1510.
2526 4650 2585 4712 1)
2626 4648 2889 4705 Proximo
2913 4646 3131 4717 quidem
3153 4652 3467 4717 temporem
3492 4662 3678 4702 senon
3697 4647 3990 4703 eone-aim
4024 4646 4264 4701 videtur.

2504 4719 2585 4911 Ξ
2615 4718 2837 4843 gigo
2861 4716 3166 4868 wisifra
3197 4801 3284 4856 ep.
3309 4785 3529 4868 Calvp‘ni
3561 4784 3938 4867 administros
3954 4785 4270 4866 Beruenses

2320 4858 2399 4912 N.
2437 4852 4078 5002 154igrbofflplgm'eraloeerremeerdcsibtfmsseoateadd.
4205 4990 4214 5002 θ

2525 4993 3529 5063 5)1hcherorm9m‚siqm'dem
3573 4992 3640 5047 de
3684 4992 3791 5046 hac
3835 4989 4275 5059 commmoda,

2325 5065 2722 5133 Non-imberque
2756 5065 2928 5120 clara.

3071 5275 3480 5285 u—-——·-——-—-———--—--

3789 5457 3852 5511 11
