<?xml version="1.0" encoding="UTF-8"?>
<!DOCTYPE html PUBLIC "-//W3C//DTD XHTML 1.0 Transitional//EN"
    "http://www.w3.org/TR/xhtml1/DTD/xhtml1-transitional.dtd">
<html xmlns="http://www.w3.org/1999/xhtml" xml:lang="en" lang="en">
 <head>
  <title>
</title>
<meta http-equiv="Content-Type" content="text/html;charset=utf-8" />
  <meta name='ocr-system' content='tesseract 3.04.00' />
  <meta name='ocr-capabilities' content='ocr_page ocr_carea ocr_par ocr_line ocrx_word'/>
</head>
<body>
  <div class='ocr_page' id='page_1' title='image "./ioanniscalvinio03unkngoog_0342.png"; bbox 0 0 4900 6167; ppageno 0'>
   <div class='ocr_carea' id='block_1_1' title="bbox 714 352 840 415">
    <p class='ocr_par' dir='ltr' id='par_1_1' title="bbox 714 352 840 415">
     <span class='ocr_line' id='line_1_1' title="bbox 714 352 840 415; baseline 0.008 -1"><span class='ocrx_word' id='word_1_1' title='bbox 714 352 840 415; x_wconf 78' lang='lat'><strong>655</strong></span> 
     </span>
    </p>
   </div>
   <div class='ocr_carea' id='block_1_2' title="bbox 684 529 2664 4727">
    <p class='ocr_par' dir='ltr' id='par_1_2' title="bbox 684 529 2664 4727">
     <span class='ocr_line' id='line_1_2' title="bbox 758 529 2654 619; baseline -0.005 -14"><span class='ocrx_word' id='word_1_2' title='bbox 758 561 913 605; x_wconf 90' lang='lat' dir='ltr'><strong>uam</strong></span> <span class='ocrx_word' id='word_1_3' title='bbox 956 544 1172 603; x_wconf 84' lang='lat' dir='ltr'><strong>tamen</strong></span> <span class='ocrx_word' id='word_1_4' title='bbox 1218 533 1440 619; x_wconf 88' lang='lat' dir='ltr'><strong>adepti</strong></span> <span class='ocrx_word' id='word_1_5' title='bbox 1482 540 1639 600; x_wconf 88' lang='lat' dir='ltr'><strong>sunt</strong></span> <span class='ocrx_word' id='word_1_6' title='bbox 1679 529 1851 615; x_wconf 92' lang='lat' dir='ltr'><strong>quod</strong></span> <span class='ocrx_word' id='word_1_7' title='bbox 1894 530 2262 615; x_wconf 88' lang='lat' dir='ltr'><strong>captabant,</strong></span> <span class='ocrx_word' id='word_1_8' title='bbox 2308 541 2384 598; x_wconf 90' lang='lat' dir='ltr'><strong>ut</strong></span> <span class='ocrx_word' id='word_1_9' title='bbox 2431 531 2510 596; x_wconf 91' lang='lat' dir='ltr'><strong>de</strong></span> <span class='ocrx_word' id='word_1_10' title='bbox 2545 532 2654 597; x_wconf 82' lang='lat' dir='ltr'><strong>via</strong></span> 
     </span>
     <span class='ocr_line' id='line_1_3' title="bbox 757 617 2655 701; baseline -0.004 -11"><span class='ocrx_word' id='word_1_11' title='bbox 757 627 1138 690; x_wconf 88' lang='lat' dir='ltr'><strong>eflecterem.</strong></span> <span class='ocrx_word' id='word_1_12' title='bbox 1224 621 1314 686; x_wconf 89' lang='lat' dir='ltr'><strong>Et</strong></span> <span class='ocrx_word' id='word_1_13' title='bbox 1370 622 1502 685; x_wconf 90' lang='lat' dir='ltr'><strong>iam</strong></span> <span class='ocrx_word' id='word_1_14' title='bbox 1561 617 1645 683; x_wconf 88' lang='lat' dir='ltr'><strong>ad</strong></span> <span class='ocrx_word' id='word_1_15' title='bbox 1701 638 1929 682; x_wconf 88' lang='lat' dir='ltr'><strong>omnes</strong></span> <span class='ocrx_word' id='word_1_16' title='bbox 1986 638 2212 682; x_wconf 90' lang='lat' dir='ltr'><strong>eorum</strong></span> <span class='ocrx_word' id='word_1_17' title='bbox 2272 618 2655 701; x_wconf 75' lang='lat' dir='ltr'><strong>punctiones</strong></span> 
     </span>
     <span class='ocr_line' id='line_1_4' title="bbox 708 702 2656 795; baseline -0.004 -20"><span class='ocrx_word' id='word_1_18' title='bbox 708 708 965 795; x_wconf 81' lang='lat' dir='ltr'><strong>pridem</strong></span> <span class='ocrx_word' id='word_1_19' title='bbox 1003 706 1296 773; x_wconf 90' lang='lat' dir='ltr'><strong>obdurui.</strong></span> <span class='ocrx_word' id='word_1_20' title='bbox 1367 705 1692 770; x_wconf 79' lang='lat' dir='ltr'><strong>Dominus</strong></span> <span class='ocrx_word' id='word_1_21' title='bbox 1736 702 1912 768; x_wconf 90' lang='lat' dir='ltr'><strong>enim</strong></span> <span class='ocrx_word' id='word_1_22' title='bbox 1956 703 2052 768; x_wconf 87' lang='lat' dir='ltr'><strong>ita</strong></span> <span class='ocrx_word' id='word_1_23' title='bbox 2089 723 2196 768; x_wconf 94' lang='lat' dir='ltr'><strong>me</strong></span> <span class='ocrx_word' id='word_1_24' title='bbox 2238 704 2414 769; x_wconf 86' lang='lat' dir='ltr'><strong>intra</strong></span> <span class='ocrx_word' id='word_1_25' title='bbox 2455 703 2656 769; x_wconf 81' lang='lat' dir='ltr'><strong>breve</strong></span> 
     </span>
     <span class='ocr_line' id='line_1_5' title="bbox 710 789 2655 874; baseline -0.004 -14"><span class='ocrx_word' id='word_1_26' title='bbox 710 803 845 860; x_wconf 89' lang='lat' dir='ltr'><strong>tem</strong></span> <span class='ocrx_word' id='word_1_27' title='bbox 893 815 974 859; x_wconf 91' lang='lat' dir='ltr'><strong>us</strong></span> <span class='ocrx_word' id='word_1_28' title='bbox 1008 795 1079 858; x_wconf 89' lang='lat' dir='ltr'><strong>in</strong></span> <span class='ocrx_word' id='word_1_29' title='bbox 1114 794 1239 859; x_wconf 88' lang='lat' dir='ltr'><strong>hac</strong></span> <span class='ocrx_word' id='word_1_30' title='bbox 1275 800 1467 874; x_wconf 81' lang='lat' dir='ltr'><strong>gente</strong></span> <span class='ocrx_word' id='word_1_31' title='bbox 1503 789 1812 865; x_wconf 88' lang='lat' dir='ltr'><strong>exercuit,</strong></span> <span class='ocrx_word' id='word_1_32' title='bbox 1856 798 1933 853; x_wconf 91' lang='lat' dir='ltr'><strong>ut</strong></span> <span class='ocrx_word' id='word_1_33' title='bbox 1975 789 2202 854; x_wconf 85' lang='lat' dir='ltr'><strong>multis</strong></span> <span class='ocrx_word' id='word_1_34' title='bbox 2238 789 2655 873; x_wconf 82' lang='lat' dir='ltr'><strong>experimen·</strong></span> 
     </span>
     <span class='ocr_line' id='line_1_6' title="bbox 709 873 2656 962; baseline -0.004 -16"><span class='ocrx_word' id='word_1_35' title='bbox 709 882 798 946; x_wconf 74' lang='lat' dir='ltr'><strong>tis</strong></span> <span class='ocrx_word' id='word_1_36' title='bbox 890 879 1181 947; x_wconf 90' lang='lat' dir='ltr'><strong>idicerim</strong></span> <span class='ocrx_word' id='word_1_37' title='bbox 1225 899 1421 962; x_wconf 90' lang='lat' dir='ltr'><strong>quam</strong></span> <span class='ocrx_word' id='word_1_38' title='bbox 1465 875 1673 941; x_wconf 90' lang='lat' dir='ltr'><strong>multa</strong></span> <span class='ocrx_word' id='word_1_39' title='bbox 1715 874 1965 940; x_wconf 82' lang='lat' dir='ltr'>Christi</span> <span class='ocrx_word' id='word_1_40' title='bbox 2008 875 2330 941; x_wconf 78' lang='lat' dir='ltr'><strong>ministris</strong></span> <span class='ocrx_word' id='word_1_41' title='bbox 2384 873 2656 941; x_wconf 80' lang='lat' dir='ltr'><strong>ferenda</strong></span> 
     </span>
     <span class='ocr_line' id='line_1_7' title="bbox 709 960 2654 1047; baseline -0.004 -16"><span class='ocrx_word' id='word_1_42' title='bbox 709 966 862 1033; x_wconf 92' lang='lat' dir='ltr'><strong>sint.</strong></span> <span class='ocrx_word' id='word_1_43' title='bbox 960 965 1147 1030; x_wconf 83' lang='lat' dir='ltr'><strong>Idem</strong></span> <span class='ocrx_word' id='word_1_44' title='bbox 1210 984 1498 1047; x_wconf 87' lang='lat' dir='ltr'><strong>quoque,</strong></span> <span class='ocrx_word' id='word_1_45' title='bbox 1566 970 1642 1026; x_wconf 91' lang='lat' dir='ltr'><strong>ut</strong></span> <span class='ocrx_word' id='word_1_46' title='bbox 1707 979 1924 1043; x_wconf 87' lang='lat' dir='ltr'><strong>spero,</strong></span> <span class='ocrx_word' id='word_1_47' title='bbox 1993 960 2105 1043; x_wconf 90' lang='lat' dir='ltr'><strong>qui</strong></span> <span class='ocrx_word' id='word_1_48' title='bbox 2165 981 2270 1026; x_wconf 90' lang='lat' dir='ltr'><strong>me</strong></span> <span class='ocrx_word' id='word_1_49' title='bbox 2335 960 2654 1025; x_wconf 86' lang='lat' dir='ltr'><strong>hactenus</strong></span> 
     </span>
     <span class='ocr_line' id='line_1_8' title="bbox 710 1044 2650 1129; baseline -0.004 -10"><span class='ocrx_word' id='word_1_50' title='bbox 710 1052 1062 1129; x_wconf 78' lang='lat' dir='ltr'><strong>sustinuit,</strong></span> <span class='ocrx_word' id='word_1_51' title='bbox 1122 1070 1253 1115; x_wconf 92' lang='lat' dir='ltr'><strong>non</strong></span> <span class='ocrx_word' id='word_1_52' title='bbox 1309 1048 1545 1113; x_wconf 91' lang='lat' dir='ltr'><strong>minori</strong></span> <span class='ocrx_word' id='word_1_53' title='bbox 1601 1048 1671 1110; x_wconf 91' lang='lat' dir='ltr'><strong>in</strong></span> <span class='ocrx_word' id='word_1_54' title='bbox 1725 1056 2059 1129; x_wconf 90' lang='lat' dir='ltr'><strong>posterum</strong></span> <span class='ocrx_word' id='word_1_55' title='bbox 2115 1044 2497 1111; x_wconf 88' lang='lat' dir='ltr'><strong>fortitudine</strong></span> <span class='ocrx_word' id='word_1_56' title='bbox 2549 1046 2650 1112; x_wconf 91' lang='lat' dir='ltr'><strong>in-</strong></span> 
     </span>
     <span class='ocr_line' id='line_1_9' title="bbox 711 1131 2654 1217; baseline -0.005 -14"><span class='ocrx_word' id='word_1_57' title='bbox 711 1144 939 1203; x_wconf 87' lang='lat' dir='ltr'><strong>struet.</strong></span> <span class='ocrx_word' id='word_1_58' title='bbox 1026 1135 1249 1217; x_wconf 78' lang='lat' dir='ltr'><strong>Quare</strong></span> <span class='ocrx_word' id='word_1_59' title='bbox 1292 1136 1433 1200; x_wconf 89' lang='lat' dir='ltr'><strong>eius</strong></span> <span class='ocrx_word' id='word_1_60' title='bbox 1468 1132 1712 1198; x_wconf 90' lang='lat' dir='ltr'><strong>auxilio</strong></span> <span class='ocrx_word' id='word_1_61' title='bbox 1755 1133 1959 1196; x_wconf 83' lang='lat' dir='ltr'><strong>fretus</strong></span> <span class='ocrx_word' id='word_1_62' title='bbox 2003 1133 2364 1209; x_wconf 87' lang='lat' dir='ltr'><strong>stationem,</strong></span> <span class='ocrx_word' id='word_1_63' title='bbox 2410 1131 2481 1197; x_wconf 92' lang='lat' dir='ltr'><strong>in</strong></span> <span class='ocrx_word' id='word_1_64' title='bbox 2525 1150 2654 1214; x_wconf 90' lang='lat' dir='ltr'><strong>qua</strong></span> 
     </span>
     <span class='ocr_line' id='line_1_10' title="bbox 710 1214 2652 1302; baseline -0.004 -13"><span class='ocrx_word' id='word_1_65' title='bbox 710 1244 819 1289; x_wconf 90' lang='lat' dir='ltr'><strong>me</strong></span> <span class='ocrx_word' id='word_1_66' title='bbox 876 1221 1143 1299; x_wconf 80' lang='lat' dir='ltr'><strong>locavit,</strong></span> <span class='ocrx_word' id='word_1_67' title='bbox 1206 1239 1539 1302; x_wconf 88' lang='lat' dir='ltr'><strong>nunquam</strong></span> <span class='ocrx_word' id='word_1_68' title='bbox 1604 1216 1828 1283; x_wconf 83' lang='lat' dir='ltr'><strong>volens</strong></span> <span class='ocrx_word' id='word_1_69' title='bbox 1881 1214 2197 1283; x_wconf 82' lang='lat' dir='ltr'><strong>deseram.</strong></span> <span class='ocrx_word' id='word_1_70' title='bbox 2286 1216 2349 1282; x_wconf 84' lang='lat' dir='ltr'>N</span> <span class='ocrx_word' id='word_1_71' title='bbox 2351 1239 2423 1284; x_wconf 91' lang='lat' dir='ltr'><strong>ec</strong></span> <span class='ocrx_word' id='word_1_72' title='bbox 2479 1237 2652 1297; x_wconf 86' lang='lat' dir='ltr'><strong>ver0,</strong></span> 
     </span>
     <span class='ocr_line' id='line_1_11' title="bbox 756 1301 2648 1390; baseline -0.004 -16"><span class='ocrx_word' id='word_1_73' title='bbox 756 1329 917 1374; x_wconf 91' lang='lat' dir='ltr'><strong>uum</strong></span> <span class='ocrx_word' id='word_1_74' title='bbox 939 1307 1045 1374; x_wconf 88' lang='grc'><strong>1116</strong></span> <span class='ocrx_word' id='word_1_75' title='bbox 1067 1328 1278 1390; x_wconf 84' lang='lat' dir='ltr'><strong>nuper</strong></span> <span class='ocrx_word' id='word_1_76' title='bbox 1323 1313 1496 1370; x_wconf 86' lang='lat' dir='ltr'><strong>esset</strong></span> <span class='ocrx_word' id='word_1_77' title='bbox 1518 1306 1602 1370; x_wconf 92' lang='lat' dir='ltr'><strong>D.</strong></span> <span class='ocrx_word' id='word_1_78' title='bbox 1631 1301 2093 1384; x_wconf 75' lang='lat' dir='ltr'><strong>Gualtkerus‚²)</strong></span> <span class='ocrx_word' id='word_1_79' title='bbox 2139 1303 2293 1369; x_wconf 90' lang='lat' dir='ltr'><strong>ullis</strong></span> <span class='ocrx_word' id='word_1_80' title='bbox 2314 1310 2648 1369; x_wconf 87' lang='lat' dir='ltr'><strong>contume-</strong></span> 
     </span>
     <span class='ocr_line' id='line_1_12' title="bbox 707 1329 2653 1477; baseline -0.004 -18"><span class='ocrx_word' id='word_1_81' title='bbox 707 1329 816 1459; x_wconf 61' lang='lat' dir='ltr'><strong>flia</strong></span> <span class='ocrx_word' id='word_1_82' title='bbox 861 1393 969 1459; x_wconf 86' lang='lat' dir='ltr'><strong>vel</strong></span> <span class='ocrx_word' id='word_1_83' title='bbox 1010 1390 1513 1477; x_wconf 81' lang='lat' dir='ltr'><strong>indignitatibus</strong></span> <span class='ocrx_word' id='word_1_84' title='bbox 1557 1390 1800 1455; x_wconf 86' lang='lat' dir='ltr'><strong>fractus</strong></span> <span class='ocrx_word' id='word_1_85' title='bbox 1858 1387 1942 1453; x_wconf 84' lang='lat' dir='ltr'><strong>ad</strong></span> <span class='ocrx_word' id='word_1_86' title='bbox 1982 1386 2343 1453; x_wconf 89' lang='lat' dir='ltr'><strong>cedendum</strong></span> <span class='ocrx_word' id='word_1_87' title='bbox 2384 1410 2492 1453; x_wconf 92' lang='lat' dir='ltr'><strong>me</strong></span> <span class='ocrx_word' id='word_1_88' title='bbox 2535 1409 2653 1470; x_wconf 88' lang='lat' dir='ltr'><strong>pa·</strong></span> 
     </span>
     <span class='ocr_line' id='line_1_13' title="bbox 706 1474 2650 1561; baseline -0.003 -17"><span class='ocrx_word' id='word_1_89' title='bbox 706 1476 964 1545; x_wconf 85' lang='lat' dir='ltr'><strong>rabam:</strong></span> <span class='ocrx_word' id='word_1_90' title='bbox 1023 1478 1136 1543; x_wconf 90' lang='lat' dir='ltr'><strong>sed</strong></span> <span class='ocrx_word' id='word_1_91' title='bbox 1194 1477 1500 1561; x_wconf 91' lang='lat' dir='ltr'><strong>quoniam</strong></span> <span class='ocrx_word' id='word_1_92' title='bbox 1557 1475 1639 1539; x_wconf 90' lang='lat' dir='ltr'><strong>ab</strong></span> <span class='ocrx_word' id='word_1_93' title='bbox 1692 1474 2005 1555; x_wconf 83' lang='lat' dir='ltr'><strong>improbis</strong></span> <span class='ocrx_word' id='word_1_94' title='bbox 2059 1475 2225 1539; x_wconf 86' lang='lat' dir='ltr'><strong>inita</strong></span> <span class='ocrx_word' id='word_1_95' title='bbox 2280 1482 2419 1539; x_wconf 88' lang='lat' dir='ltr'><strong>erat</strong></span> <span class='ocrx_word' id='word_1_96' title='bbox 2464 1475 2650 1552; x_wconf 86' lang='lat' dir='ltr'><strong>ratic,</strong></span> 
     </span>
     <span class='ocr_line' id='line_1_14' title="bbox 710 1558 2650 1648; baseline -0.003 -18"><span class='ocrx_word' id='word_1_97' title='bbox 710 1584 842 1648; x_wconf 89' lang='lat' dir='ltr'><strong>qua</strong></span> <span class='ocrx_word' id='word_1_98' title='bbox 883 1585 988 1629; x_wconf 91' lang='lat' dir='ltr'><strong>me</strong></span> <span class='ocrx_word' id='word_1_99' title='bbox 1030 1564 1313 1629; x_wconf 81' lang='lat' dir='ltr'><strong>invitum</strong></span> <span class='ocrx_word' id='word_1_100' title='bbox 1357 1559 1796 1626; x_wconf 84' lang='lat' dir='ltr'><strong>extruderent.</strong></span> <span class='ocrx_word' id='word_1_101' title='bbox 1890 1558 2176 1639; x_wconf 82' lang='lat' dir='ltr'><strong>Quidam</strong></span> <span class='ocrx_word' id='word_1_102' title='bbox 2196 1562 2253 1637; x_wconf 74' lang='lat'><strong>⁸)</strong></span> <span class='ocrx_word' id='word_1_103' title='bbox 2295 1561 2376 1626; x_wconf 93' lang='lat' dir='ltr'><strong>ob</strong></span> <span class='ocrx_word' id='word_1_104' title='bbox 2419 1560 2650 1624; x_wconf 86' lang='lat' dir='ltr'><strong>effrae-</strong></span> 
     </span>
     <span class='ocr_line' id='line_1_15' title="bbox 707 1646 2651 1730; baseline -0.003 -15"><span class='ocrx_word' id='word_1_105' title='bbox 707 1671 829 1716; x_wconf 89' lang='lat' dir='ltr'><strong>nes</strong></span> <span class='ocrx_word' id='word_1_106' title='bbox 871 1669 1024 1715; x_wconf 90' lang='lat' dir='ltr'><strong>suas</strong></span> <span class='ocrx_word' id='word_1_107' title='bbox 1064 1648 1365 1714; x_wconf 79' lang='lat' dir='ltr'><strong>libidines</strong></span> <span class='ocrx_word' id='word_1_108' title='bbox 1407 1656 1475 1713; x_wconf 93' lang='lat' dir='ltr'><strong>et</strong></span> <span class='ocrx_word' id='word_1_109' title='bbox 1515 1646 1721 1711; x_wconf 88' lang='lat' dir='ltr'><strong>multa</strong></span> <span class='ocrx_word' id='word_1_110' title='bbox 1754 1646 2023 1730; x_wconf 88' lang='lat' dir='ltr'><strong>flagitia,</strong></span> <span class='ocrx_word' id='word_1_111' title='bbox 2069 1665 2308 1710; x_wconf 88' lang='lat' dir='ltr'><strong>coenae</strong></span> <span class='ocrx_word' id='word_1_112' title='bbox 2350 1667 2474 1711; x_wconf 89' lang='lat' dir='ltr'><strong>usu</strong></span> <span class='ocrx_word' id='word_1_113' title='bbox 2519 1646 2651 1729; x_wconf 89' lang='lat' dir='ltr'><strong>pri-</strong></span> 
     </span>
     <span class='ocr_line' id='line_1_16' title="bbox 708 1731 2652 1817; baseline -0.004 -15"><span class='ocrx_word' id='word_1_114' title='bbox 708 1745 902 1802; x_wconf 83' lang='lat' dir='ltr'><strong>vatus</strong></span> <span class='ocrx_word' id='word_1_115' title='bbox 938 1735 1142 1800; x_wconf 90' lang='lat' dir='ltr'><strong>donec</strong></span> <span class='ocrx_word' id='word_1_116' title='bbox 1178 1733 1603 1817; x_wconf 78' lang='lat' dir='ltr'><strong>resipisceret,</strong></span> <span class='ocrx_word' id='word_1_117' title='bbox 1650 1740 2020 1814; x_wconf 88' lang='lat' dir='ltr'><strong>contempto</strong></span> <span class='ocrx_word' id='word_1_118' title='bbox 2065 1731 2371 1797; x_wconf 87' lang='lat' dir='ltr'><strong>ecclesiae</strong></span> <span class='ocrx_word' id='word_1_119' title='bbox 2413 1731 2652 1798; x_wconf 89' lang='lat' dir='ltr'><strong>iudicio</strong></span> 
     </span>
     <span class='ocr_line' id='line_1_17' title="bbox 707 1816 2652 1901; baseline -0.003 -14"><span class='ocrx_word' id='word_1_120' title='bbox 707 1820 969 1887; x_wconf 80' lang='lat' dir='ltr'><strong>volebat</strong></span> <span class='ocrx_word' id='word_1_121' title='bbox 1034 1819 1455 1885; x_wconf 89' lang='lat' dir='ltr'><strong>nihilominus</strong></span> <span class='ocrx_word' id='word_1_122' title='bbox 1516 1817 1804 1882; x_wconf 82' lang='lat' dir='ltr'><strong>admitti:</strong></span> <span class='ocrx_word' id='word_1_123' title='bbox 1875 1826 1944 1882; x_wconf 90' lang='grc'><strong>61</strong></span> <span class='ocrx_word' id='word_1_124' title='bbox 1998 1839 2197 1900; x_wconf 91' lang='lat' dir='ltr'><strong>quum</strong></span> <span class='ocrx_word' id='word_1_125' title='bbox 2251 1816 2472 1901; x_wconf 89' lang='lat' dir='ltr'><strong>palam</strong></span> <span class='ocrx_word' id='word_1_126' title='bbox 2530 1838 2652 1882; x_wconf 89' lang='grc'><strong>6116</strong></span> 
     </span>
     <span class='ocr_line' id='line_1_18' title="bbox 709 1901 2652 1982; baseline -0.002 -11"><span class='ocrx_word' id='word_1_127' title='bbox 709 1907 1112 1972; x_wconf 73' lang='lat' dir='ltr'><strong>contumacia</strong></span> <span class='ocrx_word' id='word_1_128' title='bbox 1161 1908 1264 1971; x_wconf 90' lang='lat' dir='ltr'><strong>ius</strong></span> <span class='ocrx_word' id='word_1_129' title='bbox 1322 1904 1687 1971; x_wconf 88' lang='lat' dir='ltr'><strong>consistorii</strong></span> <span class='ocrx_word' id='word_1_130' title='bbox 1753 1909 2106 1982; x_wconf 86' lang='lat' dir='ltr'><strong>everteret,</strong></span> <span class='ocrx_word' id='word_1_131' title='bbox 2176 1901 2548 1968; x_wconf 84' lang='lat' dir='ltr'><strong>obtinuerat</strong></span> <span class='ocrx_word' id='word_1_132' title='bbox 2612 1925 2652 1967; x_wconf 90' lang='lat' dir='ltr'><strong>a</strong></span> 
     </span>
     <span class='ocr_line' id='line_1_19' title="bbox 708 1988 2648 2075; baseline -0.002 -18"><span class='ocrx_word' id='word_1_133' title='bbox 708 2001 944 2058; x_wconf 88' lang='lat' dir='ltr'><strong>senatu</strong></span> <span class='ocrx_word' id='word_1_134' title='bbox 988 1991 1158 2075; x_wconf 91' lang='lat' dir='ltr'><strong>quod</strong></span> <span class='ocrx_word' id='word_1_135' title='bbox 1204 2012 1503 2056; x_wconf 86' lang='lat' dir='ltr'><strong>recusare</strong></span> <span class='ocrx_word' id='word_1_136' title='bbox 1548 1989 1710 2053; x_wconf 90' lang='lat' dir='ltr'><strong>mihi</strong></span> <span class='ocrx_word' id='word_1_137' title='bbox 1755 2008 2020 2054; x_wconf 86' lang='lat' dir='ltr'><strong>necesse</strong></span> <span class='ocrx_word' id='word_1_138' title='bbox 2062 1989 2205 2053; x_wconf 88' lang='lat' dir='ltr'><strong>fuit.</strong></span> <span class='ocrx_word' id='word_1_139' title='bbox 2276 1988 2648 2067; x_wconf 77' lang='lat' dir='ltr'><strong>Caeterum,</strong></span> 
     </span>
     <span class='ocr_line' id='line_1_20' title="bbox 705 2072 2652 2162; baseline -0.002 -19"><span class='ocrx_word' id='word_1_140' title='bbox 705 2079 861 2162; x_wconf 90' lang='lat' dir='ltr'><strong>quia</strong></span> <span class='ocrx_word' id='word_1_141' title='bbox 880 2079 1164 2143; x_wconf 88' lang='lat' dir='ltr'><strong>ferreum</strong></span> <span class='ocrx_word' id='word_1_142' title='bbox 1186 2097 1258 2142; x_wconf 92' lang='lat' dir='ltr'><strong>os</strong></span> <span class='ocrx_word' id='word_1_143' title='bbox 1276 2075 1560 2141; x_wconf 89' lang='lat' dir='ltr'><strong>hominis</strong></span> <span class='ocrx_word' id='word_1_144' title='bbox 1582 2073 1745 2138; x_wconf 91' lang='lat' dir='ltr'><strong>mihi</strong></span> <span class='ocrx_word' id='word_1_145' title='bbox 1769 2082 1995 2138; x_wconf 89' lang='lat' dir='ltr'><strong>notum</strong></span> <span class='ocrx_word' id='word_1_146' title='bbox 2019 2084 2177 2153; x_wconf 90' lang='lat' dir='ltr'><strong>erat,</strong></span> <span class='ocrx_word' id='word_1_147' title='bbox 2202 2085 2269 2139; x_wconf 91' lang='lat' dir='ltr'><strong>et</strong></span> <span class='ocrx_word' id='word_1_148' title='bbox 2290 2072 2443 2139; x_wconf 89' lang='lat' dir='ltr'><strong>data</strong></span> <span class='ocrx_word' id='word_1_149' title='bbox 2457 2095 2652 2156; x_wconf 90' lang='lat' dir='ltr'><strong>opera</strong></span> 
     </span>
     <span class='ocr_line' id='line_1_21' title="bbox 705 2159 2648 2246; baseline -0.003 -17"><span class='ocrx_word' id='word_1_150' title='bbox 705 2185 853 2230; x_wconf 89' lang='lat' dir='ltr'><strong>eum</strong></span> <span class='ocrx_word' id='word_1_151' title='bbox 899 2162 1177 2246; x_wconf 89' lang='lat' dir='ltr'><strong>improbi</strong></span> <span class='ocrx_word' id='word_1_152' title='bbox 1220 2161 1385 2226; x_wconf 91' lang='lat' dir='ltr'><strong>mihi</strong></span> <span class='ocrx_word' id='word_1_153' title='bbox 1435 2167 1900 2243; x_wconf 89' lang='lat' dir='ltr'><strong>opposuerant,</strong></span> <span class='ocrx_word' id='word_1_154' title='bbox 1959 2168 2033 2225; x_wconf 92' lang='lat' dir='ltr'><strong>ut</strong></span> <span class='ocrx_word' id='word_1_155' title='bbox 2085 2159 2191 2225; x_wconf 89' lang='lat' dir='ltr'><strong>vel</strong></span> <span class='ocrx_word' id='word_1_156' title='bbox 2234 2182 2356 2225; x_wconf 88' lang='lat' dir='ltr'><strong>sua</strong></span> <span class='ocrx_word' id='word_1_157' title='bbox 2397 2170 2648 2243; x_wconf 88' lang='lat' dir='ltr'><strong>proter-</strong></span> 
     </span>
     <span class='ocr_line' id='line_1_22' title="bbox 702 2245 2648 2317; baseline -0.003 -1"><span class='ocrx_word' id='word_1_158' title='bbox 702 2250 817 2317; x_wconf 77' lang='lat' dir='ltr'><strong>via</strong></span> <span class='ocrx_word' id='word_1_159' title='bbox 868 2270 972 2314; x_wconf 93' lang='lat' dir='ltr'><strong>me</strong></span> <span class='ocrx_word' id='word_1_160' title='bbox 1032 2249 1319 2314; x_wconf 85' lang='lat' dir='ltr'><strong>vinceret</strong></span> <span class='ocrx_word' id='word_1_161' title='bbox 1376 2246 1480 2311; x_wconf 84' lang='lat' dir='ltr'><strong>vel</strong></span> <span class='ocrx_word' id='word_1_162' title='bbox 1540 2245 1892 2311; x_wconf 90' lang='lat' dir='ltr'><strong>tumultum</strong></span> <span class='ocrx_word' id='word_1_163' title='bbox 1950 2246 2305 2312; x_wconf 87' lang='lat' dir='ltr'><strong>concitaret</strong></span> <span class='ocrx_word' id='word_1_164' title='bbox 2347 2256 2648 2311; x_wconf 89' lang='lat' dir='ltr'><strong>senatum</strong></span> 
     </span>
     <span class='ocr_line' id='line_1_23' title="bbox 704 2330 2648 2417; baseline -0.002 -18"><span class='ocrx_word' id='word_1_165' title='bbox 704 2332 1017 2400; x_wconf 90' lang='lat' dir='ltr'><strong>admonui</strong></span> <span class='ocrx_word' id='word_1_166' title='bbox 1081 2331 1238 2417; x_wconf 91' lang='lat' dir='ltr'><strong>quid</strong></span> <span class='ocrx_word' id='word_1_167' title='bbox 1304 2331 1598 2397; x_wconf 85' lang='lat' dir='ltr'><strong>facturus</strong></span> <span class='ocrx_word' id='word_1_168' title='bbox 1663 2352 1890 2397; x_wconf 89' lang='lat' dir='ltr'><strong>essem.</strong></span> <span class='ocrx_word' id='word_1_169' title='bbox 2000 2332 2291 2397; x_wconf 84' lang='lat' dir='ltr'><strong>Pervicit</strong></span> <span class='ocrx_word' id='word_1_170' title='bbox 2366 2330 2648 2397; x_wconf 88' lang='lat' dir='ltr'><strong>deterior</strong></span> 
     </span>
     <span class='ocr_line' id='line_1_24' title="bbox 704 2415 2643 2500; baseline -0.002 -14"><span class='ocrx_word' id='word_1_171' title='bbox 704 2420 902 2486; x_wconf 82' lang='lat' dir='ltr'><strong>factio</strong></span> <span class='ocrx_word' id='word_1_172' title='bbox 945 2427 1020 2484; x_wconf 91' lang='lat' dir='ltr'><strong>ut</strong></span> <span class='ocrx_word' id='word_1_173' title='bbox 1064 2418 1231 2483; x_wconf 88' lang='lat' dir='ltr'><strong>nihil</strong></span> <span class='ocrx_word' id='word_1_174' title='bbox 1288 2418 1477 2500; x_wconf 89' lang='lat' dir='ltr'><strong>aequi</strong></span> <span class='ocrx_word' id='word_1_175' title='bbox 1518 2418 1956 2500; x_wconf 89' lang='lat' dir='ltr'><strong>impetrarem.</strong></span> <span class='ocrx_word' id='word_1_176' title='bbox 2047 2415 2375 2483; x_wconf 84' lang='lat' dir='ltr'><strong>Postridie</strong></span> <span class='ocrx_word' id='word_1_177' title='bbox 2392 2420 2446 2497; x_wconf 90' lang='lat'><strong>⁴)</strong></span> <span class='ocrx_word' id='word_1_178' title='bbox 2494 2417 2643 2483; x_wconf 90' lang='lat' dir='ltr'><strong>ade-</strong></span> 
     </span>
     <span class='ocr_line' id='line_1_25' title="bbox 702 2500 2644 2587; baseline -0.002 -18"><span class='ocrx_word' id='word_1_179' title='bbox 702 2514 811 2570; x_wconf 85' lang='lat' dir='ltr'><strong>rat</strong></span> <span class='ocrx_word' id='word_1_180' title='bbox 852 2504 1054 2569; x_wconf 86' lang='lat' dir='ltr'><strong>frater</strong></span> <span class='ocrx_word' id='word_1_181' title='bbox 1099 2512 1321 2569; x_wconf 88' lang='lat' dir='ltr'><strong>noster</strong></span> <span class='ocrx_word' id='word_1_182' title='bbox 1354 2503 1438 2568; x_wconf 90' lang='lat' dir='ltr'><strong>D.</strong></span> <span class='ocrx_word' id='word_1_183' title='bbox 1483 2502 1890 2568; x_wconf 72' lang='lat' dir='ltr'><strong>Gualtkerus:</strong></span> <span class='ocrx_word' id='word_1_184' title='bbox 1936 2500 2049 2566; x_wconf 90' lang='lat' dir='ltr'><strong>ubi</strong></span> <span class='ocrx_word' id='word_1_185' title='bbox 2082 2524 2187 2568; x_wconf 91' lang='lat' dir='ltr'><strong>me</strong></span> <span class='ocrx_word' id='word_1_186' title='bbox 2221 2504 2436 2587; x_wconf 89' lang='lat' dir='ltr'><strong>potius</strong></span> <span class='ocrx_word' id='word_1_187' title='bbox 2471 2524 2644 2568; x_wconf 88' lang='lat' dir='ltr'><strong>mor-</strong></span> 
     </span>
     <span class='ocr_line' id='line_1_26' title="bbox 702 2586 2644 2671; baseline -0.002 -15"><span class='ocrx_word' id='word_1_188' title='bbox 702 2599 839 2656; x_wconf 88' lang='lat' dir='ltr'><strong>tem</strong></span> <span class='ocrx_word' id='word_1_189' title='bbox 883 2589 1217 2656; x_wconf 90' lang='lat' dir='ltr'><strong>obiturum</strong></span> <span class='ocrx_word' id='word_1_190' title='bbox 1257 2587 1663 2666; x_wconf 87' lang='lat' dir='ltr'><strong>denunciavi,</strong></span> <span class='ocrx_word' id='word_1_191' title='bbox 1708 2608 1905 2671; x_wconf 88' lang='lat' dir='ltr'><strong>quam</strong></span> <span class='ocrx_word' id='word_1_192' title='bbox 1946 2598 2022 2653; x_wconf 92' lang='lat' dir='ltr'><strong>ut</strong></span> <span class='ocrx_word' id='word_1_193' title='bbox 2065 2609 2328 2655; x_wconf 87' lang='lat' dir='ltr'><strong>sacrum</strong></span> <span class='ocrx_word' id='word_1_194' title='bbox 2371 2586 2644 2654; x_wconf 88' lang='lat' dir='ltr'><strong>Domini</strong></span> 
     </span>
     <span class='ocr_line' id='line_1_27' title="bbox 699 2674 2643 2759; baseline -0.002 -18"><span class='ocrx_word' id='word_1_195' title='bbox 699 2696 941 2759; x_wconf 88' lang='lat' dir='ltr'><strong>panem</strong></span> <span class='ocrx_word' id='word_1_196' title='bbox 995 2674 1264 2740; x_wconf 89' lang='lat' dir='ltr'><strong>canibus</strong></span> <span class='ocrx_word' id='word_1_197' title='bbox 1317 2674 1807 2756; x_wconf 84' lang='lat' dir='ltr'><strong>prostituerem,</strong></span> <span class='ocrx_word' id='word_1_198' title='bbox 1865 2674 1977 2757; x_wconf 90' lang='lat' dir='ltr'><strong>qui</strong></span> <span class='ocrx_word' id='word_1_199' title='bbox 2036 2696 2119 2738; x_wconf 90' lang='lat' dir='ltr'><strong>ex</strong></span> <span class='ocrx_word' id='word_1_200' title='bbox 2175 2675 2463 2757; x_wconf 83' lang='lat' dir='ltr'><strong>professo</strong></span> <span class='ocrx_word' id='word_1_201' title='bbox 2507 2695 2643 2738; x_wconf 90' lang='lat' dir='ltr'><strong>non</strong></span> 
     </span>
     <span class='ocr_line' id='line_1_28' title="bbox 703 2758 2640 2845; baseline -0.002 -18"><span class='ocrx_word' id='word_1_202' title='bbox 703 2761 847 2828; x_wconf 88' lang='lat' dir='ltr'><strong>sine</strong></span> <span class='ocrx_word' id='word_1_203' title='bbox 891 2760 1213 2845; x_wconf 88' lang='lat' dir='ltr'><strong>evangelii</strong></span> <span class='ocrx_word' id='word_1_204' title='bbox 1256 2780 1474 2825; x_wconf 89' lang='lat' dir='ltr'><strong>crasso</strong></span> <span class='ocrx_word' id='word_1_205' title='bbox 1518 2759 1797 2824; x_wconf 84' lang='lat' dir='ltr'><strong>ludibrio</strong></span> <span class='ocrx_word' id='word_1_206' title='bbox 1837 2758 2148 2825; x_wconf 89' lang='lat' dir='ltr'><strong>ecclesiae</strong></span> <span class='ocrx_word' id='word_1_207' title='bbox 2188 2759 2486 2824; x_wconf 87' lang='lat' dir='ltr'><strong>ordinem</strong></span> <span class='ocrx_word' id='word_1_208' title='bbox 2528 2781 2640 2843; x_wconf 87' lang='lat' dir='ltr'><strong>pe-</strong></span> 
     </span>
     <span class='ocr_line' id='line_1_29' title="bbox 705 2843 2638 2928; baseline -0.002 -14"><span class='ocrx_word' id='word_1_209' title='bbox 705 2845 896 2914; x_wconf 89' lang='lat' dir='ltr'><strong>dibus</strong></span> <span class='ocrx_word' id='word_1_210' title='bbox 940 2846 1190 2913; x_wconf 90' lang='lat' dir='ltr'><strong>calcare</strong></span> <span class='ocrx_word' id='word_1_211' title='bbox 1235 2853 1625 2911; x_wconf 89' lang='lat' dir='ltr'><strong>statuerunt.</strong></span> <span class='ocrx_word' id='word_1_212' title='bbox 1712 2848 1775 2909; x_wconf 88' lang='lat' dir='ltr'>A</span> <span class='ocrx_word' id='word_1_213' title='bbox 1819 2843 2095 2928; x_wconf 89' lang='lat' dir='ltr'><strong>prandio</strong></span> <span class='ocrx_word' id='word_1_214' title='bbox 2140 2843 2295 2927; x_wconf 90' lang='lat' dir='ltr'><strong>quid</strong></span> <span class='ocrx_word' id='word_1_215' title='bbox 2339 2843 2638 2924; x_wconf 86' lang='lat' dir='ltr'><strong>dixerim,</strong></span> 
     </span>
     <span class='ocr_line' id='line_1_30' title="bbox 695 2929 2642 3015; baseline -0.001 -18"><span class='ocrx_word' id='word_1_216' title='bbox 695 2932 875 2998; x_wconf 88' lang='lat' dir='ltr'><strong>malo</strong></span> <span class='ocrx_word' id='word_1_217' title='bbox 919 2953 1002 2998; x_wconf 87' lang='lat' dir='ltr'><strong>ex</strong></span> <span class='ocrx_word' id='word_1_218' title='bbox 1045 2932 1336 2997; x_wconf 87' lang='lat' dir='ltr'><strong>oratione</strong></span> <span class='ocrx_word' id='word_1_219' title='bbox 1379 2932 1525 3015; x_wconf 88' lang='lat' dir='ltr'><strong>ipsa</strong></span> <span class='ocrx_word' id='word_1_220' title='bbox 1575 2930 1907 3015; x_wconf 81' lang='lat' dir='ltr'><strong>intelligas</strong></span> <span class='ocrx_word' id='word_1_221' title='bbox 1963 2948 2159 3014; x_wconf 90' lang='lat' dir='ltr'><strong>quam</strong></span> <span class='ocrx_word' id='word_1_222' title='bbox 2200 2929 2379 2997; x_wconf 69' lang='lat' dir='ltr'><strong>Beza</strong></span> <span class='ocrx_word' id='word_1_223' title='bbox 2419 2939 2642 2997; x_wconf 90' lang='lat' dir='ltr'><strong>noster</strong></span> 
     </span>
     <span class='ocr_line' id='line_1_31' title="bbox 699 3015 2639 3100; baseline -0.002 -14"><span class='ocrx_word' id='word_1_224' title='bbox 699 3016 1085 3086; x_wconf 80' lang='lat' dir='ltr'><strong>vertendam</strong></span> <span class='ocrx_word' id='word_1_225' title='bbox 1129 3017 1398 3083; x_wconf 82' lang='lat' dir='ltr'><strong>curavit.</strong></span> <span class='ocrx_word' id='word_1_226' title='bbox 1427 3015 1480 3100; x_wconf 82' lang='lat'><strong>⁸)</strong></span> <span class='ocrx_word' id='word_1_227' title='bbox 1550 3016 1651 3081; x_wconf 91' lang='lat' dir='ltr'><strong>Ne</strong></span> <span class='ocrx_word' id='word_1_228' title='bbox 1685 3015 1843 3099; x_wconf 91' lang='lat' dir='ltr'><strong>quid</strong></span> <span class='ocrx_word' id='word_1_229' title='bbox 1885 3024 2212 3081; x_wconf 84' lang='lat' dir='ltr'><strong>mutatum</strong></span> <span class='ocrx_word' id='word_1_230' title='bbox 2253 3024 2472 3099; x_wconf 90' lang='lat' dir='ltr'><strong>putes:</strong></span> <span class='ocrx_word' id='word_1_231' title='bbox 2518 3037 2639 3100; x_wconf 90' lang='lat' dir='ltr'><strong>ego</strong></span> 
     </span>
     <span class='ocr_line' id='line_1_32' title="bbox 696 3101 2639 3187; baseline -0.001 -19"><span class='ocrx_word' id='word_1_232' title='bbox 696 3124 1029 3187; x_wconf 88' lang='lat' dir='ltr'><strong>nunquam</strong></span> <span class='ocrx_word' id='word_1_233' title='bbox 1075 3101 1359 3186; x_wconf 82' lang='lat' dir='ltr'><strong>inspexi:</strong></span> <span class='ocrx_word' id='word_1_234' title='bbox 1407 3101 1520 3167; x_wconf 89' lang='lat' dir='ltr'><strong>sed</strong></span> <span class='ocrx_word' id='word_1_235' title='bbox 1555 3121 1596 3166; x_wconf 89' lang='lat' dir='ltr'><strong>a</strong></span> <span class='ocrx_word' id='word_1_236' title='bbox 1637 3101 1892 3166; x_wconf 88' lang='lat' dir='ltr'><strong>notario</strong></span> <span class='ocrx_word' id='word_1_237' title='bbox 1927 3110 2190 3186; x_wconf 89' lang='lat' dir='ltr'><strong>sumpta</strong></span> <span class='ocrx_word' id='word_1_238' title='bbox 2224 3110 2340 3181; x_wconf 91' lang='lat' dir='ltr'><strong>est,</strong></span> <span class='ocrx_word' id='word_1_239' title='bbox 2378 3102 2639 3184; x_wconf 89' lang='lat' dir='ltr'><strong>qualem</strong></span> 
     </span>
     <span class='ocr_line' id='line_1_33' title="bbox 697 3187 2638 3271; baseline -0.001 -17"><span class='ocrx_word' id='word_1_240' title='bbox 697 3209 782 3254; x_wconf 89' lang='lat' dir='ltr'><strong>ex</strong></span> <span class='ocrx_word' id='word_1_241' title='bbox 826 3209 938 3254; x_wconf 88' lang='lat' dir='ltr'><strong>ore</strong></span> <span class='ocrx_word' id='word_1_242' title='bbox 981 3209 1127 3254; x_wconf 91' lang='grc'><strong>1666</strong></span> <span class='ocrx_word' id='word_1_243' title='bbox 1160 3194 1519 3271; x_wconf 85' lang='lat' dir='ltr'><strong>exceperat.</strong></span> <span class='ocrx_word' id='word_1_244' title='bbox 1586 3187 1825 3254; x_wconf 88' lang='lat' dir='ltr'><strong>Postea</strong></span> <span class='ocrx_word' id='word_1_245' title='bbox 1858 3207 1965 3252; x_wconf 90' lang='lat' dir='ltr'><strong>res</strong></span> <span class='ocrx_word' id='word_1_246' title='bbox 2001 3187 2250 3271; x_wconf 87' lang='lat' dir='ltr'><strong>agitata</strong></span> <span class='ocrx_word' id='word_1_247' title='bbox 2291 3187 2361 3251; x_wconf 91' lang='lat' dir='ltr'><strong>in</strong></span> <span class='ocrx_word' id='word_1_248' title='bbox 2405 3197 2638 3255; x_wconf 89' lang='lat' dir='ltr'><strong>senatu</strong></span> 
     </span>
     <span class='ocr_line' id='line_1_34' title="bbox 699 3271 2634 3363; baseline -0.001 -24"><span class='ocrx_word' id='word_1_249' title='bbox 699 3273 847 3363; x_wconf 77' lang='lat' dir='ltr'><strong>fuit,</strong></span> <span class='ocrx_word' id='word_1_250' title='bbox 892 3274 1002 3339; x_wconf 90' lang='lat' dir='ltr'><strong>ubi</strong></span> <span class='ocrx_word' id='word_1_251' title='bbox 1059 3295 1262 3356; x_wconf 88' lang='lat' dir='ltr'><strong>quum</strong></span> <span class='ocrx_word' id='word_1_252' title='bbox 1306 3272 1603 3356; x_wconf 88' lang='lat' dir='ltr'><strong>superior</strong></span> <span class='ocrx_word' id='word_1_253' title='bbox 1643 3281 1816 3339; x_wconf 90' lang='lat' dir='ltr'><strong>esset</strong></span> <span class='ocrx_word' id='word_1_254' title='bbox 1857 3271 2028 3338; x_wconf 90' lang='lat' dir='ltr'><strong>bona</strong></span> <span class='ocrx_word' id='word_1_255' title='bbox 2084 3293 2310 3352; x_wconf 89' lang='lat' dir='ltr'><strong>causa,</strong></span> <span class='ocrx_word' id='word_1_256' title='bbox 2372 3272 2634 3338; x_wconf 90' lang='lat' dir='ltr'><strong>destite-</strong></span> 
     </span>
     <span class='ocr_line' id='line_1_35' title="bbox 693 3356 2635 3444; baseline -0.001 -18"><span class='ocrx_word' id='word_1_257' title='bbox 693 3367 857 3427; x_wconf 86' lang='lat' dir='ltr'><strong>runt</strong></span> <span class='ocrx_word' id='word_1_258' title='bbox 875 3361 932 3436; x_wconf 79' lang='lat'><strong>⁶)</strong></span> <span class='ocrx_word' id='word_1_259' title='bbox 995 3359 1326 3444; x_wconf 89' lang='lat' dir='ltr'><strong>paulisper</strong></span> <span class='ocrx_word' id='word_1_260' title='bbox 1377 3359 1488 3441; x_wconf 92' lang='lat' dir='ltr'><strong>qui</strong></span> <span class='ocrx_word' id='word_1_261' title='bbox 1545 3378 1652 3423; x_wconf 89' lang='lat' dir='ltr'><strong>res</strong></span> <span class='ocrx_word' id='word_1_262' title='bbox 1709 3356 2003 3425; x_wconf 88' lang='lat' dir='ltr'><strong>turbatas</strong></span> <span class='ocrx_word' id='word_1_263' title='bbox 2060 3358 2368 3442; x_wconf 88' lang='lat' dir='ltr'><strong>cupiunt,</strong></span> <span class='ocrx_word' id='word_1_264' title='bbox 2429 3358 2635 3426; x_wconf 88' lang='lat' dir='ltr'><strong>donec</strong></span> 
     </span>
     <span class='ocr_line' id='line_1_36' title="bbox 693 3442 2633 3528; baseline -0.001 -17"><span class='ocrx_word' id='word_1_265' title='bbox 693 3442 1139 3512; x_wconf 89' lang='lat' dir='ltr'><strong>tumultuandi</strong></span> <span class='ocrx_word' id='word_1_266' title='bbox 1181 3444 1392 3528; x_wconf 86' lang='lat' dir='ltr'><strong>magis</strong></span> <span class='ocrx_word' id='word_1_267' title='bbox 1447 3452 1889 3527; x_wconf 89' lang='lat' dir='ltr'><strong>opportunum</strong></span> <span class='ocrx_word' id='word_1_268' title='bbox 1942 3452 2115 3509; x_wconf 91' lang='lat' dir='ltr'><strong>esset</strong></span> <span class='ocrx_word' id='word_1_269' title='bbox 2157 3453 2432 3528; x_wconf 91' lang='lat' dir='ltr'><strong>tempus.</strong></span> <span class='ocrx_word' id='word_1_270' title='bbox 2519 3443 2633 3510; x_wconf 92' lang='lat' dir='ltr'><strong>In-</strong></span> 
     </span>
     <span class='ocr_line' id='line_1_37' title="bbox 694 3528 2633 3616; baseline -0.002 -18"><span class='ocrx_word' id='word_1_271' title='bbox 694 3540 831 3598; x_wconf 83' lang='lat' dir='ltr'><strong>stat</strong></span> <span class='ocrx_word' id='word_1_272' title='bbox 872 3538 1092 3596; x_wconf 91' lang='lat' dir='ltr'><strong>autem</strong></span> <span class='ocrx_word' id='word_1_273' title='bbox 1136 3529 1423 3596; x_wconf 89' lang='lat' dir='ltr'><strong>solennis</strong></span> <span class='ocrx_word' id='word_1_274' title='bbox 1465 3530 1873 3595; x_wconf 89' lang='lat' dir='ltr'><strong>comitiorum</strong></span> <span class='ocrx_word' id='word_1_275' title='bbox 1929 3528 2097 3609; x_wconf 91' lang='lat' dir='ltr'><strong>dies,</strong></span> <span class='ocrx_word' id='word_1_276' title='bbox 2119 3528 2172 3616; x_wconf 85' lang='lat'><strong>⁷)</strong></span> <span class='ocrx_word' id='word_1_277' title='bbox 2230 3528 2341 3594; x_wconf 91' lang='lat' dir='ltr'><strong>ubi</strong></span> <span class='ocrx_word' id='word_1_278' title='bbox 2387 3530 2633 3613; x_wconf 89' lang='lat' dir='ltr'><strong>aliquid</strong></span> 
     </span>
     <span class='ocr_line' id='line_1_38' title="bbox 693 3612 2634 3701; baseline 0 -20"><span class='ocrx_word' id='word_1_279' title='bbox 693 3617 922 3701; x_wconf 84' lang='lat' dir='ltr'><strong>procul</strong></span> <span class='ocrx_word' id='word_1_280' title='bbox 988 3614 1182 3681; x_wconf 90' lang='lat' dir='ltr'><strong>dubio</strong></span> <span class='ocrx_word' id='word_1_281' title='bbox 1248 3612 1617 3681; x_wconf 88' lang='lat' dir='ltr'><strong>tentabunt.</strong></span> <span class='ocrx_word' id='word_1_282' title='bbox 1722 3613 1858 3681; x_wconf 81' lang='lat' dir='ltr'><strong>Sed</strong></span> <span class='ocrx_word' id='word_1_283' title='bbox 1928 3615 2124 3681; x_wconf 86' lang='lat' dir='ltr'><strong>faciet</strong></span> <span class='ocrx_word' id='word_1_284' title='bbox 2176 3615 2503 3681; x_wconf 90' lang='lat' dir='ltr'><strong>Dominus</strong></span> <span class='ocrx_word' id='word_1_285' title='bbox 2558 3623 2634 3681; x_wconf 90' lang='grc'><strong>111</strong></span> 
     </span>
     <span class='ocr_line' id='line_1_39' title="bbox 691 3699 2631 3787; baseline -0.002 -19"><span class='ocrx_word' id='word_1_286' title='bbox 691 3703 989 3787; x_wconf 83' lang='lat' dir='ltr'><strong>perversi</strong></span> <span class='ocrx_word' id='word_1_287' title='bbox 1031 3722 1256 3768; x_wconf 90' lang='lat' dir='ltr'><strong>eorum</strong></span> <span class='ocrx_word' id='word_1_288' title='bbox 1301 3710 1572 3766; x_wconf 89' lang='lat' dir='ltr'><strong>conatus</strong></span> <span class='ocrx_word' id='word_1_289' title='bbox 1628 3709 2036 3766; x_wconf 86' lang='lat' dir='ltr'><strong>evanescant.</strong></span> <span class='ocrx_word' id='word_1_290' title='bbox 2127 3700 2301 3766; x_wconf 86' lang='lat' dir='ltr'><strong>Mihi</strong></span> <span class='ocrx_word' id='word_1_291' title='bbox 2344 3699 2631 3784; x_wconf 88' lang='lat' dir='ltr'><strong>discipli·</strong></span> 
     </span>
     <span class='ocr_line' id='line_1_40' title="bbox 691 3784 2664 3871; baseline -0.003 -17"><span class='ocrx_word' id='word_1_292' title='bbox 691 3809 868 3867; x_wconf 90' lang='lat' dir='ltr'><strong>nam,</strong></span> <span class='ocrx_word' id='word_1_293' title='bbox 915 3808 1083 3871; x_wconf 89' lang='lat' dir='ltr'><strong>quae</strong></span> <span class='ocrx_word' id='word_1_294' title='bbox 1127 3787 1235 3852; x_wconf 90' lang='lat' dir='ltr'><strong>hic</strong></span> <span class='ocrx_word' id='word_1_295' title='bbox 1279 3796 1344 3851; x_wconf 92' lang='grc'><strong>61</strong></span> <span class='ocrx_word' id='word_1_296' title='bbox 1385 3795 1654 3852; x_wconf 84' lang='grc'><strong>66661116</strong></span> <span class='ocrx_word' id='word_1_297' title='bbox 1697 3795 1763 3851; x_wconf 88' lang='grc'><strong>61</strong></span> <span class='ocrx_word' id='word_1_298' title='bbox 1804 3785 2027 3869; x_wconf 87' lang='lat' dir='ltr'><strong>populi</strong></span> <span class='ocrx_word' id='word_1_299' title='bbox 2071 3784 2327 3851; x_wconf 89' lang='lat' dir='ltr'><strong>decreto</strong></span> <span class='ocrx_word' id='word_1_300' title='bbox 2372 3786 2664 3870; x_wconf 68' lang='lat' dir='ltr'><strong>recepta*</strong></span> 
     </span>
     <span class='ocr_line' id='line_1_41' title="bbox 693 3872 2631 3955; baseline -0.001 -17"><span class='ocrx_word' id='word_1_301' title='bbox 693 3881 822 3955; x_wconf 88' lang='lat' dir='ltr'><strong>est,</strong></span> <span class='ocrx_word' id='word_1_302' title='bbox 880 3882 1088 3938; x_wconf 89' lang='lat' dir='ltr'><strong>morte</strong></span> <span class='ocrx_word' id='word_1_303' title='bbox 1132 3873 1346 3955; x_wconf 88' lang='lat' dir='ltr'><strong>potius</strong></span> <span class='ocrx_word' id='word_1_304' title='bbox 1389 3872 1640 3938; x_wconf 89' lang='lat' dir='ltr'><strong>sancire</strong></span> <span class='ocrx_word' id='word_1_305' title='bbox 1683 3881 1935 3937; x_wconf 88' lang='lat' dir='ltr'><strong>certum</strong></span> <span class='ocrx_word' id='word_1_306' title='bbox 1976 3882 2106 3949; x_wconf 88' lang='lat' dir='ltr'><strong>est,</strong></span> <span class='ocrx_word' id='word_1_307' title='bbox 2167 3893 2364 3955; x_wconf 89' lang='lat' dir='ltr'><strong>quam</strong></span> <span class='ocrx_word' id='word_1_308' title='bbox 2409 3880 2484 3938; x_wconf 91' lang='lat' dir='ltr'><strong>ut</strong></span> <span class='ocrx_word' id='word_1_309' title='bbox 2525 3894 2631 3937; x_wconf 91' lang='lat' dir='ltr'><strong>me</strong></span> 
     </span>
     <span class='ocr_line' id='line_1_42' title="bbox 691 3955 2631 4041; baseline -0.001 -17"><span class='ocrx_word' id='word_1_310' title='bbox 691 3957 961 4025; x_wconf 80' lang='lat' dir='ltr'><strong>vidente</strong></span> <span class='ocrx_word' id='word_1_311' title='bbox 1018 3957 1393 4023; x_wconf 86' lang='lat' dir='ltr'><strong>labefactari</strong></span> <span class='ocrx_word' id='word_1_312' title='bbox 1435 3957 1667 4041; x_wconf 88' lang='lat' dir='ltr'><strong>patiar.</strong></span> <span class='ocrx_word' id='word_1_313' title='bbox 1755 3955 1831 4022; x_wconf 83' lang='lat' dir='ltr'><strong>Si</strong></span> <span class='ocrx_word' id='word_1_314' title='bbox 1889 3978 1992 4022; x_wconf 88' lang='lat' dir='ltr'><strong>me</strong></span> <span class='ocrx_word' id='word_1_315' title='bbox 2035 3956 2118 4022; x_wconf 90' lang='lat' dir='ltr'><strong>ab</strong></span> <span class='ocrx_word' id='word_1_316' title='bbox 2160 3957 2368 4025; x_wconf 86' lang='lat' dir='ltr'><strong>officio</strong></span> <span class='ocrx_word' id='word_1_317' title='bbox 2411 3958 2631 4041; x_wconf 90' lang='lat' dir='ltr'><strong>prohi-</strong></span> 
     </span>
     <span class='ocr_line' id='line_1_43' title="bbox 690 4041 2630 4126; baseline 0 -17"><span class='ocrx_word' id='word_1_318' title='bbox 690 4042 918 4122; x_wconf 89' lang='lat' dir='ltr'><strong>beant,</strong></span> <span class='ocrx_word' id='word_1_319' title='bbox 964 4052 1225 4110; x_wconf 88' lang='lat' dir='ltr'><strong>coactus</strong></span> <span class='ocrx_word' id='word_1_320' title='bbox 1267 4043 1479 4126; x_wconf 89' lang='lat' dir='ltr'><strong>potius</strong></span> <span class='ocrx_word' id='word_1_321' title='bbox 1523 4041 1882 4121; x_wconf 84' lang='lat' dir='ltr'><strong>discedam,</strong></span> <span class='ocrx_word' id='word_1_322' title='bbox 1940 4063 2135 4125; x_wconf 90' lang='lat' dir='ltr'><strong>quam</strong></span> <span class='ocrx_word' id='word_1_323' title='bbox 2179 4042 2482 4109; x_wconf 91' lang='lat' dir='ltr'><strong>libertate</strong></span> <span class='ocrx_word' id='word_1_324' title='bbox 2525 4066 2630 4109; x_wconf 90' lang='lat' dir='ltr'><strong>me</strong></span> 
     </span>
     <span class='ocr_line' id='line_1_44' title="bbox 691 4128 2626 4211; baseline 0.001 -16"><span class='ocrx_word' id='word_1_325' title='bbox 691 4128 1003 4208; x_wconf 84' lang='lat' dir='ltr'><strong>abdicem,</strong></span> <span class='ocrx_word' id='word_1_326' title='bbox 1050 4150 1177 4211; x_wconf 91' lang='lat' dir='ltr'><strong>qua</strong></span> <span class='ocrx_word' id='word_1_327' title='bbox 1219 4128 1475 4211; x_wconf 86' lang='lat' dir='ltr'><strong>perdita</strong></span> <span class='ocrx_word' id='word_1_328' title='bbox 1509 4128 1948 4194; x_wconf 88' lang='lat' dir='ltr'><strong>ministerium</strong></span> <span class='ocrx_word' id='word_1_329' title='bbox 1982 4150 2205 4193; x_wconf 90' lang='lat' dir='ltr'><strong>meum</strong></span> <span class='ocrx_word' id='word_1_330' title='bbox 2240 4129 2626 4196; x_wconf 87' lang='lat' dir='ltr'><strong>concideret.</strong></span> 
     </span>
     <span class='ocr_line' id='line_1_45' title="bbox 689 4214 2627 4297; baseline 0.001 -16"><span class='ocrx_word' id='word_1_331' title='bbox 689 4215 831 4281; x_wconf 85' lang='lat' dir='ltr'><strong>Nec</strong></span> <span class='ocrx_word' id='word_1_332' title='bbox 875 4236 1027 4281; x_wconf 83' lang='lat' dir='ltr'><strong>vero</strong></span> <span class='ocrx_word' id='word_1_333' title='bbox 1071 4215 1165 4279; x_wconf 89' lang='lat' dir='ltr'><strong>ita</strong></span> <span class='ocrx_word' id='word_1_334' title='bbox 1207 4214 1458 4279; x_wconf 88' lang='lat' dir='ltr'><strong>ferreus</strong></span> <span class='ocrx_word' id='word_1_335' title='bbox 1501 4235 1681 4292; x_wconf 91' lang='lat' dir='ltr'><strong>sum,</strong></span> <span class='ocrx_word' id='word_1_336' title='bbox 1740 4214 1900 4297; x_wconf 91' lang='lat' dir='ltr'><strong>quin</strong></span> <span class='ocrx_word' id='word_1_337' title='bbox 1956 4235 2062 4279; x_wconf 87' lang='grc'><strong>1116</strong></span> <span class='ocrx_word' id='word_1_338' title='bbox 2105 4216 2434 4281; x_wconf 87' lang='lat' dir='ltr'><strong>excruciet</strong></span> <span class='ocrx_word' id='word_1_339' title='bbox 2476 4216 2627 4283; x_wconf 87' lang='lat' dir='ltr'><strong>hor-</strong></span> 
     </span>
     <span class='ocr_line' id='line_1_46' title="bbox 687 4299 2624 4385; baseline 0 -18"><span class='ocrx_word' id='word_1_340' title='bbox 687 4301 894 4368; x_wconf 85' lang='lat' dir='ltr'><strong>renda</strong></span> <span class='ocrx_word' id='word_1_341' title='bbox 959 4321 1157 4383; x_wconf 89' lang='lat' dir='ltr'><strong>quam</strong></span> <span class='ocrx_word' id='word_1_342' title='bbox 1219 4301 1538 4382; x_wconf 89' lang='lat' dir='ltr'><strong>prospicio</strong></span> <span class='ocrx_word' id='word_1_343' title='bbox 1613 4299 1900 4364; x_wconf 86' lang='lat' dir='ltr'><strong>futuram</strong></span> <span class='ocrx_word' id='word_1_344' title='bbox 1977 4300 2194 4384; x_wconf 85' lang='lat' dir='ltr'><strong>gregis</strong></span> <span class='ocrx_word' id='word_1_345' title='bbox 2274 4301 2624 4385; x_wconf 89' lang='lat' dir='ltr'><strong>dissipatio.</strong></span> 
     </span>
     <span class='ocr_line' id='line_1_47' title="bbox 689 4382 2627 4470; baseline -0.001 -17"><span class='ocrx_word' id='word_1_346' title='bbox 689 4385 826 4453; x_wconf 78' lang='lat' dir='ltr'><strong>Sed</strong></span> <span class='ocrx_word' id='word_1_347' title='bbox 871 4385 1026 4451; x_wconf 91' lang='lat' dir='ltr'><strong>dum</strong></span> <span class='ocrx_word' id='word_1_348' title='bbox 1071 4393 1304 4468; x_wconf 86' lang='lat' dir='ltr'><strong>reputo</strong></span> <span class='ocrx_word' id='word_1_349' title='bbox 1348 4382 1503 4468; x_wconf 91' lang='lat' dir='ltr'><strong>quid</strong></span> <span class='ocrx_word' id='word_1_350' title='bbox 1548 4385 1712 4449; x_wconf 87' lang='lat' dir='ltr'><strong>mihi</strong></span> <span class='ocrx_word' id='word_1_351' title='bbox 1753 4384 1947 4450; x_wconf 81' lang='lat' dir='ltr'><strong>liceat</strong></span> <span class='ocrx_word' id='word_1_352' title='bbox 1986 4387 2056 4450; x_wconf 92' lang='lat' dir='ltr'><strong>in</strong></span> <span class='ocrx_word' id='word_1_353' title='bbox 2103 4387 2429 4470; x_wconf 88' lang='lat' dir='ltr'><strong>proposito</strong></span> <span class='ocrx_word' id='word_1_354' title='bbox 2473 4408 2627 4452; x_wconf 87' lang='lat' dir='ltr'><strong>con-</strong></span> 
     </span>
     <span class='ocr_line' id='line_1_48' title="bbox 684 4469 2625 4557; baseline 0.001 -20"><span class='ocrx_word' id='word_1_355' title='bbox 684 4473 930 4538; x_wconf 87' lang='lat' dir='ltr'><strong>firmor.</strong></span> <span class='ocrx_word' id='word_1_356' title='bbox 1000 4471 1119 4550; x_wconf 75' lang='lat' dir='ltr'><strong>Tu,</strong></span> <span class='ocrx_word' id='word_1_357' title='bbox 1164 4469 1338 4554; x_wconf 90' lang='lat' dir='ltr'><strong>quod</strong></span> <span class='ocrx_word' id='word_1_358' title='bbox 1378 4471 1553 4551; x_wconf 79' lang='lat' dir='ltr'><strong>facie,</strong></span> <span class='ocrx_word' id='word_1_359' title='bbox 1599 4470 1898 4555; x_wconf 87' lang='lat' dir='ltr'><strong>precibus</strong></span> <span class='ocrx_word' id='word_1_360' title='bbox 1940 4492 2059 4538; x_wconf 91' lang='lat' dir='ltr'><strong>nos</strong></span> <span class='ocrx_word' id='word_1_361' title='bbox 2101 4473 2330 4537; x_wconf 84' lang='lat' dir='ltr'><strong>iuvare</strong></span> <span class='ocrx_word' id='word_1_362' title='bbox 2372 4494 2625 4557; x_wconf 85' lang='lat' dir='ltr'><strong>perges,</strong></span> 
     </span>
     <span class='ocr_line' id='line_1_49' title="bbox 686 4555 2064 4623; baseline -0.001 0"><span class='ocrx_word' id='word_1_363' title='bbox 686 4566 766 4623; x_wconf 91' lang='lat' dir='ltr'><strong>ut</strong></span> <span class='ocrx_word' id='word_1_364' title='bbox 810 4557 933 4623; x_wconf 92' lang='grc'><strong>1166</strong></span> <span class='ocrx_word' id='word_1_365' title='bbox 974 4557 1144 4622; x_wconf 89' lang='lat' dir='ltr'><strong>ovile</strong></span> <span class='ocrx_word' id='word_1_366' title='bbox 1188 4555 1311 4621; x_wconf 91' lang='lat' dir='ltr'><strong>sibi</strong></span> <span class='ocrx_word' id='word_1_367' title='bbox 1358 4556 1660 4623; x_wconf 84' lang='lat' dir='ltr'><strong>Christus</strong></span> <span class='ocrx_word' id='word_1_368' title='bbox 1702 4567 2064 4623; x_wconf 79' lang='lat' dir='ltr'><strong>conservet.</strong></span> 
     </span>
     <span class='ocr_line' id='line_1_50' title="bbox 859 4641 2630 4727; baseline 0 -19"><span class='ocrx_word' id='word_1_369' title='bbox 859 4644 998 4708; x_wconf 90' lang='lat' dir='ltr'><strong>lam</strong></span> <span class='ocrx_word' id='word_1_370' title='bbox 1043 4643 1260 4727; x_wconf 90' lang='lat' dir='ltr'><strong>agitur</strong></span> <span class='ocrx_word' id='word_1_371' title='bbox 1305 4652 1579 4710; x_wconf 86' lang='lat' dir='ltr'><strong>octavus</strong></span> <span class='ocrx_word' id='word_1_372' title='bbox 1623 4641 1786 4723; x_wconf 84' lang='lat' dir='ltr'><strong>dies,</strong></span> <span class='ocrx_word' id='word_1_373' title='bbox 1826 4664 1910 4710; x_wconf 86' lang='lat' dir='ltr'><strong>ex</strong></span> <span class='ocrx_word' id='word_1_374' title='bbox 1954 4663 2081 4726; x_wconf 92' lang='lat' dir='ltr'><strong>quo</strong></span> <span class='ocrx_word' id='word_1_375' title='bbox 2126 4666 2178 4709; x_wconf 91' lang='lat' dir='ltr'><strong>a·</strong></span> <span class='ocrx_word' id='word_1_376' title='bbox 2199 4643 2388 4710; x_wconf 79' lang='lat' dir='ltr'><strong>vobis</strong></span> <span class='ocrx_word' id='word_1_377' title='bbox 2431 4643 2630 4710; x_wconf 89' lang='lat' dir='ltr'><strong>rediit</strong></span> 
     </span>
    </p>
   </div>
   <div class='ocr_carea' id='block_1_3' title="bbox 796 4818 989 4826">
    <p class='ocr_par' dir='ltr' id='par_1_3' title="bbox 796 4818 989 4826">
     <span class='ocr_line' id='line_1_51' title="bbox 796 4818 989 4826; baseline 0 1341"><span class='ocrx_word' id='word_1_378' title='bbox 796 4818 989 4826; x_wconf 95' lang='lat' dir='ltr'><strong> </strong></span> 
     </span>
    </p>
   </div>
   <div class='ocr_carea' id='block_1_4' title="bbox 994 4818 1093 4825">
    <p class='ocr_par' dir='ltr' id='par_1_4' title="bbox 994 4818 1093 4825">
     <span class='ocr_line' id='line_1_52' title="bbox 994 4818 1093 4825; baseline 0 -2"><span class='ocrx_word' id='word_1_379' title='bbox 994 4818 1093 4825; x_wconf 61' lang='lat'><strong>*—</strong></span> 
     </span>
    </p>
   </div>
   <div class='ocr_carea' id='block_1_5' title="bbox 889 4913 1741 5329">
    <p class='ocr_par' dir='ltr' id='par_1_5' title="bbox 890 4913 1444 4982">
     <span class='ocr_line' id='line_1_53' title="bbox 890 4913 1444 4982; baseline -0.002 -12"><span class='ocrx_word' id='word_1_380' title='bbox 890 4916 952 4982; x_wconf 78' lang='lat'><strong>2)</strong></span> <span class='ocrx_word' id='word_1_381' title='bbox 993 4915 1066 4971; x_wconf 89' lang='lat' dir='ltr'><strong>N.</strong></span> <span class='ocrx_word' id='word_1_382' title='bbox 1110 4913 1255 4969; x_wconf 88' lang='grc'><strong>1789.</strong></span> <span class='ocrx_word' id='word_1_383' title='bbox 1293 4914 1444 4969; x_wconf 84' lang='grc'><strong>1798.</strong></span> 
     </span>
    </p>

    <p class='ocr_par' dir='ltr' id='par_1_6' title="bbox 889 4983 1450 5049">
     <span class='ocr_line' id='line_1_54' title="bbox 889 4983 1450 5049; baseline -0.011 -9"><span class='ocrx_word' id='word_1_384' title='bbox 889 4985 951 5049; x_wconf 88' lang='grc'><strong>3)</strong></span> <span class='ocrx_word' id='word_1_385' title='bbox 992 4984 1133 5040; x_wconf 75' lang='lat' dir='ltr'><strong>Phil.</strong></span> <span class='ocrx_word' id='word_1_386' title='bbox 1170 4983 1450 5039; x_wconf 76' lang='lat' dir='ltr'><strong>Bertelier.</strong></span> 
     </span>
    </p>

    <p class='ocr_par' dir='ltr' id='par_1_7' title="bbox 890 5051 1741 5329">
     <span class='ocr_line' id='line_1_55' title="bbox 890 5051 1657 5121; baseline -0.004 -14"><span class='ocrx_word' id='word_1_387' title='bbox 890 5054 949 5121; x_wconf 82' lang='lat'><strong>4&gt;</strong></span> <span class='ocrx_word' id='word_1_388' title='bbox 984 5069 1036 5108; x_wconf 89' lang='grc'><strong>6.</strong></span> <span class='ocrx_word' id='word_1_389' title='bbox 1074 5053 1127 5106; x_wconf 81' lang='lat' dir='ltr'><strong>d.</strong></span> <span class='ocrx_word' id='word_1_390' title='bbox 1165 5051 1290 5107; x_wconf 92' lang='lat' dir='ltr'><strong>III.</strong></span> <span class='ocrx_word' id='word_1_391' title='bbox 1329 5053 1475 5107; x_wconf 75' lang='lat' dir='ltr'><strong>Non.</strong></span> <span class='ocrx_word' id='word_1_392' title='bbox 1517 5052 1657 5120; x_wconf 82' lang='lat' dir='ltr'><strong>Sept.</strong></span> 
     </span>
     <span class='ocr_line' id='line_1_56' title="bbox 890 5119 1741 5187; baseline -0.002 -10"><span class='ocrx_word' id='word_1_393' title='bbox 890 5123 950 5187; x_wconf 82' lang='lat'><strong>5)</strong></span> <span class='ocrx_word' id='word_1_394' title='bbox 992 5123 1123 5176; x_wconf 77' lang='lat' dir='ltr'><strong>Non</strong></span> <span class='ocrx_word' id='word_1_395' title='bbox 1158 5127 1336 5175; x_wconf 61' lang='lat' dir='ltr'><strong>metat</strong></span> <span class='ocrx_word' id='word_1_396' title='bbox 1368 5124 1438 5187; x_wconf 78' lang='lat' dir='ltr'><strong>cf.</strong></span> <span class='ocrx_word' id='word_1_397' title='bbox 1480 5121 1550 5175; x_wconf 89' lang='lat' dir='ltr'><strong>N.</strong></span> <span class='ocrx_word' id='word_1_398' title='bbox 1590 5119 1741 5175; x_wconf 90' lang='grc'><strong>1787.</strong></span> 
     </span>
     <span class='ocr_line' id='line_1_57' title="bbox 891 5187 1695 5258; baseline -0.006 -12"><span class='ocrx_word' id='word_1_399' title='bbox 891 5192 946 5251; x_wconf 77' lang='grc'><strong>6)</strong></span> <span class='ocrx_word' id='word_1_400' title='bbox 985 5192 1127 5245; x_wconf 75' lang='lat' dir='ltr'><strong>Acta</strong></span> <span class='ocrx_word' id='word_1_401' title='bbox 1165 5188 1286 5244; x_wconf 69' lang='lat' dir='ltr'><strong>Sea.</strong></span> <span class='ocrx_word' id='word_1_402' title='bbox 1322 5190 1399 5244; x_wconf 81' lang='lat' dir='ltr'><strong>ad</strong></span> <span class='ocrx_word' id='word_1_403' title='bbox 1437 5187 1514 5242; x_wconf 83' lang='lat'><strong>18.</strong></span> <span class='ocrx_word' id='word_1_404' title='bbox 1556 5188 1695 5258; x_wconf 73' lang='lat' dir='ltr'><strong>Sept.</strong></span> 
     </span>
     <span class='ocr_line' id='line_1_58' title="bbox 891 5258 1302 5329; baseline -0.015 -12"><span class='ocrx_word' id='word_1_405' title='bbox 891 5260 948 5329; x_wconf 91' lang='grc'><strong>7)</strong></span> <span class='ocrx_word' id='word_1_406' title='bbox 983 5258 1038 5316; x_wconf 76' lang='lat' dir='ltr'><strong>d.</strong></span> <span class='ocrx_word' id='word_1_407' title='bbox 1072 5259 1120 5312; x_wconf 93' lang='grc'><strong>7.</strong></span> <span class='ocrx_word' id='word_1_408' title='bbox 1160 5258 1302 5314; x_wconf 85' lang='lat' dir='ltr'><strong>Nov.</strong></span> 
     </span>
    </p>
   </div>
   <div class='ocr_carea' id='block_1_6' title="bbox 686 4820 789 4828">
    <p class='ocr_par' dir='ltr' id='par_1_8' title="bbox 686 4820 789 4828">
     <span class='ocr_line' id='line_1_59' title="bbox 686 4820 789 4828; baseline -0.019 0"><span class='ocrx_word' id='word_1_409' title='bbox 686 4820 789 4828; x_wconf 67' lang='lat'><strong>..—</strong></span> 
     </span>
    </p>
   </div>
   <div class='ocr_carea' id='block_1_7' title="bbox 2210 341 3197 410">
    <p class='ocr_par' dir='ltr' id='par_1_9' title="bbox 2210 341 3197 410">
     <span class='ocr_line' id='line_1_60' title="bbox 2210 341 3197 410; baseline 0.001 -4"><span class='ocrx_word' id='word_1_410' title='bbox 2210 341 2731 410; x_wconf 71' lang='lat' dir='ltr'>EPISTOLAE</span> <span class='ocrx_word' id='word_1_411' title='bbox 2781 346 3197 409; x_wconf 70' lang='lat' dir='ltr'><strong>less—1841</strong></span> 
     </span>
    </p>
   </div>
   <div class='ocr_carea' id='block_1_8' title="bbox 2675 568 2720 5329">
    <p class='ocr_par' dir='ltr' id='par_1_10' title="bbox 2675 568 2720 5329">
     <span class='ocr_line' id='line_1_61' title="bbox 2675 568 2720 5329; baseline 0 0"><span class='ocrx_word' id='word_1_412' title='bbox 2675 568 2720 5329; x_wconf 95' lang='lat' dir='ltr'><strong> </strong></span> 
     </span>
    </p>
   </div>
   <div class='ocr_carea' id='block_1_9' title="bbox 4563 349 4674 412">
    <p class='ocr_par' dir='ltr' id='par_1_11' title="bbox 4563 349 4674 412">
     <span class='ocr_line' id='line_1_62' title="bbox 4563 349 4674 412; baseline 0.009 -1"><span class='ocrx_word' id='word_1_413' title='bbox 4563 349 4674 412; x_wconf 80' lang='grc'><strong>656</strong></span> 
     </span>
    </p>
   </div>
   <div class='ocr_carea' id='block_1_10' title="bbox 2745 530 4683 2753">
    <p class='ocr_par' dir='ltr' id='par_1_12' title="bbox 2753 530 4682 1558">
     <span class='ocr_line' id='line_1_63' title="bbox 2753 530 4678 618; baseline 0.002 -22"><span class='ocrx_word' id='word_1_414' title='bbox 2753 532 3055 597; x_wconf 84' lang='grc'><strong>1111661116.</strong></span> <span class='ocrx_word' id='word_1_415' title='bbox 3143 530 3487 612; x_wconf 78' lang='lat' dir='ltr'><strong>Quantum</strong></span> <span class='ocrx_word' id='word_1_416' title='bbox 3531 552 3649 615; x_wconf 91' lang='lat' dir='ltr'><strong>pro</strong></span> <span class='ocrx_word' id='word_1_417' title='bbox 3693 531 3873 598; x_wconf 87' lang='lat' dir='ltr'><strong>fideli</strong></span> <span class='ocrx_word' id='word_1_418' title='bbox 3914 537 4137 599; x_wconf 81' lang='lat' dir='ltr'><strong>vestra</strong></span> <span class='ocrx_word' id='word_1_419' title='bbox 4168 552 4368 618; x_wconf 84' lang='lat' dir='ltr'><strong>opera</strong></span> <span class='ocrx_word' id='word_1_420' title='bbox 4402 533 4678 600; x_wconf 80' lang='lat' dir='ltr'><strong>cordato-</strong></span> 
     </span>
     <span class='ocr_line' id='line_1_64' title="bbox 2758 616 4676 702; baseline 0.001 -19"><span class='ocrx_word' id='word_1_421' title='bbox 2758 638 2885 701; x_wconf 88' lang='lat' dir='ltr'><strong>que</strong></span> <span class='ocrx_word' id='word_1_422' title='bbox 2937 637 3248 701; x_wconf 88' lang='lat' dir='ltr'><strong>responso</strong></span> <span class='ocrx_word' id='word_1_423' title='bbox 3301 617 3461 684; x_wconf 89' lang='lat' dir='ltr'><strong>haec</strong></span> <span class='ocrx_word' id='word_1_424' title='bbox 3517 617 3792 684; x_wconf 88' lang='lat' dir='ltr'><strong>ecclesia</strong></span> <span class='ocrx_word' id='word_1_425' title='bbox 3847 616 4110 698; x_wconf 88' lang='lat' dir='ltr'><strong>debeat,</strong></span> <span class='ocrx_word' id='word_1_426' title='bbox 4171 620 4387 685; x_wconf 79' lang='lat' dir='ltr'><strong>verbis</strong></span> <span class='ocrx_word' id='word_1_427' title='bbox 4442 622 4676 702; x_wconf 78' lang='lat' dir='ltr'><strong>assequi</strong></span> 
     </span>
     <span class='ocr_line' id='line_1_65' title="bbox 2757 703 4677 790; baseline 0.002 -21"><span class='ocrx_word' id='word_1_428' title='bbox 2757 723 3026 786; x_wconf 89' lang='lat' dir='ltr'><strong>nequeo.</strong></span> <span class='ocrx_word' id='word_1_429' title='bbox 3126 703 3270 768; x_wconf 88' lang='lat' dir='ltr'><strong>Iam</strong></span> <span class='ocrx_word' id='word_1_430' title='bbox 3335 723 3492 769; x_wconf 86' lang='lat' dir='ltr'><strong>vero</strong></span> <span class='ocrx_word' id='word_1_431' title='bbox 3554 704 3726 788; x_wconf 89' lang='lat' dir='ltr'><strong>quod</strong></span> <span class='ocrx_word' id='word_1_432' title='bbox 3783 703 3866 769; x_wconf 92' lang='lat' dir='ltr'><strong>de</strong></span> <span class='ocrx_word' id='word_1_433' title='bbox 3926 726 4034 770; x_wconf 92' lang='grc'><strong>166</strong></span> <span class='ocrx_word' id='word_1_434' title='bbox 4089 712 4158 770; x_wconf 88' lang='grc'><strong>61</strong></span> <span class='ocrx_word' id='word_1_435' title='bbox 4211 704 4475 790; x_wconf 86' lang='lat' dir='ltr'><strong>collegis</strong></span> <span class='ocrx_word' id='word_1_436' title='bbox 4526 705 4677 772; x_wconf 79' lang='grc'><strong>16616</strong></span> 
     </span>
     <span class='ocr_line' id='line_1_66' title="bbox 2762 789 4676 857; baseline 0.002 -4"><span class='ocrx_word' id='word_1_437' title='bbox 2762 798 2898 854; x_wconf 86' lang='grc'><strong>1616</strong></span> <span class='ocrx_word' id='word_1_438' title='bbox 2960 798 3257 855; x_wconf 84' lang='grc'><strong>61666161·</strong></span> <span class='ocrx_word' id='word_1_439' title='bbox 3320 797 3390 855; x_wconf 88' lang='grc'><strong>61</strong></span> <span class='ocrx_word' id='word_1_440' title='bbox 3452 789 3808 855; x_wconf 87' lang='lat' dir='ltr'><strong>honorifice</strong></span> <span class='ocrx_word' id='word_1_441' title='bbox 3884 791 3956 855; x_wconf 91' lang='lat' dir='ltr'><strong>in</strong></span> <span class='ocrx_word' id='word_1_442' title='bbox 4032 790 4368 856; x_wconf 86' lang='lat' dir='ltr'><strong>doctrinae</strong></span> <span class='ocrx_word' id='word_1_443' title='bbox 4433 799 4676 857; x_wconf 86' lang='lat' dir='ltr'><strong>nostrae</strong></span> 
     </span>
     <span class='ocr_line' id='line_1_67' title="bbox 2759 874 4677 960; baseline 0.001 -20"><span class='ocrx_word' id='word_1_444' title='bbox 2759 874 3387 941; x_wconf 86' lang='lat' dir='ltr'><strong>commendationem</strong></span> <span class='ocrx_word' id='word_1_445' title='bbox 3420 875 3675 959; x_wconf 89' lang='lat' dir='ltr'><strong>loquuti</strong></span> <span class='ocrx_word' id='word_1_446' title='bbox 3711 876 3886 953; x_wconf 88' lang='lat' dir='ltr'><strong>estis,</strong></span> <span class='ocrx_word' id='word_1_447' title='bbox 3931 874 4055 942; x_wconf 91' lang='lat' dir='ltr'><strong>hoc</strong></span> <span class='ocrx_word' id='word_1_448' title='bbox 4088 876 4353 942; x_wconf 88' lang='grc'><strong>6616166</strong></span> <span class='ocrx_word' id='word_1_449' title='bbox 4385 876 4677 960; x_wconf 75' lang='lat' dir='ltr'><strong>privatim</strong></span> 
     </span>
     <span class='ocr_line' id='line_1_68' title="bbox 2756 960 4676 1046; baseline 0.002 -22"><span class='ocrx_word' id='word_1_450' title='bbox 2756 980 2878 1025; x_wconf 91' lang='lat' dir='ltr'><strong>nos</strong></span> <span class='ocrx_word' id='word_1_451' title='bbox 2922 961 3105 1026; x_wconf 81' lang='lat' dir='ltr'><strong>vobis</strong></span> <span class='ocrx_word' id='word_1_452' title='bbox 3148 960 3491 1027; x_wconf 81' lang='lat' dir='ltr'><strong>obstrictos</strong></span> <span class='ocrx_word' id='word_1_453' title='bbox 3534 961 3977 1044; x_wconf 82' lang='lat' dir='ltr'><strong>agnoscimus,</strong></span> <span class='ocrx_word' id='word_1_454' title='bbox 4047 969 4115 1027; x_wconf 90' lang='lat' dir='ltr'><strong>et</strong></span> <span class='ocrx_word' id='word_1_455' title='bbox 4165 982 4301 1027; x_wconf 91' lang='lat' dir='ltr'><strong>non</strong></span> <span class='ocrx_word' id='word_1_456' title='bbox 4357 962 4676 1046; x_wconf 78' lang='lat' dir='ltr'><strong>vulgarem</strong></span> 
     </span>
     <span class='ocr_line' id='line_1_69' title="bbox 2756 1045 4679 1130; baseline 0.002 -21"><span class='ocrx_word' id='word_1_457' title='bbox 2756 1045 3074 1111; x_wconf 86' lang='lat' dir='ltr'><strong>habemus</strong></span> <span class='ocrx_word' id='word_1_458' title='bbox 3130 1048 3432 1130; x_wconf 81' lang='lat' dir='ltr'><strong>gratiam.</strong></span> <span class='ocrx_word' id='word_1_459' title='bbox 3533 1045 3806 1112; x_wconf 87' lang='lat' dir='ltr'><strong>Utinam</strong></span> <span class='ocrx_word' id='word_1_460' title='bbox 3863 1050 4109 1113; x_wconf 85' lang='lat' dir='ltr'><strong>mutuis</strong></span> <span class='ocrx_word' id='word_1_461' title='bbox 4164 1047 4397 1113; x_wconf 88' lang='lat' dir='ltr'><strong>officiis</strong></span> <span class='ocrx_word' id='word_1_462' title='bbox 4448 1056 4679 1114; x_wconf 79' lang='lat' dir='ltr'><strong>certare</strong></span> 
     </span>
     <span class='ocr_line' id='line_1_70' title="bbox 2754 1130 4680 1199; baseline 0.001 -3"><span class='ocrx_word' id='word_1_463' title='bbox 2754 1131 2941 1197; x_wconf 92' lang='lat' dir='ltr'><strong>nobis</strong></span> <span class='ocrx_word' id='word_1_464' title='bbox 2984 1131 3268 1198; x_wconf 85' lang='lat' dir='ltr'><strong>daretur.</strong></span> <span class='ocrx_word' id='word_1_465' title='bbox 3357 1130 3496 1199; x_wconf 82' lang='lat' dir='ltr'><strong>Sed</strong></span> <span class='ocrx_word' id='word_1_466' title='bbox 3536 1153 3654 1197; x_wconf 81' lang='lat' dir='ltr'><strong>vos</strong></span> <span class='ocrx_word' id='word_1_467' title='bbox 3698 1132 3935 1198; x_wconf 89' lang='lat' dir='ltr'><strong>animis</strong></span> <span class='ocrx_word' id='word_1_468' title='bbox 3988 1135 4229 1199; x_wconf 89' lang='lat' dir='ltr'><strong>nostris</strong></span> <span class='ocrx_word' id='word_1_469' title='bbox 4271 1133 4511 1199; x_wconf 88' lang='lat' dir='ltr'><strong>scimus</strong></span> <span class='ocrx_word' id='word_1_470' title='bbox 4551 1152 4680 1198; x_wconf 84' lang='lat' dir='ltr'><strong>esse</strong></span> 
     </span>
     <span class='ocr_line' id='line_1_71' title="bbox 2756 1215 4680 1298; baseline 0.001 -17"><span class='ocrx_word' id='word_1_471' title='bbox 2756 1225 3113 1283; x_wconf 88' lang='lat' dir='ltr'><strong>contentos.</strong></span> <span class='ocrx_word' id='word_1_472' title='bbox 3202 1215 3379 1298; x_wconf 78' lang='lat' dir='ltr'><strong>Quid</strong></span> <span class='ocrx_word' id='word_1_473' title='bbox 3421 1217 3503 1284; x_wconf 91' lang='lat' dir='ltr'><strong>de</strong></span> <span class='ocrx_word' id='word_1_474' title='bbox 3559 1217 3824 1283; x_wconf 88' lang='lat' dir='ltr'><strong>homine</strong></span> <span class='ocrx_word' id='word_1_475' title='bbox 3879 1218 4175 1283; x_wconf 85' lang='lat' dir='ltr'><strong>futurum</strong></span> <span class='ocrx_word' id='word_1_476' title='bbox 4229 1220 4343 1296; x_wconf 90' lang='lat' dir='ltr'><strong>sit,</strong></span> <span class='ocrx_word' id='word_1_477' title='bbox 4403 1217 4680 1284; x_wconf 87' lang='lat' dir='ltr'><strong>nondum</strong></span> 
     </span>
     <span class='ocr_line' id='line_1_72' title="bbox 2756 1302 4676 1387; baseline 0 -19"><span class='ocrx_word' id='word_1_478' title='bbox 2756 1303 2976 1368; x_wconf 89' lang='lat' dir='ltr'><strong>scitur.</strong></span> <span class='ocrx_word' id='word_1_479' title='bbox 3004 1303 3058 1387; x_wconf 73' lang='lat'><strong>¹⁵)</strong></span> <span class='ocrx_word' id='word_1_480' title='bbox 3177 1302 3518 1384; x_wconf 78' lang='lat' dir='ltr'><strong>Quantum</strong></span> <span class='ocrx_word' id='word_1_481' title='bbox 3597 1313 3820 1369; x_wconf 90' lang='lat' dir='ltr'><strong>tamen</strong></span> <span class='ocrx_word' id='word_1_482' title='bbox 3900 1304 4288 1370; x_wconf 85' lang='lat' dir='ltr'><strong>coniecturis</strong></span> <span class='ocrx_word' id='word_1_483' title='bbox 4364 1324 4676 1387; x_wconf 83' lang='lat' dir='ltr'><strong>assequor,</strong></span> 
     </span>
     <span class='ocr_line' id='line_1_73' title="bbox 2754 1387 4682 1473; baseline 0 -19"><span class='ocrx_word' id='word_1_484' title='bbox 2754 1408 2899 1454; x_wconf 91' lang='lat' dir='ltr'><strong>cras</strong></span> <span class='ocrx_word' id='word_1_485' title='bbox 2957 1390 3204 1454; x_wconf 87' lang='lat' dir='ltr'><strong>feretur</strong></span> <span class='ocrx_word' id='word_1_486' title='bbox 3256 1391 3327 1453; x_wconf 92' lang='lat' dir='ltr'><strong>in</strong></span> <span class='ocrx_word' id='word_1_487' title='bbox 3383 1390 3566 1455; x_wconf 89' lang='lat' dir='ltr'><strong>curia</strong></span> <span class='ocrx_word' id='word_1_488' title='bbox 3627 1387 3968 1455; x_wconf 88' lang='lat' dir='ltr'><strong>iudicium:</strong></span> <span class='ocrx_word' id='word_1_489' title='bbox 4032 1390 4341 1473; x_wconf 88' lang='lat' dir='ltr'><strong>perendie</strong></span> <span class='ocrx_word' id='word_1_490' title='bbox 4397 1410 4552 1456; x_wconf 79' lang='lat' dir='ltr'><strong>vero</strong></span> <span class='ocrx_word' id='word_1_491' title='bbox 4605 1388 4682 1454; x_wconf 86' lang='lat' dir='ltr'><strong>ad</strong></span> 
     </span>
     <span class='ocr_line' id='line_1_74' title="bbox 2754 1474 3468 1558; baseline 0 -19"><span class='ocrx_word' id='word_1_492' title='bbox 2754 1474 3142 1558; x_wconf 89' lang='lat' dir='ltr'><strong>supplicium</strong></span> <span class='ocrx_word' id='word_1_493' title='bbox 3179 1474 3468 1540; x_wconf 86' lang='lat' dir='ltr'><strong>ducetur.</strong></span> 
     </span>
    </p>

    <p class='ocr_par' dir='ltr' id='par_1_13' title="bbox 2745 1559 4683 2753">
     <span class='ocr_line' id='line_1_75' title="bbox 2926 1559 4682 1644; baseline 0.002 -21"><span class='ocrx_word' id='word_1_494' title='bbox 2926 1559 3001 1624; x_wconf 92' lang='lat' dir='ltr'><strong>In</strong></span> <span class='ocrx_word' id='word_1_495' title='bbox 3047 1559 3271 1626; x_wconf 82' lang='lat' dir='ltr'><strong>Gallia</strong></span> <span class='ocrx_word' id='word_1_496' title='bbox 3302 1581 3409 1626; x_wconf 91' lang='lat' dir='ltr'><strong>res</strong></span> <span class='ocrx_word' id='word_1_497' title='bbox 3455 1560 3662 1625; x_wconf 91' lang='lat' dir='ltr'><strong>nihilo</strong></span> <span class='ocrx_word' id='word_1_498' title='bbox 3719 1560 3953 1626; x_wconf 88' lang='lat' dir='ltr'><strong>melius</strong></span> <span class='ocrx_word' id='word_1_499' title='bbox 3996 1560 4247 1626; x_wconf 88' lang='lat' dir='ltr'><strong>habent</strong></span> <span class='ocrx_word' id='word_1_500' title='bbox 4288 1582 4487 1644; x_wconf 90' lang='lat' dir='ltr'><strong>quam</strong></span> <span class='ocrx_word' id='word_1_501' title='bbox 4528 1561 4682 1627; x_wconf 89' lang='lat' dir='ltr'><strong>sole-</strong></span> 
     </span>
     <span class='ocr_line' id='line_1_76' title="bbox 2753 1643 4683 1730; baseline 0.002 -21"><span class='ocrx_word' id='word_1_502' title='bbox 2753 1643 2929 1711; x_wconf 91' lang='lat' dir='ltr'><strong>bant.</strong></span> <span class='ocrx_word' id='word_1_503' title='bbox 2999 1645 3129 1712; x_wconf 90' lang='lat' dir='ltr'><strong>Ubi</strong></span> <span class='ocrx_word' id='word_1_504' title='bbox 3165 1645 3498 1711; x_wconf 87' lang='lat' dir='ltr'><strong>saeviendi</strong></span> <span class='ocrx_word' id='word_1_505' title='bbox 3539 1654 3640 1711; x_wconf 92' lang='lat' dir='ltr'><strong>est</strong></span> <span class='ocrx_word' id='word_1_506' title='bbox 3679 1648 3971 1724; x_wconf 87' lang='lat' dir='ltr'><strong>materia,</strong></span> <span class='ocrx_word' id='word_1_507' title='bbox 4016 1648 4322 1730; x_wconf 88' lang='lat' dir='ltr'><strong>sanguini</strong></span> <span class='ocrx_word' id='word_1_508' title='bbox 4364 1668 4500 1712; x_wconf 91' lang='lat' dir='ltr'><strong>non</strong></span> <span class='ocrx_word' id='word_1_509' title='bbox 4540 1668 4683 1730; x_wconf 86' lang='lat' dir='ltr'><strong>par·</strong></span> 
     </span>
     <span class='ocr_line' id='line_1_77' title="bbox 2753 1730 4682 1809; baseline -0.001 -13"><span class='ocrx_word' id='word_1_510' title='bbox 2753 1739 2930 1796; x_wconf 90' lang='lat' dir='ltr'><strong>cunt.</strong></span> <span class='ocrx_word' id='word_1_511' title='bbox 3053 1732 3340 1797; x_wconf 86' lang='lat' dir='ltr'><strong>Divione</strong></span> <span class='ocrx_word' id='word_1_512' title='bbox 3396 1731 3577 1797; x_wconf 84' lang='lat' dir='ltr'><strong>brevi</strong></span> <span class='ocrx_word' id='word_1_513' title='bbox 3638 1739 3773 1796; x_wconf 85' lang='lat' dir='ltr'><strong>tres</strong></span> <span class='ocrx_word' id='word_1_514' title='bbox 3830 1740 4144 1809; x_wconf 89' lang='lat' dir='ltr'><strong>exurent,</strong></span> <span class='ocrx_word' id='word_1_515' title='bbox 4215 1734 4342 1797; x_wconf 91' lang='lat' dir='ltr'><strong>nisi</strong></span> <span class='ocrx_word' id='word_1_516' title='bbox 4403 1733 4570 1797; x_wconf 88' lang='lat' dir='ltr'><strong>forte</strong></span> <span class='ocrx_word' id='word_1_517' title='bbox 4618 1730 4682 1795; x_wconf 93' lang='lat' dir='ltr'><strong>id</strong></span> 
     </span>
     <span class='ocr_line' id='line_1_78' title="bbox 2755 1816 4682 1901; baseline -0.001 -19"><span class='ocrx_word' id='word_1_518' title='bbox 2755 1816 2889 1882; x_wconf 89' lang='lat' dir='ltr'><strong>iam</strong></span> <span class='ocrx_word' id='word_1_519' title='bbox 2950 1818 3191 1883; x_wconf 86' lang='lat' dir='ltr'><strong>factum</strong></span> <span class='ocrx_word' id='word_1_520' title='bbox 3250 1817 3352 1883; x_wconf 88' lang='lat' dir='ltr'><strong>sit.</strong></span> <span class='ocrx_word' id='word_1_521' title='bbox 3378 1822 3432 1901; x_wconf 84' lang='lat'><strong>⁹)</strong></span> <span class='ocrx_word' id='word_1_522' title='bbox 3530 1818 3622 1882; x_wconf 87' lang='lat' dir='ltr'><strong>Et</strong></span> <span class='ocrx_word' id='word_1_523' title='bbox 3672 1818 4033 1901; x_wconf 89' lang='lat' dir='ltr'><strong>periculum</strong></span> <span class='ocrx_word' id='word_1_524' title='bbox 4091 1824 4222 1893; x_wconf 87' lang='grc'><strong>661,</strong></span> <span class='ocrx_word' id='word_1_525' title='bbox 4292 1840 4376 1883; x_wconf 90' lang='grc'><strong>66</strong></span> <span class='ocrx_word' id='word_1_526' title='bbox 4430 1816 4682 1884; x_wconf 88' lang='grc'><strong>8661166</strong></span> 
     </span>
     <span class='ocr_line' id='line_1_79' title="bbox 2755 1903 4680 1986; baseline 0.001 -19"><span class='ocrx_word' id='word_1_527' title='bbox 2755 1911 2971 1967; x_wconf 84' lang='grc'><strong>1661116</strong></span> <span class='ocrx_word' id='word_1_528' title='bbox 3033 1904 3414 1969; x_wconf 85' lang='lat' dir='ltr'><strong>incendium</strong></span> <span class='ocrx_word' id='word_1_529' title='bbox 3477 1912 3882 1986; x_wconf 86' lang='lat' dir='ltr'><strong>exasperent.</strong></span> <span class='ocrx_word' id='word_1_530' title='bbox 3984 1903 4132 1969; x_wconf 89' lang='lat' dir='ltr'><strong>Hoc</strong></span> <span class='ocrx_word' id='word_1_531' title='bbox 4195 1903 4344 1969; x_wconf 91' lang='lat' dir='ltr'><strong>ideo</strong></span> <span class='ocrx_word' id='word_1_532' title='bbox 4409 1923 4680 1969; x_wconf 82' lang='lat' dir='ltr'><strong>comme·</strong></span> 
     </span>
     <span class='ocr_line' id='line_1_80' title="bbox 2751 1987 4676 2064; baseline 0 -12"><span class='ocrx_word' id='word_1_533' title='bbox 2751 2008 2967 2064; x_wconf 83' lang='lat' dir='ltr'><strong>more,</strong></span> <span class='ocrx_word' id='word_1_534' title='bbox 3046 1996 3123 2053; x_wconf 91' lang='lat' dir='ltr'><strong>ut</strong></span> <span class='ocrx_word' id='word_1_535' title='bbox 3184 1990 3409 2055; x_wconf 90' lang='lat' dir='ltr'><strong>miseri</strong></span> <span class='ocrx_word' id='word_1_536' title='bbox 3471 1990 3707 2054; x_wconf 86' lang='lat' dir='ltr'><strong>fratres</strong></span> <span class='ocrx_word' id='word_1_537' title='bbox 3771 1988 3955 2054; x_wconf 86' lang='lat' dir='ltr'><strong>vobis</strong></span> <span class='ocrx_word' id='word_1_538' title='bbox 4021 1989 4158 2054; x_wconf 88' lang='lat' dir='ltr'><strong>sint</strong></span> <span class='ocrx_word' id='word_1_539' title='bbox 4233 1987 4676 2055; x_wconf 86' lang='lat' dir='ltr'><strong>commendati.</strong></span> 
     </span>
     <span class='ocr_line' id='line_1_81' title="bbox 2753 2072 4682 2158; baseline 0 -19"><span class='ocrx_word' id='word_1_540' title='bbox 2753 2072 2816 2139; x_wconf 90' lang='lat' dir='ltr'>N</span> <span class='ocrx_word' id='word_1_541' title='bbox 2819 2076 3069 2139; x_wconf 88' lang='grc'><strong>61661161</strong></span> <span class='ocrx_word' id='word_1_542' title='bbox 3133 2074 3311 2140; x_wconf 92' lang='lat' dir='ltr'><strong>enim</strong></span> <span class='ocrx_word' id='word_1_543' title='bbox 3363 2081 3613 2158; x_wconf 84' lang='lat' dir='ltr'><strong>septem</strong></span> <span class='ocrx_word' id='word_1_544' title='bbox 3668 2074 3775 2141; x_wconf 85' lang='lat' dir='ltr'><strong>vel</strong></span> <span class='ocrx_word' id='word_1_545' title='bbox 3831 2083 3975 2139; x_wconf 89' lang='lat' dir='ltr'><strong>octo</strong></span> <span class='ocrx_word' id='word_1_546' title='bbox 4031 2076 4243 2140; x_wconf 89' lang='lat' dir='ltr'><strong>teneri</strong></span> <span class='ocrx_word' id='word_1_547' title='bbox 4295 2075 4370 2140; x_wconf 93' lang='lat' dir='ltr'><strong>in</strong></span> <span class='ocrx_word' id='word_1_548' title='bbox 4411 2074 4682 2141; x_wconf 82' lang='lat' dir='ltr'><strong>vinculis</strong></span> 
     </span>
     <span class='ocr_line' id='line_1_82' title="bbox 2753 2158 4680 2246; baseline 0.002 -25"><span class='ocrx_word' id='word_1_549' title='bbox 2753 2158 3026 2225; x_wconf 89' lang='lat' dir='ltr'><strong>allatum</strong></span> <span class='ocrx_word' id='word_1_550' title='bbox 3071 2167 3188 2225; x_wconf 89' lang='grc'><strong>661.</strong></span> <span class='ocrx_word' id='word_1_551' title='bbox 3216 2161 3301 2246; x_wconf 89' lang='lat'><strong>¹⁰)</strong></span> <span class='ocrx_word' id='word_1_552' title='bbox 3385 2159 3469 2225; x_wconf 91' lang='lat' dir='ltr'><strong>In</strong></span> <span class='ocrx_word' id='word_1_553' title='bbox 3514 2160 3659 2225; x_wconf 87' lang='lat' dir='ltr'><strong>aliis</strong></span> <span class='ocrx_word' id='word_1_554' title='bbox 3703 2159 3960 2226; x_wconf 81' lang='lat' dir='ltr'><strong>Galliae</strong></span> <span class='ocrx_word' id='word_1_555' title='bbox 4011 2158 4282 2226; x_wconf 88' lang='lat' dir='ltr'><strong>urbibus</strong></span> <span class='ocrx_word' id='word_1_556' title='bbox 4322 2161 4680 2244; x_wconf 88' lang='lat' dir='ltr'><strong>complures</strong></span> 
     </span>
     <span class='ocr_line' id='line_1_83' title="bbox 2752 2244 4680 2329; baseline 0.001 -20"><span class='ocrx_word' id='word_1_557' title='bbox 2752 2253 2924 2310; x_wconf 90' lang='lat' dir='ltr'><strong>sunt.</strong></span> <span class='ocrx_word' id='word_1_558' title='bbox 3013 2244 3181 2311; x_wconf 85' lang='lat' dir='ltr'><strong>Vale</strong></span> <span class='ocrx_word' id='word_1_559' title='bbox 3199 2298 3213 2319; x_wconf 87' lang='lat'>‚</span> <span class='ocrx_word' id='word_1_560' title='bbox 3280 2247 3694 2312; x_wconf 87' lang='lat' dir='ltr'><strong>ornatissime</strong></span> <span class='ocrx_word' id='word_1_561' title='bbox 3751 2247 3853 2310; x_wconf 86' lang='lat' dir='ltr'><strong>vir</strong></span> <span class='ocrx_word' id='word_1_562' title='bbox 3903 2252 3971 2311; x_wconf 90' lang='lat' dir='ltr'><strong>et</strong></span> <span class='ocrx_word' id='word_1_563' title='bbox 4023 2246 4228 2312; x_wconf 88' lang='lat' dir='ltr'><strong>frater</strong></span> <span class='ocrx_word' id='word_1_564' title='bbox 4267 2246 4432 2311; x_wconf 85' lang='lat' dir='ltr'><strong>mihi</strong></span> <span class='ocrx_word' id='word_1_565' title='bbox 4487 2245 4680 2329; x_wconf 90' lang='lat' dir='ltr'><strong>pluri-</strong></span> 
     </span>
     <span class='ocr_line' id='line_1_84' title="bbox 2749 2330 4681 2416; baseline 0.001 -22"><span class='ocrx_word' id='word_1_566' title='bbox 2749 2351 2931 2395; x_wconf 92' lang='lat' dir='ltr'><strong>mum</strong></span> <span class='ocrx_word' id='word_1_567' title='bbox 2991 2331 3275 2397; x_wconf 87' lang='lat' dir='ltr'><strong>colende.</strong></span> <span class='ocrx_word' id='word_1_568' title='bbox 3363 2330 3596 2398; x_wconf 84' lang='lat' dir='ltr'><strong>Saluta</strong></span> <span class='ocrx_word' id='word_1_569' title='bbox 3638 2331 3986 2415; x_wconf 87' lang='lat' dir='ltr'><strong>diligenter</strong></span> <span class='ocrx_word' id='word_1_570' title='bbox 4027 2346 4463 2416; x_wconf 81' lang='lat' dir='ltr'><strong>symmystas,</strong></span> <span class='ocrx_word' id='word_1_571' title='bbox 4523 2353 4681 2396; x_wconf 91' lang='lat' dir='ltr'><strong>uxo-</strong></span> 
     </span>
     <span class='ocr_line' id='line_1_85' title="bbox 2749 2416 4682 2500; baseline 0 -20"><span class='ocrx_word' id='word_1_572' title='bbox 2749 2435 2910 2496; x_wconf 90' lang='lat' dir='ltr'><strong>rem,</strong></span> <span class='ocrx_word' id='word_1_573' title='bbox 2955 2437 3244 2498; x_wconf 85' lang='lat' dir='ltr'><strong>generos,</strong></span> <span class='ocrx_word' id='word_1_574' title='bbox 3289 2427 3358 2481; x_wconf 88' lang='lat' dir='ltr'><strong>et</strong></span> <span class='ocrx_word' id='word_1_575' title='bbox 3398 2418 3584 2483; x_wconf 88' lang='lat' dir='ltr'><strong>filias.</strong></span> <span class='ocrx_word' id='word_1_576' title='bbox 3673 2417 4000 2483; x_wconf 89' lang='lat' dir='ltr'><strong>Dominus</strong></span> <span class='ocrx_word' id='word_1_577' title='bbox 4043 2418 4226 2484; x_wconf 85' lang='lat' dir='ltr'><strong>vobis</strong></span> <span class='ocrx_word' id='word_1_578' title='bbox 4269 2438 4532 2500; x_wconf 89' lang='lat' dir='ltr'><strong>semper</strong></span> <span class='ocrx_word' id='word_1_579' title='bbox 4573 2416 4682 2481; x_wconf 89' lang='lat' dir='ltr'><strong>ad-</strong></span> 
     </span>
     <span class='ocr_line' id='line_1_86' title="bbox 2748 2501 4682 2588; baseline 0 -22"><span class='ocrx_word' id='word_1_580' title='bbox 2748 2501 2853 2577; x_wconf 88' lang='lat' dir='ltr'><strong>sit,</strong></span> <span class='ocrx_word' id='word_1_581' title='bbox 2896 2523 3016 2567; x_wconf 85' lang='lat' dir='ltr'><strong>vos</strong></span> <span class='ocrx_word' id='word_1_582' title='bbox 3058 2509 3340 2580; x_wconf 87' lang='lat' dir='ltr'><strong>tueatur,</strong></span> <span class='ocrx_word' id='word_1_583' title='bbox 3386 2514 3452 2567; x_wconf 87' lang='lat' dir='ltr'><strong>et</strong></span> <span class='ocrx_word' id='word_1_584' title='bbox 3492 2503 3731 2587; x_wconf 87' lang='lat' dir='ltr'><strong>spiritu</strong></span> <span class='ocrx_word' id='word_1_585' title='bbox 3769 2525 3886 2568; x_wconf 91' lang='lat' dir='ltr'><strong>suo</strong></span> <span class='ocrx_word' id='word_1_586' title='bbox 3930 2511 4130 2588; x_wconf 89' lang='lat' dir='ltr'><strong>regat.</strong></span> <span class='ocrx_word' id='word_1_587' title='bbox 4205 2503 4515 2588; x_wconf 81' lang='lat' dir='ltr'><strong>Collegae</strong></span> <span class='ocrx_word' id='word_1_588' title='bbox 4557 2502 4682 2567; x_wconf 90' lang='grc'><strong>1661</strong></span> 
     </span>
     <span class='ocr_line' id='line_1_87' title="bbox 2745 2587 4680 2670; baseline 0.001 -19"><span class='ocrx_word' id='word_1_589' title='bbox 2745 2588 3101 2670; x_wconf 89' lang='lat' dir='ltr'><strong>plurimam</strong></span> <span class='ocrx_word' id='word_1_590' title='bbox 3161 2588 3341 2654; x_wconf 83' lang='lat' dir='ltr'><strong>vobis</strong></span> <span class='ocrx_word' id='word_1_591' title='bbox 3396 2588 3673 2654; x_wconf 89' lang='lat' dir='ltr'><strong>salutem</strong></span> <span class='ocrx_word' id='word_1_592' title='bbox 3718 2587 3960 2655; x_wconf 90' lang='lat' dir='ltr'><strong>dicunt.</strong></span> <span class='ocrx_word' id='word_1_593' title='bbox 4050 2589 4396 2668; x_wconf 79' lang='lat' dir='ltr'><strong>Genevae,</strong></span> <span class='ocrx_word' id='word_1_594' title='bbox 4453 2594 4510 2655; x_wconf 88' lang='lat'><strong>6.</strong></span> <span class='ocrx_word' id='word_1_595' title='bbox 4557 2588 4680 2655; x_wconf 84' lang='lat' dir='ltr'><strong>Ga-</strong></span> 
     </span>
     <span class='ocr_line' id='line_1_88' title="bbox 2745 2671 3670 2753; baseline 0.002 -17"><span class='ocrx_word' id='word_1_596' title='bbox 2745 2671 2919 2739; x_wconf 91' lang='lat' dir='ltr'><strong>lend.</strong></span> <span class='ocrx_word' id='word_1_597' title='bbox 2965 2673 3316 2740; x_wconf 82' lang='lat' dir='ltr'><strong>Novembr.</strong></span> <span class='ocrx_word' id='word_1_598' title='bbox 3349 2678 3433 2753; x_wconf 83' lang='lat'><strong>¹¹)</strong></span> <span class='ocrx_word' id='word_1_599' title='bbox 3484 2679 3670 2739; x_wconf 83' lang='lat'><strong>1553.-</strong></span> 
     </span>
    </p>
   </div>
   <div class='ocr_carea' id='block_1_11' title="bbox 3222 3237 4194 3461">
    <p class='ocr_par' dir='ltr' id='par_1_14' title="bbox 3222 3237 4194 3461">
     <span class='ocr_line' id='line_1_89' title="bbox 3610 3237 3797 3308; baseline -0.016 -1"><span class='ocrx_word' id='word_1_600' title='bbox 3610 3237 3797 3308; x_wconf 78' lang='lat'><strong>1839.</strong></span> 
     </span>
     <span class='ocr_line' id='line_1_90' title="bbox 3222 3388 4194 3461; baseline 0.003 -5"><span class='ocrx_word' id='word_1_601' title='bbox 3222 3388 3691 3461; x_wconf 79' lang='lat' dir='ltr'><strong>OALVINUS</strong></span> <span class='ocrx_word' id='word_1_602' title='bbox 3735 3389 4194 3461; x_wconf 82' lang='lat' dir='ltr'><strong>FABELLO.</strong></span> 
     </span>
    </p>
   </div>
   <div class='ocr_carea' id='block_1_12' title="bbox 2735 3557 4692 3729">
    <p class='ocr_par' dir='ltr' id='par_1_15' title="bbox 2735 3557 4692 3729">
     <span class='ocr_line' id='line_1_91' title="bbox 2907 3557 4670 3645; baseline 0.003 -19"><span class='ocrx_word' id='word_1_603' title='bbox 2907 3557 3220 3626; x_wconf 73' lang='lat' dir='ltr'><strong>Ecclesiae</strong></span> <span class='ocrx_word' id='word_1_604' title='bbox 3250 3563 3708 3645; x_wconf 65' lang='lat' dir='ltr'><strong>responderunt,</strong></span> <span class='ocrx_word' id='word_1_605' title='bbox 3750 3562 4059 3630; x_wconf 73' lang='lat' dir='ltr'><strong>Smetum</strong></span> <span class='ocrx_word' id='word_1_606' title='bbox 4097 3566 4491 3643; x_wconf 75' lang='lat' dir='ltr'><strong>damnarunt,</strong></span> <span class='ocrx_word' id='word_1_607' title='bbox 4528 3585 4670 3632; x_wconf 76' lang='lat' dir='ltr'><strong>cras</strong></span> 
     </span>
     <span class='ocr_line' id='line_1_92' title="bbox 2735 3642 4692 3729; baseline 0.003 -18"><span class='ocrx_word' id='word_1_608' title='bbox 2735 3642 2823 3711; x_wconf 81' lang='lat' dir='ltr'><strong>ad</strong></span> <span class='ocrx_word' id='word_1_609' title='bbox 2861 3645 3240 3729; x_wconf 76' lang='lat' dir='ltr'><strong>supplicium</strong></span> <span class='ocrx_word' id='word_1_610' title='bbox 3280 3649 3554 3714; x_wconf 77' lang='lat' dir='ltr'><strong>ducetur.</strong></span> <span class='ocrx_word' id='word_1_611' title='bbox 4685 3653 4692 3657; x_wconf 83' lang='grc'><em>’</em></span> 
     </span>
    </p>
   </div>
   <div class='ocr_carea' id='block_1_13' title="bbox 2733 3815 4664 4026">
    <p class='ocr_par' dir='ltr' id='par_1_16' title="bbox 2733 3815 4664 4026">
     <span class='ocr_line' id='line_1_93' title="bbox 2733 3815 4663 3940; baseline 0.003 -71"><span class='ocrx_word' id='word_1_612' title='bbox 2733 3815 3009 3940; x_wconf 51' lang='grc' dir='ltr'><strong>ἓὸξτπνὴ</strong></span> <span class='ocrx_word' id='word_1_613' title='bbox 3042 3816 3184 3870; x_wconf 72' lang='lat' dir='ltr'><strong>Besa</strong></span> <span class='ocrx_word' id='word_1_614' title='bbox 3219 3816 3302 3869; x_wconf 83' lang='lat' dir='ltr'><strong>ed.</strong></span> <span class='ocrx_word' id='word_1_615' title='bbox 3340 3815 3537 3871; x_wconf 72' lang='lat' dir='ltr'><strong>GeneV.</strong></span> <span class='ocrx_word' id='word_1_616' title='bbox 3590 3817 3710 3887; x_wconf 90' lang='grc'><strong>115,</strong></span> <span class='ocrx_word' id='word_1_617' title='bbox 3753 3820 3911 3901; x_wconf 73' lang='lat' dir='ltr'><strong>Laus.</strong></span> <span class='ocrx_word' id='word_1_618' title='bbox 3947 3837 4000 3890; x_wconf 90' lang='lat' dir='ltr'><strong>p.</strong></span> <span class='ocrx_word' id='word_1_619' title='bbox 4034 3818 4167 3886; x_wconf 79' lang='lat'><strong>2⁷1,</strong></span> <span class='ocrx_word' id='word_1_620' title='bbox 4215 3821 4427 3903; x_wconf 54' lang='lat' dir='ltr'><strong>llanor.</strong></span> <span class='ocrx_word' id='word_1_621' title='bbox 4463 3838 4515 3891; x_wconf 92' lang='lat' dir='ltr'><strong>p.</strong></span> <span class='ocrx_word' id='word_1_622' title='bbox 4547 3818 4663 3887; x_wconf 66' lang='grc'><strong>308,</strong></span> 
     </span>
     <span class='ocr_line' id='line_1_94' title="bbox 2814 3883 4664 3956; baseline 0.002 -17"><span class='ocrx_word' id='word_1_623' title='bbox 2814 3890 2942 3939; x_wconf 88' lang='grc'><strong>61161</strong></span> <span class='ocrx_word' id='word_1_624' title='bbox 2977 3902 3027 3954; x_wconf 93' lang='lat' dir='ltr'><strong>p.</strong></span> <span class='ocrx_word' id='word_1_625' title='bbox 3074 3883 3201 3950; x_wconf 83' lang='lat'><strong>156,</strong></span> <span class='ocrx_word' id='word_1_626' title='bbox 3246 3886 3424 3939; x_wconf 78' lang='lat' dir='ltr'><strong>Amat.</strong></span> <span class='ocrx_word' id='word_1_627' title='bbox 3472 3903 3529 3956; x_wconf 90' lang='lat' dir='ltr'><strong>p.</strong></span> <span class='ocrx_word' id='word_1_628' title='bbox 3574 3886 3657 3940; x_wconf 90' lang='grc'><strong>71.</strong></span> <span class='ocrx_word' id='word_1_629' title='bbox 3739 3887 3944 3943; x_wconf 78' lang='lat' dir='ltr'><strong>Gallice</strong></span> <span class='ocrx_word' id='word_1_630' title='bbox 3988 3894 4170 3943; x_wconf 79' lang='lat' dir='ltr'><strong>exstat</strong></span> <span class='ocrx_word' id='word_1_631' title='bbox 4215 3908 4271 3943; x_wconf 88' lang='grc'><strong>111</strong></span> <span class='ocrx_word' id='word_1_632' title='bbox 4320 3891 4451 3945; x_wconf 77' lang='lat' dir='ltr'><strong>edit.</strong></span> <span class='ocrx_word' id='word_1_633' title='bbox 4495 3889 4664 3944; x_wconf 84' lang='lat' dir='ltr'><strong>Berol.</strong></span> 
     </span>
     <span class='ocr_line' id='line_1_95' title="bbox 3215 3954 4194 4026; baseline 0.005 -19"><span class='ocrx_word' id='word_1_634' title='bbox 3215 3971 3267 4023; x_wconf 90' lang='lat' dir='ltr'><strong>p.</strong></span> <span class='ocrx_word' id='word_1_635' title='bbox 3308 3954 3424 4018; x_wconf 81' lang='lat'><strong>162,</strong></span> <span class='ocrx_word' id='word_1_636' title='bbox 3461 3957 3672 4025; x_wconf 88' lang='lat' dir='ltr'><strong>anglice</strong></span> <span class='ocrx_word' id='word_1_637' title='bbox 3705 3957 3901 4011; x_wconf 82' lang='lat' dir='ltr'><strong>Edinb.</strong></span> <span class='ocrx_word' id='word_1_638' title='bbox 3938 3959 4011 4012; x_wconf 93' lang='lat'><strong>11.</strong></span> <span class='ocrx_word' id='word_1_639' title='bbox 4045 3956 4194 4026; x_wconf 81' lang='grc'><strong>417.)</strong></span> 
     </span>
    </p>
   </div>
   <div class='ocr_carea' id='block_1_14' title="bbox 2732 4125 4666 4299">
    <p class='ocr_par' dir='ltr' id='par_1_17' title="bbox 2732 4125 4666 4299">
     <span class='ocr_line' id='line_1_96' title="bbox 2902 4125 4666 4214; baseline 0.002 -24"><span class='ocrx_word' id='word_1_640' title='bbox 2902 4127 3075 4192; x_wconf 86' lang='grc' dir='ltr'><strong>Ε666</strong></span> <span class='ocrx_word' id='word_1_641' title='bbox 3117 4125 3236 4191; x_wconf 89' lang='grc'><strong>11111</strong></span> <span class='ocrx_word' id='word_1_642' title='bbox 3288 4146 3540 4191; x_wconf 89' lang='lat' dir='ltr'><strong>morem</strong></span> <span class='ocrx_word' id='word_1_643' title='bbox 3592 4127 3809 4209; x_wconf 90' lang='lat' dir='ltr'><strong>aliqua</strong></span> <span class='ocrx_word' id='word_1_644' title='bbox 3861 4150 3947 4194; x_wconf 86' lang='lat' dir='ltr'><strong>ex</strong></span> <span class='ocrx_word' id='word_1_645' title='bbox 3988 4136 4175 4212; x_wconf 88' lang='lat' dir='ltr'><strong>parte</strong></span> <span class='ocrx_word' id='word_1_646' title='bbox 4216 4150 4391 4214; x_wconf 87' lang='lat' dir='ltr'><strong>gero.</strong></span> <span class='ocrx_word' id='word_1_647' title='bbox 4478 4130 4666 4213; x_wconf 82' lang='lat' dir='ltr'><strong>Epis-</strong></span> 
     </span>
     <span class='ocr_line' id='line_1_97' title="bbox 2732 4211 4663 4299; baseline 0.003 -23"><span class='ocrx_word' id='word_1_648' title='bbox 2732 4212 2906 4277; x_wconf 90' lang='lat' dir='ltr'><strong>tolae</strong></span> <span class='ocrx_word' id='word_1_649' title='bbox 2945 4212 3087 4276; x_wconf 89' lang='lat' dir='ltr'><strong>loco</strong></span> <span class='ocrx_word' id='word_1_650' title='bbox 3130 4211 3540 4278; x_wconf 82' lang='lat' dir='ltr'><strong>breviculum</strong></span> <span class='ocrx_word' id='word_1_651' title='bbox 3572 4211 3841 4280; x_wconf 89' lang='lat' dir='ltr'><strong>habebis</strong></span> <span class='ocrx_word' id='word_1_652' title='bbox 3883 4214 4055 4297; x_wconf 92' lang='lat' dir='ltr'><strong>quod</strong></span> <span class='ocrx_word' id='word_1_653' title='bbox 4100 4215 4382 4281; x_wconf 86' lang='lat' dir='ltr'><strong>multum</strong></span> <span class='ocrx_word' id='word_1_654' title='bbox 4424 4222 4663 4299; x_wconf 76' lang='lat' dir='ltr'><strong>tompo-</strong></span> 
     </span>
    </p>
   </div>
   <div class='ocr_carea' id='block_1_15' title="bbox 2735 4387 3124 4396">
    <p class='ocr_par' dir='ltr' id='par_1_18' title="bbox 2735 4387 3124 4396">
     <span class='ocr_line' id='line_1_98' title="bbox 2735 4387 3124 4396; baseline 0 1771"><span class='ocrx_word' id='word_1_655' title='bbox 2735 4387 3124 4396; x_wconf 95' lang='lat' dir='ltr'><strong> </strong></span> 
     </span>
    </p>
   </div>
   <div class='ocr_carea' id='block_1_16' title="bbox 2734 4500 4655 4774">
    <p class='ocr_par' dir='ltr' id='par_1_19' title="bbox 2734 4500 4655 4774">
     <span class='ocr_line' id='line_1_99' title="bbox 2935 4500 4655 4638; baseline 0 -13"><span class='ocrx_word' id='word_1_656' title='bbox 2935 4500 3825 4638; x_wconf 46' lang='lat' dir='ltr'><strong>glgiqrfovffotLaulgtedeSoioeom</strong></span> <span class='ocrx_word' id='word_1_657' title='bbox 3871 4574 4099 4628; x_wconf 66' lang='lat' dir='ltr'><strong>tundier</strong></span> <span class='ocrx_word' id='word_1_658' title='bbox 4141 4570 4655 4628; x_wconf 58' lang='lat' dir='ltr'><strong>damnata&amp;-</strong></span> 
     </span>
     <span class='ocr_line' id='line_1_100' title="bbox 3456 4638 4654 4709; baseline 0 -16"><span class='ocrx_word' id='word_1_659' title='bbox 3456 4654 3515 4693; x_wconf 74' lang='grc' dir='ltr'><strong>σν</strong></span> <span class='ocrx_word' id='word_1_660' title='bbox 3558 4640 3903 4709; x_wconf 61' lang='lat' dir='ltr'><strong>castanea,</strong></span> <span class='ocrx_word' id='word_1_661' title='bbox 3950 4658 3988 4697; x_wconf 83' lang='lat' dir='ltr'><strong>a</strong></span> <span class='ocrx_word' id='word_1_662' title='bbox 4090 4641 4288 4696; x_wconf 69' lang='lat' dir='ltr'><strong>ehende&#39;</strong></span> <span class='ocrx_word' id='word_1_663' title='bbox 4334 4638 4654 4709; x_wconf 60' lang='lat' dir='ltr'><strong>&amp;Diionla</strong></span> 
     </span>
     <span class='ocr_line' id='line_1_101' title="bbox 2734 4706 3958 4774; baseline 0 -11"><span class='ocrx_word' id='word_1_664' title='bbox 2734 4708 2819 4763; x_wconf 85' lang='grc'><strong>27.</strong></span> <span class='ocrx_word' id='word_1_665' title='bbox 2868 4708 3013 4774; x_wconf 71' lang='lat' dir='ltr'><strong>Sept.</strong></span> <span class='ocrx_word' id='word_1_666' title='bbox 3059 4706 3210 4763; x_wconf 68' lang='grc' dir='ltr'><strong>ϋηὶὶέ</strong></span> <span class='ocrx_word' id='word_1_667' title='bbox 3253 4706 3303 4760; x_wconf 75' lang='lat' dir='ltr'><strong>le</strong></span> <span class='ocrx_word' id='word_1_668' title='bbox 3388 4710 3432 4759; x_wconf 92' lang='lat'><strong>1.</strong></span> <span class='ocrx_word' id='word_1_669' title='bbox 3481 4708 3625 4763; x_wconf 82' lang='lat' dir='ltr'><strong>Nov.</strong></span> <span class='ocrx_word' id='word_1_670' title='bbox 3687 4710 3861 4772; x_wconf 69' lang='lat' dir='ltr'><strong>(Eiet.</strong></span> <span class='ocrx_word' id='word_1_671' title='bbox 3905 4711 3958 4765; x_wconf 79' lang='lat' dir='ltr'><strong>d.</strong></span> 
     </span>
    </p>
   </div>
   <div class='ocr_carea' id='block_1_17' title="bbox 2730 4708 4650 5315">
    <p class='ocr_par' dir='ltr' id='par_1_20' title="bbox 2730 4708 4650 4983">
     <span class='ocr_line' id='line_1_102' title="bbox 2730 4708 4650 4858; baseline -0.002 -25"><span class='ocrx_word' id='word_1_672' title='bbox 2730 4778 2855 4835; x_wconf 63' lang='grc' dir='ltr'><strong>ωσι.</strong></span> <span class='ocrx_word' id='word_1_673' title='bbox 2885 4776 2996 4845; x_wconf 83' lang='lat'><strong>93.)</strong></span> <span class='ocrx_word' id='word_1_674' title='bbox 3067 4777 3156 4830; x_wconf 65' lang='lat' dir='ltr'><strong>Da</strong></span> <span class='ocrx_word' id='word_1_675' title='bbox 3188 4774 3400 4858; x_wconf 62' lang='lat' dir='ltr'><strong>auqbgoe</strong></span> <span class='ocrx_word' id='word_1_676' title='bbox 3430 4775 3559 4831; x_wconf 57' lang='lat' dir='ltr'><strong>aaa</strong></span> <span class='ocrx_word' id='word_1_677' title='bbox 3592 4778 3735 4834; x_wconf 67' lang='lat' dir='ltr'><strong>mm</strong></span> <span class='ocrx_word' id='word_1_678' title='bbox 3761 4780 3856 4834; x_wconf 73' lang='lat' dir='ltr'><strong>ibi.</strong></span> <span class='ocrx_word' id='word_1_679' title='bbox 4078 4717 4181 4767; x_wconf 64' lang='lat'>‘⁸⁷⁸‘</span> <span class='ocrx_word' id='word_1_680' title='bbox 4223 4711 4269 4777; x_wconf 35' lang='grc' dir='ltr'><strong>γ’</strong></span> <span class='ocrx_word' id='word_1_681' title='bbox 4315 4709 4435 4765; x_wconf 50' lang='lat'><strong>²⁸3*</strong></span> <span class='ocrx_word' id='word_1_682' title='bbox 4514 4708 4650 4763; x_wconf 46' lang='lat' dir='ltr'><strong>Hm</strong></span> 
     </span>
     <span class='ocr_line' id='line_1_103' title="bbox 2730 4844 4648 4983; baseline 0 -84"><span class='ocrx_word' id='word_1_683' title='bbox 2730 4914 2836 4970; x_wconf 68' lang='grc'><strong>306</strong></span> <span class='ocrx_word' id='word_1_684' title='bbox 2865 4846 3001 4970; x_wconf 42' lang='lat' dir='ltr'><strong>wlff}</strong></span> <span class='ocrx_word' id='word_1_685' title='bbox 3029 4845 3219 4983; x_wconf 52' lang='grc' dir='ltr'><strong>ἔηὲιὶι</strong></span> <span class='ocrx_word' id='word_1_686' title='bbox 3263 4845 3342 4899; x_wconf 66' lang='lat' dir='ltr'><strong>aba</strong></span> <span class='ocrx_word' id='word_1_687' title='bbox 3375 4851 3620 4901; x_wconf 66' lang='lat' dir='ltr'><strong>exustum</strong></span> <span class='ocrx_word' id='word_1_688' title='bbox 3655 4865 3707 4901; x_wconf 86' lang='grc'><strong>6.</strong></span> <span class='ocrx_word' id='word_1_689' title='bbox 3743 4846 3882 4903; x_wconf 80' lang='lat'>1554</span> <span class='ocrx_word' id='word_1_690' title='bbox 3929 4848 4119 4902; x_wconf 70' lang='lat' dir='ltr'><strong>dieunt</strong></span> <span class='ocrx_word' id='word_1_691' title='bbox 4161 4846 4327 4903; x_wconf 76' lang='lat' dir='ltr'><strong>iidem</strong></span> <span class='ocrx_word' id='word_1_692' title='bbox 4371 4853 4524 4903; x_wconf 71' lang='lat' dir='ltr'><strong>testeo</strong></span> <span class='ocrx_word' id='word_1_693' title='bbox 4560 4844 4648 4913; x_wconf 78' lang='lat' dir='ltr'><strong>fol.</strong></span> 
     </span>
    </p>

    <p class='ocr_par' dir='ltr' id='par_1_21' title="bbox 2730 4981 4648 5315">
     <span class='ocr_line' id='line_1_104' title="bbox 2904 4981 4648 5052; baseline -0.001 -16"><span class='ocrx_word' id='word_1_694' title='bbox 2904 4983 2998 5050; x_wconf 87' lang='lat'><strong>11)</strong></span> <span class='ocrx_word' id='word_1_695' title='bbox 3037 4984 3147 5036; x_wconf 83' lang='lat' dir='ltr'><strong>Hic</strong></span> <span class='ocrx_word' id='word_1_696' title='bbox 3189 4983 3391 5052; x_wconf 71' lang='lat' dir='ltr'><strong>aliquis</strong></span> <span class='ocrx_word' id='word_1_697' title='bbox 3436 4984 3567 5039; x_wconf 76' lang='lat' dir='ltr'><strong>latet</strong></span> <span class='ocrx_word' id='word_1_698' title='bbox 3607 5000 3779 5039; x_wconf 79' lang='lat' dir='ltr'><strong>error.</strong></span> <span class='ocrx_word' id='word_1_699' title='bbox 3852 4983 4001 5039; x_wconf 76' lang='lat' dir='ltr'><strong>Nam</strong></span> <span class='ocrx_word' id='word_1_700' title='bbox 4046 4985 4163 5040; x_wconf 76' lang='lat' dir='ltr'><strong>dies</strong></span> <span class='ocrx_word' id='word_1_701' title='bbox 4207 5000 4259 5039; x_wconf 87' lang='grc'><strong>6.</strong></span> <span class='ocrx_word' id='word_1_702' title='bbox 4307 4986 4363 5039; x_wconf 77' lang='grc' dir='ltr'><strong>ἀ.</strong></span> <span class='ocrx_word' id='word_1_703' title='bbox 4413 4983 4503 5039; x_wconf 84' lang='lat' dir='ltr'><strong>VI.</strong></span> <span class='ocrx_word' id='word_1_704' title='bbox 4541 4981 4648 5037; x_wconf 73' lang='lat' dir='ltr'><strong>Gal.</strong></span> 
     </span>
     <span class='ocr_line' id='line_1_105' title="bbox 2735 5051 4648 5121; baseline -0.002 -12"><span class='ocrx_word' id='word_1_705' title='bbox 2735 5053 2877 5109; x_wconf 84' lang='lat' dir='ltr'><strong>Nov.</strong></span> <span class='ocrx_word' id='word_1_706' title='bbox 2914 5054 2965 5107; x_wconf 77' lang='lat' dir='ltr'><strong>is</strong></span> <span class='ocrx_word' id='word_1_707' title='bbox 2997 5054 3113 5121; x_wconf 72' lang='lat' dir='ltr'><strong>ipse</strong></span> <span class='ocrx_word' id='word_1_708' title='bbox 3144 5052 3256 5117; x_wconf 77' lang='lat' dir='ltr'><strong>fuit</strong></span> <span class='ocrx_word' id='word_1_709' title='bbox 3288 5068 3394 5121; x_wconf 76' lang='lat' dir='ltr'><strong>quo</strong></span> <span class='ocrx_word' id='word_1_710' title='bbox 3434 5051 3684 5107; x_wconf 74' lang='lat' dir='ltr'><strong>Servetus</strong></span> <span class='ocrx_word' id='word_1_711' title='bbox 3714 5060 3938 5108; x_wconf 67' lang='lat' dir='ltr'><strong>exustus</strong></span> <span class='ocrx_word' id='word_1_712' title='bbox 3969 5059 4064 5108; x_wconf 68' lang='lat' dir='ltr'><strong>est.</strong></span> <span class='ocrx_word' id='word_1_713' title='bbox 4140 5054 4300 5110; x_wconf 75' lang='lat' dir='ltr'><strong>Patet</strong></span> <span class='ocrx_word' id='word_1_714' title='bbox 4322 5055 4463 5109; x_wconf 74' lang='lat' dir='ltr'><strong>hanc</strong></span> <span class='ocrx_word' id='word_1_715' title='bbox 4491 5052 4648 5120; x_wconf 70' lang='lat' dir='ltr'><strong>scrip·</strong></span> 
     </span>
     <span class='ocr_line' id='line_1_106' title="bbox 2732 5118 4647 5261; baseline -0.001 -17"><span class='ocrx_word' id='word_1_716' title='bbox 2732 5128 2844 5244; x_wconf 72' lang='lat'><strong>²2‘²5&#39;”</strong></span> <span class='ocrx_word' id='word_1_717' title='bbox 2858 5123 2966 5246; x_wconf 68' lang='grc' dir='ltr'><strong>(1ξῖ</strong></span> <span class='ocrx_word' id='word_1_718' title='bbox 2968 5122 3485 5258; x_wconf 64' lang='lat'><strong>⁸⁸{.‘3&#39;²‘5.3223⁹3¹3:&#39;⁶</strong></span> <span class='ocrx_word' id='word_1_719' title='bbox 3513 5118 4647 5261; x_wconf 47' lang='lat' dir='ltr'><strong>amfifflsswww</strong></span> 
     </span>
     <span class='ocr_line' id='line_1_107' title="bbox 2730 5258 3174 5315; baseline -0.002 -1"><span class='ocrx_word' id='word_1_720' title='bbox 2730 5260 2900 5315; x_wconf 76' lang='lat' dir='ltr'><strong>duum</strong></span> <span class='ocrx_word' id='word_1_721' title='bbox 2931 5258 3174 5313; x_wconf 71' lang='lat' dir='ltr'><strong>rediisse.</strong></span> 
     </span>
    </p>
   </div>
   <div class='ocr_carea' id='block_1_18' title="bbox 2733 4641 3455 4709">
    <p class='ocr_par' dir='ltr' id='par_1_22' title="bbox 2733 4641 3455 4709">
     <span class='ocr_line' id='line_1_108' title="bbox 2733 4641 3455 4709; baseline -0.006 -14"><span class='ocrx_word' id='word_1_722' title='bbox 2733 4657 2879 4706; x_wconf 76' lang='lat' dir='ltr'><strong>neve,</strong></span> <span class='ocrx_word' id='word_1_723' title='bbox 2908 4641 3066 4709; x_wconf 77' lang='lat' dir='ltr'><strong>parti</strong></span> <span class='ocrx_word' id='word_1_724' title='bbox 3090 4654 3236 4708; x_wconf 77' lang='lat' dir='ltr'><strong>pour</strong></span> <span class='ocrx_word' id='word_1_725' title='bbox 3280 4653 3347 4692; x_wconf 84' lang='grc'><strong>66</strong></span> <span class='ocrx_word' id='word_1_726' title='bbox 3386 4655 3455 4707; x_wconf 72' lang='lat' dir='ltr'><strong>aq</strong></span> 
     </span>
    </p>
   </div>
  </div>
 </body>
</html>
