4900 6167
709 385 839 454 387

715 570 1077 638 videretur.
1164 567 1494 636 Lodoicus
1537 568 1802 653 quidem
1848 570 2075 655 Neylis
2117 576 2347 636 narrat
2389 567 2677 636 Fabrum

715 658 794 723 in
839 654 1158 739 colloquio
1199 676 1505 721 narrasse
1547 656 1937 723 coniecturis
1970 655 2360 739 quibusdam
2403 654 2497 721 sic
2531 676 2675 721 rem

717 742 966 809 habere
1009 741 1089 807 de
1131 760 1360 819 uxore,
1404 748 1482 807 ut
1520 742 1593 807 in
1635 741 1846 808 literis
1889 751 2214 808 narratur.
2304 741 2407 806 De
2450 761 2673 823 perse-

763 827 1035 894 uutione
1081 826 1366 892 excit-ata
1422 848 1463 892 a
1514 827 2019 912 consanguineis
2077 826 2307 892 Vitatis
2349 825 2675 909 suspicari

784 913 1028 992 abram,
1090 911 1357 979 Vitalem
1391 913 1682 996 potuisse
1722 912 1912 979 facile
1955 913 2477 997 consanguineos
2519 933 2673 979 suos

713 1009 837 1066 aut
878 996 1195 1083 impedire
1237 1009 1358 1063 aut
1399 1008 1577 1065 certe
1614 997 1967 1065 retardare.

892 1083 1170 1163 Videtis,
1213 1084 1452 1151 iratres
1487 1084 2062 1151 observandissimi
2099 1090 2167 1150 et
2201 1083 2497 1149 conservi
2519 1082 2671 1149 Iesu
2708 1111 2713 1116 ·

716 1169 974 1238 Christi
1018 1169 1414 1243 fidelissimi,
1474 1191 1669 1253 quam
1713 1171 1801 1236 sit
1842 1171 2002 1238 haec
2061 1189 2258 1236 causa
2298 1167 2513 1234 adhuc
2557 1169 2670 1235 ob-

718 1276 928 1336 scura,
973 1276 1273 1341 quaeque
1315 1255 1499 1322 nullo
1542 1255 1733 1322 modo
1776 1255 2127 1341 disceptari
2159 1263 2386 1340 potest
2416 1267 2534 1319 aut
2557 1275 2669 1338 pe-

713 1342 898 1408 nitus
955 1342 1168 1421 nosci,
1235 1342 1366 1408 nisi
1424 1341 1552 1408 duo
1606 1342 1704 1407 illi
1759 1343 2272 1409 committantur.
2360 1339 2441 1405 Id
2502 1339 2675 1422 quod

713 1427 974 1495 facilius
1018 1428 1163 1494 istic
1206 1427 1351 1493 fieri
1394 1436 1612 1512 potest
1670 1449 1864 1511 quam
1922 1429 2033 1494 hic
2078 1427 2253 1511 apud
2292 1447 2427 1492 nos.
2519 1424 2672 1507 Quo

716 1522 941 1580 autem
987 1513 1222 1580 melius
1267 1523 1332 1579 et
1375 1513 1627 1580 facilius
1669 1534 1777 1579 res
1819 1515 2240 1599 transigatur,
2286 1512 2495 1596 ipsius
2542 1510 2672 1576 Fa-

713 1599 815 1665 lm·
855 1598 1080 1665 literas
1124 1598 1210 1664 ad
1252 1620 1368 1665 vos
1409 1600 1755 1679 mittimus,
1800 1606 1869 1665 et
1916 1599 2113 1666 Vitali
2157 1598 2672 1684 significavimus

717 1692 792 1752 ut
834 1707 954 1752 vos
999 1683 1192 1751 adeat
1232 1694 1298 1751 et
1341 1685 1738 1770 aequitatem
1778 1706 1935 1752 suae
1989 1706 2222 1754 causae
2274 1705 2495 1752 coram
2542 1683 2670 1749 Fa-

714 1770 824 1838 ὀνο
857 1771 927 1835 in
964 1779 1184 1837 vestro
1219 1770 1534 1855 colloquio
1571 1770 1989 1851 demonstret,
2027 1772 2083 1838 si
2117 1777 2348 1855 potest.
2423 1768 2668 1851 Quare,

713 1858 952 1923 fratres
994 1866 1063 1923 et
1105 1867 1510 1942 symmystae
1552 1857 1893 1936 carissimi,
1939 1878 2057 1941 per
2098 1856 2524 1923 christianam
2561 1877 2666 1922 ca-

711 1943 977 2008 ritatem
1021 1964 1329 2028 rogamus
1384 1943 1558 2009 hanc
1614 1943 1955 2027 utriusque
2012 1942 2322 2009 ecclesiae
2376 1962 2668 2008 commu-

707 2049 862 2094 nem
904 2049 1166 2096 causam
1211 2028 1537 2113 agendam
1579 2029 1951 2112 suscipiatis
1986 2040 2053 2094 et
2096 2050 2213 2113 pro
2249 2036 2474 2096 vestra
2507 2048 2668 2111 pru-

710 2113 938 2179 dentia
981 2130 1046 2181 et
1090 2116 1420 2198 aequitate
1462 2113 1545 2180 ad
1590 2114 1896 2181 ecclesiae
1957 2114 2306 2180 utilitatem
2347 2114 2663 2180 referatis.

707 2197 961 2265 Valete.
1052 2201 1381 2267 Dominus
1438 2222 1557 2266 vos
1611 2220 1730 2266 suo
1787 2200 2024 2285 spiritu
2068 2201 2279 2285 magis
2322 2221 2397 2266 ac
2455 2199 2668 2283 magis

704 2285 996 2351 cumulet
1049 2284 1133 2349 ad
1202 2286 1492 2352 nominis
1548 2286 1652 2351 sui
1712 2285 2005 2371 gloriam.
2108 2287 2506 2352 Lausannae
2569 2288 2666 2351 12.

705 2368 937 2438 Octob.
994 2375 1177 2436 1552.

1466 2507 1968 2573 Lausannensis
2011 2506 2268 2591 collegii
2313 2509 2577 2572 nomine

1549 2608 1831 2676 Ioannes
1873 2610 2167 2676 Ribittus
2212 2608 2512 2675 decanus.

1489 2903 1716 2912 ———
1767 2906 1898 2913 ⁴»...-

1575 3122 1769 3194 1663.

1060 3260 1616 3330 MOLINAEUS
1658 3257 2296 3328 BULLINGERO.

871 3430 1124 3498 Narrat
1163 3452 1286 3498 sua
1323 3432 1467 3513 fata
1503 3439 1564 3498 et
1601 3433 1839 3513 scripta
1879 3435 2160 3496 recenset.

693 3604 1111 3671 (Decor-ibimus,
1148 3619 1257 3657 non
1275 3609 1458 3656 temen
1483 3601 1769 3670 integram,
1806 3617 1875 3655 ex
1894 3601 2069 3655 Musei
2090 3601 2362 3655 Helvetioi
2383 3602 2533 3656 Tom.
2560 3602 2658 3657 111.

1303 3671 1396 3725 ubi
1429 3671 1638 3741 primus
1673 3686 1741 3723 ex
1777 3670 2114 3741 autographo
2148 3670 2323 3724 edidit
2353 3671 2407 3725 J.
2443 3671 2498 3725 J.
2519 3671 2657 3725 Sim·

695 3742 862 3797 lerus.
936 3744 988 3797 A
1040 3747 1231 3796 nostro
1277 3740 1534 3795 thesauro
1579 3738 1799 3793 omnino
1844 3740 2034 3793 abesse
2079 3739 2349 3792 noluimus
2396 3756 2563 3809 quum
2601 3747 2659 3793 et

695 3674 902 3730 Pan-tic.
936 3674 1034 3727 XI.
1072 3690 1125 3743 p.
1162 3669 1267 3725 429

779 3812 1027 3880 alioquin
1063 3812 1193 3865 clar.
1228 3815 1389 3864 autor
1422 3808 1639 3879 saepius
1673 3809 1776 3862 tibi
1811 3808 1868 3861 in
1904 3808 1989 3862 his
2023 3807 2251 3878 pagellis
2286 3808 2576 3876 occurrat.)

695 3977 1074 4047 Clarissimo
1118 3989 1188 4045 et
1231 3980 1678 4048 eruditissimo
1732 3979 1979 4046 doctori
2021 3979 2106 4044 D.
2153 3977 2446 4045 Henrico
2491 3979 2656 4046 Bul-

1515 4069 1698 4134 rinae
1739 4065 1989 4151 pastori
2032 4063 2411 4131 fidelissimo
2456 4065 2656 4132 Caro-

691 4066 949 4153 lingero
993 4065 1300 4133 ecclesiae
1343 4068 1421 4134 'Pi

1236 4151 1341 4218 lus
1459 4153 1754 4220 olinaeus
1797 4152 1867 4219 S.
1913 4152 1999 4217 D.
2044 4150 2121 4216 P.

867 4287 1052 4354 Dum
1127 4288 1305 4373 apud
1378 4290 1464 4356 D.
1532 4290 1845 4356 Mamm
1910 4288 2251 4355 Musaeum
2315 4287 2653 4355 Gallorum

695 4374 874 4458 regis
932 4373 1108 4459 apud
1160 4375 1507 4442 Helvetios
1576 4376 1869 4461 legatum
1928 4374 2229 4440 Basileae
2295 4395 2576 4460 agerem,
2601 4381 2653 4449 ¹)

694 4459 755 4523 is
819 4459 993 4525 circa
1055 4460 1319 4526 initium
1378 4462 1666 4547 Augusti
1723 4472 1870 4527 tuas
1924 4459 2007 4525 ad
2065 4482 2136 4527 se
2191 4461 2417 4527 literas
2484 4462 2654 4527 mihi

696 4544 986 4609 ostendit
1003 4595 1018 4622 ,
1091 4544 1330 4627 quibus
1398 4546 1639 4614 librum
1714 4568 1938 4612 meum
1958 4549 2016 4620 ²)
2083 4557 2309 4613 contra
2370 4545 2650 4613 abusum

693 4631 915 4696 curiae
957 4651 1267 4698 romanae
1310 4644 1377 4698 et
1416 4653 1736 4717 paparum
1793 4653 2053 4699 summa
2100 4654 2252 4699 cum
2312 4634 2652 4717 voluptate

692 4715 934 4801 legisse
1005 4717 1416 4801 significabas
1432 4770 1447 4799 ‚
1526 4719 1693 4785 mihi
1766 4719 1962 4785 etiam
2028 4718 2240 4785 salute
2303 4718 2649 4802 adscripta.

691 4802 984 4870 Multum
1029 4813 1203 4870 certe
1263 4804 1543 4872 laetatus
1586 4826 1754 4883 sum,
1815 4807 2056 4889 quippe
2112 4804 2224 4889 qui
2282 4813 2350 4870 et
2405 4806 2651 4872 sanctis

693 5093 876 5147 1668.
917 5094 976 5156 1)
1019 5095 1188 5162 Infra
1238 5101 1417 5149 tamen
1463 5093 1531 5149 de
1576 5096 1689 5149 alio
1724 5095 1898 5165 leuato
1932 5096 2197 5220 lqwitur,
2245 5102 2306 5150 ut
2355 5095 2650 5180 Muscam

1981 5181 2136 5221 amen
2169 5181 2398 5222 munere
2430 5182 2651 5221 nmmo

695 5178 922 5244 quaere
959 5178 1059 5218 suo
1095 5164 1408 5218 abdicatum
1433 5164 1745 5229 credideris,
1780 5165 1927 5235 quod

900 5272 963 5366 e)
1003 5299 1087 5366 of.
1121 5299 1200 5357 Ν.
1236 5299 1391 5355 1618.

2218 379 2747 450 EPISTOLAB
2795 383 3218 447 1662-1663
4568 395 4669 457 383

2776 565 2964 634 libris
3009 567 3158 645 tuis,
3218 574 3360 634 tum
3402 568 3485 634 de
3526 566 3803 654 Origine
3861 573 4116 650 erroris,
4137 573 4193 656 ⁸)
4251 579 4389 639 tum
4436 575 4499 640 in
4536 579 4675 645 Aeta

2778 654 3224 736 apostolorum
3269 662 3338 720 et
3378 654 3713 738 Epistolas
3745 655 3940 722 Pauli
3961 659 4020 737 ⁴)
4060 658 4329 724 Parisiis
4367 660 4674 744 profoeero.

2778 738 2913 806 Sed
2955 740 3029 805 in
3088 749 3352 804 tuorum
3409 740 3557 807 albo
3613 742 4001 808 nominatim
4060 745 4313 810 venisse
4363 767 4426 811 m
4546 769 4578 813 o
4621 761 4676 814 et

2777 825 3016 891 honori
3060 836 3127 890 et
3215 824 3407 890 audio
3452 825 3616 891 mihi
3657 826 3802 892 fuit.
3884 829 3993 894 Ex
4035 837 4194 895 tunc
4238 829 4317 895 ad
4358 840 4420 896 te
4501 834 4676 900 eside·

2776 910 3005 976 rabam
3063 910 3376 989 seribere,
3432 911 3548 977 sed
3604 914 3841 995 partim
3901 914 4126 980 deerat
4221 917 4289 980 ui
4338 915 4541 983 literas
4584 918 4678 985 de·

2775 998 2996 1075 ferret,
3040 998 3283 1081 partim
3321 996 3707 1063 festinabam
3752 998 3992 1064 librum
4048 1020 4177 1065 eun
4224 1023 4325 1066 em
4379 1024 4679 1086 recognos-

2776 1102 2924 1148 cere
2979 1093 3048 1147 et
3101 1103 3252 1148 eum
3311 1103 3445 1148 non
3503 1104 3705 1165 parvo
3761 1091 3827 1149 et
3882 1087 4018 1152 acri
4072 1087 4357 1152 auctario
4408 1088 4679 1155 Michaeli

2778 1169 3132 1253 Isinfflnio
3165 1168 3392 1252 (quem
3428 1176 3502 1233 ut
3536 1169 3759 1235 audivi
3796 1171 4169 1249 absolvisse,
4211 1170 4292 1237 ad
4319 1193 4465 1238 eum
4484 1176 4682 1259 scripsi

2776 1260 2852 1319 ut
2887 1276 3092 1320 unum
3136 1275 3281 1319 meo
3325 1253 3596 1319 nomine
3645 1253 3760 1320 tibi
3804 1255 3990 1321 daret
4033 1267 4150 1322 aut
4182 1259 4475 1330 mitteret,
4518 1281 4683 1342 quem

2776 1341 2862 1413 εἰς
2903 1339 3272 1419 μνημόσυνον
3327 1340 3645 1425 suscipias
3700 1355 3765 1406 te
3808 1348 3993 1426 rogo)
4037 1341 4481 1409 excudendum
4533 1344 4681 1424 dare,

2773 1424 3028 1508 gallicis
3070 1425 3469 1492 defunctorie
3534 1426 3794 1510 quidem
3838 1428 3952 1493 sed
3995 1430 4434 1513 significanter
4464 1431 4526 1494 in
4559 1452 4683 1514 gra—

2772 1512 2934 1575 tiam
2978 1510 3463 1577 Germanorum
3507 1510 3732 1578 latinis
3773 1512 3982 1580 factis.
4012 1518 4064 1590 ⁸)
4144 1515 4293 1597 Quo
4335 1521 4479 1582 ante
4514 1517 4685 1582 finem

2774 1598 3064 1680 Augusti
3137 1595 3430 1663 absoluto
3502 1608 3568 1663 et
3642 1608 3804 1682 typo
3926 1600 4058 1683 pho
4131 1600 4370 1667 tradito
4433 1601 4682 1668 disceoei.

2775 1683 3269 1748 Humanissime
3332 1683 3593 1766 quidem
3660 1693 3728 1749 et
3855 1687 4454 1753 onorificentissime
4525 1688 4684 1752 initio

2774 1769 2931 1834 Iulii
2987 1778 3389 1853 exceperunt
3444 1790 3551 1833 me
3593 1767 3680 1835 D.
3747 1771 4076 1853 praefecti,
4135 1772 4449 1851 consules,
4500 1783 4685 1840 rector

2774 1865 2842 1920 et
2895 1855 3290 1938 professores
3349 1855 3766 1936 Basilienses,
3824 1856 4147 1940 mihique,
4209 1879 4292 1924 ne
4349 1857 4577 1923 diutius
4626 1859 4686 1923 in

2776 1939 3061 2025 hospitio
3106 1949 3350 2006 starem
3396 1942 3612 2007 locum
3655 1940 3832 2026 apud
3876 1943 4265 2027 Grynaeum
4322 1943 4686 2028 delegerunt,

2772 2047 2901 2176 quo
2952 2027 3371 2110 ingressurus
3430 2048 3611 2092 eram
3673 2029 3798 2093 nisi
3857 2026 3944 2093 D.
3991 2027 4270 2097 Maurus
4317 2030 4560 2114 legatus
4597 2050 4685 2095 me

2816 2114 2946 2178 omi
2989 2134 3146 2178 suae
3188 2113 3564 2195 excepisset,
3624 2114 3737 2179 ubi
3780 2116 4026 2180 veteris
4082 2117 4405 2181 amicitiae
4454 2126 4515 2180 et
4565 2114 4686 2180 offi-

2771 2199 3021 2263 ciorum
3087 2218 3338 2264 memor
3403 2209 3478 2263 ut
3540 2202 3812 2265 fratrem
3878 2199 4333 2267 liberalissime
4395 2212 4459 2274 et
4517 2201 4688 2265 nimis

2769 2282 3107 2367 splendide
3152 2285 3476 2350 tractavit.
3565 2282 3700 2350 Sed
3757 2306 3833 2350 eo
3887 2286 4107 2352 animo
4164 2309 4312 2354 sum
4364 2298 4439 2352 ut
4489 2286 4686 2352 malim

2771 2369 3055 2435 deterius
3100 2370 3343 2436 habere
3388 2391 3587 2454 quam
3630 2372 3990 2436 amicorum
4040 2371 4460 2440 beneficentia
4512 2372 4683 2437 abuti.

2771 2454 3195 2521 Consideravi
3240 2457 3418 2521 enim
3460 2464 3693 2522 notum
3737 2477 3880 2523 esse
3932 2457 4002 2522 in
4049 2459 4203 2525 aula
4259 2469 4325 2524 et
4363 2461 4431 2523 in
4476 2457 4684 2532 Gallis,

2771 2562 2875 2605 me
2931 2542 3059 2605 iam
3118 2542 3628 2625 sesquimensem
3685 2543 3857 2626 apud
3913 2543 4208 2628 legatum
4269 2566 4476 2629 agere,
4526 2554 4587 2609 et
4630 2541 4685 2606 id

2809 2625 3030 2692 uidem
3074 2636 3345 2693 eatenus
3389 2629 3529 2693 sine
3569 2629 3957 2695 offensione:
4004 2629 4116 2695 sed
4153 2629 4453 2713 deinceps
4494 2630 4685 2695 forsan

2796 2733 2907 2777 ore
2962 2712 3278 2778 invidiam
3340 2713 3629 2796 aliquam
3684 2714 3862 2797 apud
3918 2736 4139 2800 regem
4159 2767 4174 2794 ,
4236 2715 4583 2783 cardinales
4632 2725 4685 2779 et

2766 2798 3118 2881 papisticos
3162 2819 3313 2864 suos
3369 2798 3584 2881 legato
3640 2799 3848 2880 inuri,
3917 2802 3974 2866 si
4028 2802 4276 2868 diutius
4337 2801 4505 2886 apud
4556 2820 4684 2867 eum

2765 2903 3118 2949 manerem.
3220 2883 3371 2948 Non
3442 2892 3580 2948 tam
3638 2895 3906 2970 propter
3962 2886 4258 2972 legatum
4311 2909 4547 2956 novum
4594 2904 4684 2969 pa-

2766 2969 3087 3052 pisticum,
3108 2970 3165 3045 ⁶)
3236 2978 3584 3054 urgentem
3641 2989 3792 3035 cum
3849 2972 4227 3041 Sorbonieis
4287 2996 4441 3058 erga
4493 2991 4685 3057 regem

2764 3075 3103 3121 reversum
3138 3063 3367 3119 contra
3399 3074 3505 3120 me
3528 3053 3789 3121 decerni
3811 3067 3878 3122 et
3899 3058 4042 3143 lege
4064 3062 4191 3144 agi,
4234 3081 4428 3144 quam
4447 3067 4683 3143 propter

2762 3139 3006 3206 librum
3061 3141 3469 3224 recognitum
3532 3150 3600 3205 et
3652 3142 3871 3209 acrius
3924 3153 4219 3211 auctum:
4274 3168 4357 3212 ne
4415 3144 4683 3210 videlieet

2763 3225 3323 3292 calumniarentur
3351 3226 3436 3291 D.
3465 3225 3525 3292 le
3573 3235 3754 3293 atum
3779 3250 3886 3294 me
3916 3230 3988 3295 in
4024 3230 4129 3296 his
4164 3231 4387 3297 fovere
4412 3229 4682 3313 domique

2763 3331 2921 3378 suae
2956 3310 3277 3377 deteriora
3310 3331 3351 3375 a
3381 3332 3490 3376 me
3553 3321 3698 3379 acta
3731 3321 3800 3379 et
3832 3313 4009 3381 edita
4041 3337 4202 3383 esse.
4270 3317 4460 3383 Hane
4492 3325 4683 3381 tamen

2763 3417 3029 3464 causam
3070 3416 3203 3462 non
3249 3396 3388 3462 dixi
3430 3398 3512 3463 D.
3561 3397 3816 3480 Mauro,
3873 3399 3987 3467 sed
4045 3401 4243 3467 aliam
4302 3423 4462 3488 quae
4511 3403 4681 3467 etiam

2765 3503 2922 3548 vera
2962 3491 3139 3562 erat,
3205 3504 3441 3569 nempe
3497 3506 3733 3568 operae
3789 3487 4074 3569 pretium
4133 3511 4281 3555 esse
4338 3499 4409 3554 ut
4461 3485 4681 3554 occulte

2762 3568 3052 3635 Parisios
3094 3577 3386 3653 peterem
3430 3571 3715 3636 familiae
3758 3572 4085 3656 rebusque
4132 3573 4503 3641 domesticis
4555 3593 4683 3639 eon-

2763 3654 3076 3721 sulturus.
3167 3657 3331 3720 'Pam
3376 3665 3650 3740 repente
3693 3656 3865 3737 inde,
3925 3659 4005 3724 de
4061 3660 4514 3727 coniuratione
4564 3679 4684 3724 car·

2764 3740 3081 3806 dinalium
3123 3741 3362 3806 certior
3394 3741 3622 3822 faetus,
3664 3764 3772 3808 me
3793 3745 4270 3828 proripueram,
4317 3757 4392 3812 ut
4411 3753 4684 3829 paratum

2762 3848 2910 3894 cum
2977 3826 3203 3893 amicis
3265 3827 3617 3909 prandium
3696 3831 3997 3895 omittere
4074 3853 4344 3899 necesse
4420 3831 4619 3897 fuerit.
4637 3830 4681 3900 ⁷)

2761 3913 2993 3996 Itaque
3038 3913 3121 3979 ad
3163 3914 3365 3980 finem
3408 3914 3712 3998 Augusti,
3730 3915 3790 3998 S)
3880 3916 4050 3981 riore
4095 3939 4227 4000 quo
4265 3937 4562 3985 veneram
4590 3915 4681 3980 iti-

2763 4019 2922 4064 nere
2964 3999 3096 4063 iam
3153 4020 3388 4083 parum
3447 4009 3609 4080 tute,
3663 4021 3782 4084 per
3886 4001 4218 4084 elvetiam,
4262 4005 4682 4074 Lausannam,

2762 4084 3112 4151 Genevam
3167 4085 3361 4151 celeri
3418 4086 3654 4151 itinere
3696 4086 3987 4153 Parisios
4043 4098 4457 4160 transvectus
4510 4094 4681 4153 noctu

2758 4168 3028 4236 domum
3074 4170 3252 4238 solus
3298 4172 3508 4254 (equis
3554 4170 3835 4256 hospitio
3885 4173 4151 4254 relictis,
4213 4198 4342 4261 qno
4399 4195 4502 4240 me
4552 4171 4682 4240 sub-

2757 4255 3017 4323 trahere
3058 4257 3286 4323 liceret
3326 4256 3383 4322 si
3427 4257 3558 4323 fors
3600 4255 3832 4323 domus
3873 4268 4188 4344 occupata
4222 4265 4428 4348 esset)
4469 4260 4684 4343 impro-

2963 4546 3022 4610 3)
3057 4548 3114 4602 ll.
3148 4548 3215 4601 11.
3252 4548 3368 4616 Tig.
3413 4546 3559 4603 1539.
3592 4547 3643 4602 4.

2962 4615 3025 4682 4)
3058 4615 3120 4669 ln
3157 4618 3300 4670 Acts
3346 4620 3392 4669 A
3435 4634 3488 4686 p.
3537 4615 3836 4673 comment.
3885 4620 3942 4672 ll.
3994 4618 4086 4674 VI.
4135 4621 4255 4692 Τίς.
4308 4620 4458 4676 1533.
4517 4618 4563 4673 4.
4624 4617 4681 4671 In

2756 4685 2915 4739 Pauli
2949 4702 3034 4766 ep.
3070 4684 3140 4740 ad
3175 4685 3330 4738 Rom.
3417 4685 3490 4767 ig.
3529 4685 3679 4739 1533.
3727 4685 3778 4741 8.
3860 4686 3922 4741 In
3971 4704 4158 4743 omnes
4206 4708 4334 4761 app.
4381 4707 4499 4760 epp.
4545 4687 4680 4742 Com-

2756 4754 3013 4808 mentm-ii
3048 4754 3156 4806 iam
3191 4755 3449 4823 recogniti
3489 4762 3546 4808 et
3580 4756 3743 4812 aucti.
3810 4757 3925 4826 Tig.
3964 4756 4100 4811 1537
4134 4760 4231 4815 fol.
4269 4767 4366 4816 etc.

2961 4822 3018 4888 5)
3060 4821 3228 4891 Apud
3261 4823 3541 4893 Haayn'um
3572 4826 3775 4894 gallica
3808 4825 3972 4880 editio
4015 4842 4133 4882 una
4166 4836 4385 4884 tantun
4416 4825 4680 4882 laudatur.-

2755 4892 2861 4946 Les
2897 4892 3310 4947 commentaires
3345 4894 3681 4962 analytiques
3714 4900 3838 4948 tant
3871 4911 3965 4947 sur
3997 4895 4148 4951 l'edit
4182 4897 4282 4952 des
4319 4898 4515 4967 petitos
4546 4893 4680 4946 dates

2759 4969 2817 5015 et
2850 4963 2986 5014 abus
3023 4960 3090 5013 de
3125 4961 3179 5012 la
3211 4977 3343 5015 cour
3377 4963 3445 5015 de
3480 4963 3652 5016 Rome
3687 4971 3790 5018 etc.
3857 4963 4012 5033 Lyon
4051 4963 4202 5020 1554.
4251 4965 4304 5022 4.
4374 4965 4485 5021 Hic
4517 4962 4680 5032 affixus

2755 5031 2821 5085 de
2856 5030 3101 5085 versione
3133 5030 3390 5098 epistola
3423 5032 3860 5100 nuncupatoriae
3893 5031 3971 5086 ad
4008 5032 4222 5105 Reqem.

2958 5096 3018 5162 6)
3055 5097 3138 5151 Μ.
3173 5096 3241 5152 de
3274 5099 3709 5166 Bassefoneaine.

2890 5237 2900 5250 .
2960 5165 3021 5248 ἵ)
3060 5166 3148 5220 De
3180 5169 3425 5236 expilata
3458 5169 3614 5224 domo
3644 5169 3741 5234 (N.
3784 5168 3933 5233 1618,
3968 5179 4077 5225 not.
4114 5170 4167 5239 6)
4199 5172 4294 5229 hic
4326 5171 4490 5239 siha,
4528 5178 4680 5238 neque

2958 5237 3319 5375 gf'ffiaqaoe
3356 5305 3705 5376 Βερτοηιὸνσηι
3739 5306 3912 5364 habet.
