4900 6167
242 436 347 499 625
1896 436 2054 499 15⁵3
2100 432 2555 501 SEPTEMB.
4093 445 4221 507 626

238 633 324 690 est
366 622 555 707 plane
608 622 788 688 illius
845 622 1028 688 urbis
1084 628 1315 688 status.
1425 606 1838 690 Potentiores
1894 632 2160 689 tantum

238 732 346 775 non
389 709 734 775 coniurant
773 708 842 773 in
892 707 1244 775 Calvinum.
1334 709 1404 774 Is
1445 710 1719 775 summis
1776 730 1847 775 se
1891 712 2164 793 opponit

237 794 481 872 viribus,
528 804 598 858 et
642 795 808 859 mori
852 801 1124 877 paratus
1168 810 1268 859 est
1304 816 1421 877 pro
1456 795 1817 861 retinendis
1851 796 2163 862 ecclesiae

238 902 373 947 suae
412 880 750 955 institutis,
807 892 876 945 et
917 890 1235 962 quantum
1291 880 1587 965 intelligo
1605 933 1619 956 ,
1684 884 2164 949 controversiae

238 967 411 1032 huius
455 967 800 1031 universae
842 967 1159 1048 primaria
1214 987 1410 1032 causa
1452 975 1552 1031 est
1595 968 1774 1051 rigor
1814 967 1926 1032 ille
1970 968 2164 1035 disci-

237 1053 429 1136 plinae
497 1052 970 1118 ecclesiasticae
989 1054 1046 1129 2)
1109 1051 1243 1118 illic
1306 1053 1680 1129 institutae,
1748 1075 1876 1135 qua
1938 1075 2164 1120 omnes

236 1148 472 1203 tantum
518 1159 651 1203 non
696 1138 1151 1203 ministrorum
1211 1138 1644 1203 subiiciuntur
1701 1137 1993 1222 pedibus.
2084 1140 2163 1204 Id

234 1223 384 1308 quod
427 1224 901 1308 potentioribus
944 1233 1046 1289 est
1088 1244 1292 1307 grave
1335 1234 1399 1287 et
1435 1224 1861 1302 intolerabile,
1908 1233 1974 1290 et
2006 1225 2163 1290 hinc

234 1310 424 1375 nostri
467 1330 725 1393 quoque
753 1309 1013 1375 Calvino
1052 1330 1282 1393 parum
1329 1318 1488 1375 sunt
1529 1311 1810 1394 propitii,
1857 1311 2007 1392 quia
2043 1333 2163 1394 pu-

234 1402 363 1461 tant
397 1418 549 1461 eum
594 1396 742 1479 plus
787 1395 1064 1460 nimium
1109 1395 1236 1461 sibi
1272 1417 1597 1480 arrogare.
1684 1395 1780 1462 Ut
1822 1397 2017 1461 audio
2062 1418 2164 1462 se-

233 1483 410 1548 cessit
472 1503 648 1548 nunc
696 1502 778 1547 ex
835 1482 997 1547 urbe
1062 1481 1144 1545 ad
1203 1481 1529 1564 quendam
1587 1483 1889 1559 nobilem,
1913 1482 1966 1566 ³)
2032 1504 2164 1547 non

270 1567 437 1633 rocul
479 1569 561 1633 ab
604 1568 785 1633 urbe.
852 1567 1000 1632 Non
1045 1577 1266 1633 tamen
1304 1567 1630 1634 abdicavit
1673 1590 1744 1633 se
1779 1570 2160 1634 ministerio.

285 1654 516 1720 aratus
573 1653 708 1720 illic
771 1655 1211 1737 proficiscitur
1231 1659 1286 1730 ⁴)
1340 1673 1461 1736 pro
1524 1653 1640 1718 lite
1695 1654 2161 1737 componenda,

232 1761 407 1823 quam
445 1740 704 1805 utinam
750 1761 879 1804 non
939 1760 1059 1804 sua
1104 1739 1519 1804 vehementia
1575 1738 1881 1805 incendat
1936 1742 2164 1825 magis.

232 1825 439 1891 Nostri
462 1826 642 1891 Galli
667 1830 716 1903 ⁵)
758 1836 1016 1909 putant,
1063 1825 1313 1891 nullam
1349 1826 1486 1890 fore
1527 1827 1835 1892 ecclesiae
1869 1828 2163 1903 formam,

232 1913 343 1976 nisi
385 1912 610 1977 eadem
653 1910 995 1995 disciplina
1037 1911 1520 1989 introducatur,
1582 1912 1774 1978 sicuti
1832 1913 2019 1977 facile
2065 1913 2161 1978 vi·

232 1995 395 2063 debis
438 2019 522 2063 ex
566 2019 644 2063 eo
687 1999 943 2079 scripte,
980 1998 1153 2079 quod
1197 1998 1281 2062 ad
1326 2008 1387 2062 te
1430 2000 1725 2080 proxime
1767 1999 1937 2063 misi.
2028 1996 2160 2063 Sed

233 2083 686 2149 intolerabilior
766 2083 923 2147 haec
990 2084 1337 2166 disciplina
1403 2085 1641 2149 nostris
1705 2086 1873 2150 foret
1937 2085 2162 2162 multo,

232 2188 408 2252 quam
456 2169 976 2236 Genevensibus.

386 2254 492 2320 De
541 2256 787 2320 Serveto
832 2256 1072 2332 ferunt,
1119 2277 1228 2321 eos
1271 2257 1628 2340 scripturos
1672 2254 1753 2320 ad
1787 2255 2164 2320 Helveticae
2216 2320 2220 2339 ,

232 2341 538 2419 ccclesias,
586 2357 651 2406 et
689 2343 820 2405 iam
859 2341 980 2406 hac
1016 2342 1282 2406 transiit
1327 2350 1634 2423 quaestor
1658 2340 2164 2419 Genevensis‚⁶)

233 2447 408 2509 quem
455 2428 757 2493 dicebant
790 2450 908 2510 pro
954 2426 1077 2492 hac
1121 2448 1315 2493 causa
1358 2428 1679 2511 Tigurum
1723 2438 1962 2510 petere.
2030 2427 2167 2492 Nos

231 2520 438 2579 tamen
482 2534 680 2597 super
722 2534 801 2578 ea
844 2535 915 2577 re
960 2534 1087 2578 nou
1127 2515 1453 2579 convenit.
1476 2518 1531 2591 ⁷)
1600 2513 1736 2579 Fac
1771 2533 1927 2595 ergo
1964 2512 2166 2578 sciam

233 2617 305 2663 an
356 2599 530 2682 apud
590 2622 704 2665 vos
754 2600 967 2665 fuerit.
1072 2597 1329 2665 Deinde
1386 2600 1625 2677 scribe,
1679 2598 1834 2680 quid
1889 2598 2011 2663 tibi
2066 2598 2166 2663 vi-

233 2681 450 2750 deatur
492 2686 574 2750 de
617 2685 730 2749 illo
773 2687 1346 2751 Lausannensium
1392 2688 1650 2767 scripto,
1677 2688 1731 2765 ⁵)
1765 2684 1935 2766 quod
1982 2681 2066 2748 ad
2103 2694 2168 2749 te

231 2770 384 2845 misi.
457 2769 741 2855 quidque
808 2772 914 2836 hic
978 2772 1162 2854 sequi
1227 2771 1593 2836 debeamus.
1704 2769 2037 2835 Masculus
2100 2783 2168 2835 te

232 2876 364 2921 cum
408 2858 542 2923 tuis
586 2856 889 2922 omnibus
935 2858 1198 2922 salutat.
1287 2856 1473 2922 Idem
1518 2876 1663 2922 mea
1707 2876 1963 2938 quoque
2011 2856 2170 2920 facit
2218 2908 2225 2933 ,

234 2960 412 3021 uxor,
470 2965 667 3027 quae,
725 2960 799 3008 ut
855 2956 1044 3027 pute,
1106 2943 1479 3026 propediem
1537 2941 1617 3007 ad
1666 2963 1777 3007 vos
1821 2940 2169 3007 descendet
2219 2962 2225 3031 ς

234 3040 484 3113 propter
527 3030 792 3113 negotia
835 3028 1153 3113 quaedam
1198 3030 1471 3113 privata.
1563 3028 1776 3093 Hodie
1819 3028 2019 3093 incidi
2055 3049 2166 3092 ve·
2220 3082 2225 3093 .

236 3134 375 3179 nam
440 3123 505 3180 et
572 3114 886 3181 babemus
953 3135 1262 3191 examen,
1327 3123 1403 3178 ut
1456 3114 1653 3197 plura
1716 3135 1846 3179 non
1904 3115 2164 3196 possim.
2218 3104 2225 3161 ³

233 3197 401 3266 Bene
443 3221 603 3285 ergo
647 3202 911 3267 consule
974 3204 1149 3266 baec.
1242 3199 1419 3282 Quid
1466 3201 1772 3264 Badenae
1825 3213 2039 3264 actum
2084 3201 2170 3263 sit
2218 3170 2226 3279 Ι

235 3287 507 3352 nondum
553 3298 731 3352 certo
774 3289 1068 3371 cognovi.
1138 3285 1372 3352 Saluta
1416 3285 1499 3349 D.
1555 3286 1984 3359 Gualtherum,
2036 3284 2171 3350 Pel·
2218 3286 2225 3342 l

234 3370 507 3451 licon-am,
566 3373 967 3449 Theodorum
1014 3394 1290 3456 generos
1332 3391 1585 3455 quoque
1621 3382 1769 3436 tuos
1812 3392 2037 3436 omnes
2086 3392 2169 3435 ex

234 3478 344 3525 me.
431 3462 692 3526 Bel-nae
744 3466 836 3524 18.
882 3460 1215 3543 Septemb.
1270 3464 1450 3522 1553.

935 3597 1115 3662 Ioan.
1164 3595 1480 3661 Hallerus
1525 3604 1675 3660 tuus
1719 3615 1800 3658 ex
1849 3594 2080 3658 auimo.

464 3778 473 3781 -
494 3777 547 3781 -τ
589 3776 625 3783 -n

421 3873 481 3938 2)
520 3890 628 3944 quo
662 3873 745 3927 vel
779 3872 975 3939 spreti-⁹
994 3870 1262 3924 Ducentis
1297 3885 1401 3923 sua
1436 3868 1647 3923 iudicia
1681 3867 2023 3938 exsequenda
2059 3882 2171 3922 esee

228 3942 601 4007 &madebat
631 3942 1029 3998 consistorium.

424 4011 483 4077 3)
526 4010 733 4065 Falsus
779 4025 980 4063 rumor.
1058 4006 1158 4059 Die
1192 4004 1275 4058 15.
1332 4004 1472 4074 Sept.
1524 4005 1776 4060 Ministrc'
1819 4022 1999 4059 coram
2050 4003 2170 4058 Du-

234 4079 391 4134 centis
424 4096 652 4135 caueam
687 4094 841 4133 suam
890 4095 925 4131 a
964 4078 1123 4131 ebant
1166 4082 1217 4127 et
1266 4073 1381 4128 dies
1425 4074 1540 4128 illis
1589 4073 1665 4127 18.
1718 4074 1896 4129 dictus
1941 4079 2021 4128 eet
2065 4090 2173 4143 quo

233 4160 538 4272 w
571 4155 797 4203 senatu
832 4165 868 4203 a
947 4149 1103 4201 irent.
1174 4144 1393 4198 Interea
1434 4143 1694 4198 Calvinus
1738 4143 2059 4199 concionari
2089 4144 2171 4196 iu-

424 4285 486 4353 4)
528 4287 717 4357 Neque
759 4287 857 4340 hoc
900 4301 1101 4339 verum.
1182 4283 1522 4337 &mannae
1564 4282 1702 4345 fuit,
1751 4297 1862 4333 non
1904 4278 2169 4343 Genevae,

236 4365 394 4423 neque
426 4364 556 4410 tunc
589 4356 684 4409 ced
716 4370 895 4409 mense
929 4359 1189 4419 vergente.
1268 4351 1349 4416 Cf.
1383 4351 1537 4417 infra
1577 4348 1649 4403 N.
1687 4347 1838 4402 1811.

429 4424 489 4489 5)
530 4425 785 4479 Ministn‘
832 4423 1120 4478 Vademes.
2100 4440 2105 4449 ·

428 4495 488 4556 6)
528 4493 684 4563 Ergo
718 4495 830 4546 iam
866 4500 992 4546 ante
1024 4491 1262 4556 emptae
1305 4505 1424 4556 epp.
1473 4487 1722 4555 proxime
1767 4491 2045 4555 sequentes
2090 4483 2171 4538 01.

237 4559 305 4612 δα
343 4561 463 4618 Pan
510 4563 763 4617 Turiam
799 4563 999 4615 maccus
1031 4561 1232 4625 fuerat.

238 4694 362 4753 1⁷93
429 4631 489 4695 7)
530 4631 768 4685 Causam
812 4631 1168 4699 neglecturum
1214 4625 1578 4679 Ber-nendum
1630 4625 1909 4678 amolimus
1963 4623 2039 4676 ad
2100 4622 2172 4676 N.

361 4741 377 4767 '
430 4769 489 4834 8)
531 4770 607 4825 Ν.
652 4767 798 4821 1789.

444 5455 664 5514 Caluini
688 5470 872 5524 opera.
956 5452 1066 5508 Vol.
1104 5452 1276 5506 11V.

3143 623 3336 693 18⁰4.

2266 778 2388 845 LE
2422 762 2728 845 SENAT
2761 776 2888 845 DE
2923 763 3307 846 GENEVE
3333 782 3392 845 A
3420 779 3674 848 OEUX
3697 782 3825 849 DE
3869 786 4232 854 zomon
4270 768 4276 775 ’

2480 880 2796 949 ΒΕΕΝΕ
2836 882 3083 948 BALE
3127 884 3247 947 ET
3293 881 3998 954 SGHAFFHOUSE.

2440 1053 2605 1115 Avis
2648 1073 2736 1118 au
2768 1056 2928 1135 sajet
2962 1054 3036 1117 de
3070 1054 3136 1118 la
3169 1054 3574 1121 consultation
3609 1058 3940 1123 demandcsse
3975 1059 4017 1123 ὰ
4051 1062 4228 1127 lewrs

2264 1137 2584 1202 ministres
2625 1158 2738 1203 sur
2781 1140 2836 1204 le
2876 1139 3002 1221 fait
3043 1141 3118 1205 de
3167 1138 3394 1206 Servet.

2266 1307 2534 1375 (Oeuvres
2553 1307 2723 1362 Teme
2746 1308 2896 1364 Vm.
2915 1327 2967 1379 p.
2988 1308 3106 1364 803.
3161 1312 3322 1364 Date:
3360 1310 3425 1364 21
3448 1311 3596 1380 Sept.
3637 1313 4132 1371 Nousnescavonc
4167 1320 4226 1372 si

2925 1395 3022 1433 vos
3058 1377 3403 1449 Seiyneuries
3436 1385 3567 1443 etc.)

3031 1674 3436 1683 v⁴.——.-—.—.

3141 1942 3335 2013 1805.

2268 2097 2392 2161 LE
2450 2080 2755 2162 SENAT
2813 2098 2941 2162 DE
3011 2083 3394 2163 GENEVE
3457 2100 3652 2167 AUX
3713 2101 4226 2169 MINISTRES

2268 2200 2396 2264 DE
2476 2198 2826 2267 zomon
2907 2201 3222 2265 BERNE
3304 2203 3544 2267 BALE
3626 2205 3743 2268 ET
3822 2203 4228 2270 SGHAFF-

3083 2304 3417 2371 HousE.

2272 2559 2347 2624 de
2395 2473 2544 2623 SOn
2583 2479 2831 2622 tsoumet
2892 2476 2930 2539 ὰ
2991 2475 3129 2539 leur
3183 2494 3441 2541 examen
3495 2483 3554 2541 et
3590 2479 3902 2561 juyement
3953 2479 4009 2543 le
4066 2480 4230 2545 livre

2442 2581 2621 2625 erve.

2271 2731 2439 2799 (Ibid.
2479 2748 2529 2800 p.
2566 2730 2684 2788 802.
2756 2732 2932 2785 Meme
2968 2733 3111 2785 date.
3185 2733 3326 2787 Βίου
3363 2749 3518 2788 seura
3564 2741 3614 2789 et
3660 2735 3898 2788 certain-3
3942 2752 4044 2805 que
4090 2751 4232 2790 vous

3034 2803 3298 2869 persistet
3334 2805 3459 2869 etc.)
3765 2839 3781 2855 .

3151 3331 3340 3401 1806.

2490 3486 2858 3554 SERVET
2901 3488 3028 3554 ΑΕ
3072 3472 3377 3553 SENAT
3421 3487 3543 3551 DE
3592 3471 3994 3553 GENEVE.

2449 3657 2497 3722 1
2501 3660 2526 3723 l
2553 3664 2823 3739 proteste
2866 3666 3064 3723 contre
3120 3660 3211 3724 les
3264 3659 3516 3740 fausses
3558 3658 3946 3740 accusation-s
3980 3660 4234 3741 pon-teos

2274 3745 2709 3914 mmcd
2750 3745 3051 3810 demando
3088 3766 3207 3826 que
3254 3743 3478 3810 Calvin
3517 3746 3634 3810 soit
3660 3746 3829 3826 puni
3855 3764 4023 3826 pour
4061 3744 4232 3826 fauo:

2311 4000 2476 4068 (Ibid.
2514 4020 2564 4071 p.
2601 3999 2717 4054 804.
2788 4000 2872 4054 22.
2909 4000 3059 4070 Sept.
3124 4003 3187 4055 Ie
3222 4005 3340 4055 auis
3376 4001 3570 4057 detenu
3604 4018 3670 4055 en
3706 4003 4024 4055 accusation
4057 4005 4188 4068 etc.)

3159 4530 3342 4599 18⁰7.

2664 4683 3171 4750 HALLERUS
3217 4681 3853 4748 BULLINGERO.

2458 4856 2692 4922 Servati
2731 4874 2926 4921 causa
2969 4856 3101 4919 iam
3144 4855 3230 4918 ad
3274 4853 3629 4920 Beruenses
3673 4853 3880 4918 delata
3934 4854 4045 4934 qui
4101 4875 4233 4920 non

2280 4945 2394 5009 diu
2437 4943 2512 5009 de
2568 4964 2643 5007 ea
2699 4941 3073 5019 deliberant,
3132 4941 3364 5005 scilicet
3422 4941 3557 5005 iam
3613 4940 3895 5004 iudicata
3952 4943 4012 5003 et
4052 4941 4233 5006 dam-

2280 5035 2449 5095 nata.
2544 5028 2818 5109 Cupiunt
2858 5031 3063 5090 tamen
3111 5025 3553 5092 Turicensium
3596 5026 3960 5089 sententiam
4003 5027 4234 5090 audire

2283 5123 2614 5197 antequam
2654 5114 2786 5195 ipsi
2828 5111 3120 5178 scribant.
3377 5122 3386 5131 ‘

2285 5287 2392 5354 (Ex
2437 5284 2774 5354 autographo
2811 5283 2973 5336 Arcb.
3009 5283 3185 5337 Turio.
3223 5284 3367 5335 Plut.
3404 5282 3500 5337 VI.
3548 5282 3637 5335 fol.
3688 5278 3793 5335 154
3872 5281 4000 5333 olim
4048 5280 4234 5343 Sci-iu.

2526 5355 2588 5408 B.
2629 5354 2768 5423 Epp.
2805 5362 2931 5407 tom.
2967 5350 3053 5421 32,
3087 5352 3181 5406 τοι.
3217 5350 3331 5403 193.
3371 5377 3434 5389 -
3470 5350 3679 5404 simler.
3717 5323 3834 5405 Vol.
3869 5348 3983 5418 80.)

3735 5435 3805 5490 40
