4900 6167
654 409 779 471 119

652 591 941 659 Ioannes
994 588 1076 658 ab
1144 587 1368 658 Uentis.
1464 591 1602 658 Pro
1653 594 1936 689 utroque
1999 609 2271 655 munere
2328 596 2608 673 quantas

963 675 1289 743 maximas
1514 675 1640 742 tibi
1800 680 1946 741 tias.
2030 674 2325 758 Utroque
2383 683 2607 741 autem

658 763 1088 829 vehementer
1142 761 1444 827 delector.
1534 760 1596 828 Ο
1657 782 1715 827 s1
1768 758 1881 825 det
1935 759 2200 825 taudem
2255 760 2606 845 aliquando

656 848 1204 914 clementissimus
1236 845 1423 914 Deus
1456 853 1536 912 ut
1575 847 1648 911 in
1683 864 1905 913 sacrae
1947 865 2187 912 coenae
2219 847 2608 913 tractatione

653 933 737 1000 ad
781 933 1062 1000 eundem
1104 934 1402 1001 veritatis
1456 951 1725 1017 scopum
1780 931 2092 997 universa
2133 931 2380 998 Christi
2424 932 2608 999 colli-

647 1027 788 1085 met
828 1019 1132 1086 ecclesia!
1211 1019 1400 1085 Inter
1439 1018 1793 1102 legendum
1835 1015 2035 1083 libros
2077 1025 2224 1082 tuos
2239 1068 2256 1097 ,
2315 1017 2608 1083 maxime

649 1126 855 1189 quum
890 1105 1251 1171 occurrerit
1291 1102 1465 1187 quod
1496 1123 1604 1168 me
1643 1103 1751 1188 pie
1785 1103 2095 1181 affecerit,
2140 1123 2276 1167 non
2311 1101 2607 1168 desinam

658 1192 757 1256 tui
810 1210 1063 1255 memor
1115 1199 1183 1256 et
1225 1188 1447 1255 Deum
1501 1187 1800 1273 precibus
1855 1189 2020 1254 meis
2062 1189 2324 1272 pulsare
2341 1239 2356 1269 ‚
2420 1196 2500 1253 ut
2540 1197 2607 1252 te

657 1275 967 1342 ecclesiae
1003 1297 1161 1341 suae
1198 1274 1563 1340 diutissime
1597 1282 1816 1341 servet
1857 1281 1925 1339 et
1958 1274 2192 1356 spiritu
2226 1295 2348 1340 suo
2381 1282 2607 1340 sancto

650 1363 866 1447 magis
907 1381 982 1427 ac
1023 1361 1238 1445 magis
1280 1358 1551 1426 imbuat.
1640 1357 1832 1441 Quod
1889 1367 2111 1424 autem
2154 1367 2291 1423 tam
2332 1358 2608 1426 candide

650 1459 720 1513 et
761 1446 1120 1513 christiane
1164 1446 1246 1513 de
1290 1446 1499 1511 officio
1542 1444 2040 1512 commonefacis
2056 1496 2072 1525 ,
2133 1454 2197 1509 et
2242 1444 2322 1510 ad
2365 1465 2608 1511 munus

649 1531 1021 1599 obeundum
1078 1540 1214 1597 tam
1272 1532 1441 1598 serio
1498 1529 1917 1610 exstimulas‚
1988 1537 2056 1596 et
2111 1540 2249 1595 tam
2307 1531 2609 1616 religiose

651 1618 916 1683 adiutas
934 1665 950 1695 ‚
1008 1615 1073 1681 id
1140 1637 1262 1702 ego
1316 1617 1714 1700 interpretor
1764 1637 1804 1681 a
1867 1615 2132 1680 Domini
2197 1616 2607 1683 sanctissimo

661 1704 899 1787 spiritu
942 1702 1190 1769 factum
1235 1724 1376 1768 esse
1391 1754 1409 1782 ,
1465 1723 1552 1768 ne
1595 1700 1754 1787 quid
1797 1702 1869 1766 in
1910 1701 2116 1784 ipsius
2159 1704 2420 1787 negotio
2463 1702 2606 1766 lan-

651 1787 853 1874 guide
895 1796 1013 1853 aut
1052 1788 1465 1873 negligenter
1493 1808 1797 1873 agamus.
1888 1785 2118 1852 Sentio
2175 1789 2352 1852 enim
2394 1787 2609 1852 indies

652 1895 852 1958 quam
911 1873 1152 1954 simus,
1173 1873 1243 1939 in
1287 1874 1559 1940 Domini
1612 1873 1808 1940 rebus
1864 1870 2118 1937 desides
2174 1880 2239 1938 et
2281 1894 2479 1956 quam
2534 1875 2605 1938 in

646 1959 896 2025 nostris
940 1958 1217 2026 studiosi
1260 1969 1456 2042 atque
1496 1959 1783 2043 impigri.

822 2044 1033 2110 Porro
1077 2045 1337 2112 salubre
1380 2053 1449 2110 et
1490 2065 1731 2110 sanum
1771 2051 1963 2109 tuum
2010 2044 2357 2109 consilium
2394 2044 2468 2109 in
2501 2065 2604 2110 ec-

650 2130 884 2196 clesiae
949 2129 1081 2197 Dei
1160 2131 1621 2198 reformatione
1696 2149 1773 2194 eo
1837 2129 2149 2195 libentius
2226 2129 2603 2212 amplector,

651 2217 826 2300 quod
872 2238 1021 2283 cum
1065 2216 1195 2283 fide
1237 2236 1418 2297 mea,
1478 2235 1607 2300 qua
1647 2236 1754 2280 me
1796 2214 2121 2299 benignus
2164 2215 2490 2280 Dominus
2532 2216 2606 2280 in

651 2301 831 2368 hisce
863 2303 1061 2369 rebus
1097 2301 1387 2380 donavit,
1430 2322 1550 2385 per
1585 2303 1805 2366 omnia
1838 2302 2177 2367 consentit.
2243 2301 2389 2384 Ego
2426 2300 2605 2365 enim

649 2389 956 2454 existimo
998 2388 1071 2453 in
1128 2387 1401 2454 ecclesia
1451 2387 1674 2454 omnia
1730 2407 1873 2452 esse
1915 2385 2150 2452 debere
2190 2407 2387 2470 pura,
2444 2386 2603 2451 sim-

648 2473 863 2556 plicia,
907 2482 976 2539 et
1011 2473 1091 2539 ab
1125 2472 1324 2539 huius
1357 2471 1590 2539 mnndi
1632 2471 1974 2537 elementis
2017 2478 2083 2536 et
2114 2473 2374 2555 pompis
2410 2472 2603 2557 longe

650 2558 1079 2624 alienissima.
1193 2555 1330 2624 Sed
1405 2559 1479 2623 in
1542 2557 1667 2623 hac
1735 2563 1965 2622 nostra
2034 2558 2305 2623 ecclesia
2360 2578 2482 2643 ego
2536 2565 2604 2623 et

650 2643 1021 2792 eruditione
1063 2651 1130 2709 et
1174 2643 1528 2709 autoritate
1569 2644 1836 2709 infimus
1891 2642 2048 2726 qnid
2090 2664 2357 2728 possum
2410 2664 2600 2727 prae-

652 2738 830 2795 stare
932 2764 2596 2778 —————————————

648 2813 1230 2880 Westmonasterii
1276 2820 1332 2879 5.
1378 2815 1544 2880 Maii
1584 2817 1767 2879 1551.

651 2951 780 3016 Tui
814 2949 1332 3018 studiosissimus
1374 2957 1444 3017 et
1476 2952 1549 3015 in
1572 2949 1839 3017 Christo
1870 2950 2074 3016 frater
2109 2951 2596 3017 amantissimus

1441 3052 1590 3119 Ric.
1632 3051 1793 3119 Oox.

1398 3346 1804 3354 *Ψ*

1526 3561 1720 3634 1403.

1057 3696 1592 3766 PREVOTIUS
1617 3704 1671 3778 ¹)
1717 3699 2146 3768 CALVINO.

821 3867 1123 3937 Consiliis
1161 3870 1306 3936 suis
1350 3874 1408 3934 et
1439 3871 2053 3955 pereffluationibus
2106 3874 2420 3939 enarratis
2476 3894 2597 3956 quo

636 3957 711 4022 in
747 3960 916 4023 statu
955 3975 1058 4022 res
1091 3956 1338 4021 italiam
1366 3976 1493 4037 pro
1533 3961 1799 4038 tempore
1837 3958 1969 4022 sint
2000 3959 2179 4025 docet.

976 4125 1088 4192 (Ex
1124 4124 1463 4197 autographo
1499 4125 1633 4181 Ood.
1668 4126 1830 4182 Goth.
1862 4125 1984 4196 405,
2017 4128 2106 4182 fol.
2142 4125 2254 4193 88.)

812 4297 1390 4364 Praestantissimo
1448 4298 1591 4364 viro
1650 4307 1717 4364 et
1755 4298 2004 4384 insigni
2091 4299 2290 4364 ietate
2334 4307 2400 4364 et
2442 4300 2593 4366 doc-

642 4384 820 4449 trina
861 4382 1158 4467 praedito
1202 4383 1509 4450 ecclesiae
1544 4383 1955 4452 Genevensis
1996 4386 2041 4449 fi
2088 4384 2374 4451 elissimo
2397 4383 2593 4451 Chri-

643 4470 732 4535 sti
782 4470 1085 4536 ministro
1126 4468 1212 4535 D.
1258 4469 1495 4535 Ioanni
1538 4469 1822 4536 Calvino
1881 4468 2143 4536 domino
2200 4491 2321 4535 suo
2377 4471 2591 4538 colen-

642 4553 930 4622 dissimo.
2120 4597 2127 4608 ,
2238 4565 2241 4572 '

2024 4642 2082 4706 A
2127 4640 2419 4707 Geneve.

812 4775 883 4844 S.
943 4774 1162 4857 Quum
1189 4776 1362 4858 apud
1395 4798 1504 4842 me
1538 4779 1932 4856 statuissem,
1975 4780 2251 4844 antistes
2287 4778 2595 4860 piissime,

640 4864 761 4930 uni
800 4861 1068 4929 Christo
1111 4861 1373 4927 domino
1427 4885 1533 4928 me
1588 4874 1799 4929 totum
1853 4883 2230 4930 consecrare
2290 4864 2593 4948 illiusque

641 5032 829 5111 1498.
859 5033 910 5092 1)
951 5030 1042 5085 De
1086 5032 1188 5087 hoc
1230 5031 1351 5087 viro
1384 5032 1652 5102 Haam’us
1702 5033 1764 5088 T.
1805 5033 1982 5089 VIII.
2030 5049 2089 5102 p.
2125 5035 2229 5088 320
2272 5034 2597 5103 simpliciter

642 5099 781 5154 dwit
815 5099 1193 5156 Pas-issemus
1222 5102 1400 5168 facisse
1441 5106 1493 5156 et
1534 5103 1820 5172 reliqn'om’s
1854 5117 2028 5157 causa
2064 5102 2341 5159 Genevam
2375 5118 2593 5158 conoes-

643 5168 797 5222 sisoe.
867 5168 1795 5249 Eschactamouepistolataefle
1838 5172 2377 5241 colliqeseumiam
2426 5177 2596 5228 anua

641 5235 2594 5375 cuqodmmtsp'nsw'moeeomnatmnaliquotameneommercio

637 5310 991 5361 eomundus·
1048 5324 1211 5364 mose.

2171 397 2698 468 EPIS'DOLAE
2748 403 3168 468 1492—1495

4527 409 4558 480 ,l
4570 405 4654 467 20

2713 588 3079 656 doctrinam
3121 589 3446 673 amplecti,
3481 611 3678 674 quam
3722 598 3791 657 et
3834 611 3874 657 a
3916 598 3982 656 te
4024 590 4235 657 indies
4277 589 4656 656 fidelissime

2709 674 3150 757 praedicatam
3192 683 3261 740 et
3280 676 3699 743 monimentis
3743 677 3939 742 etiam
3975 677 4126 755 tuis,
4170 675 4320 753 illis,
4363 677 4652 760 inquam,

2708 759 2899 842 plane
2941 759 3182 826 divinis
3221 760 3618 827 illustratam
3640 771 3707 828 et
3740 762 3823 828 ad
3865 770 4158 846 posteros
4200 762 4653 828 transmissam

2711 865 2852 911 esse
2896 852 3074 911 certo
3119 846 3283 926 scio,
3345 847 3758 913 commodum
3811 847 3978 913 mihi
4019 848 4241 912 visum
4282 847 4408 912 fuit
4449 847 4654 931 'Pigu-

2708 952 2859 995 rum
2881 931 3341 997 Helvetiorum
3374 934 3780 1017 metropolim
3816 934 4121 1013 invisere,
4167 943 4308 997 tum
4351 940 4426 998 ut
4458 932 4656 997 huius

2710 1016 3020 1083 ecclesiae
3064 1016 3355 1083 doctrina
3398 1019 3691 1083 animum
3733 1039 3953 1085 meum
3990 1019 4464 1098 confirmarem,
4510 1027 4655 1082 tum

2708 1109 2784 1166 ut
2841 1102 3362 1168 doctissimorum
3417 1102 3613 1169 simul
3669 1126 3746 1169 ac
3803 1104 4248 1187 piissimorum
4307 1104 4651 1169 hominum

2707 1190 2821 1272 qui
2861 1187 2998 1253 illic
3041 1188 3287 1272 degunt
3320 1190 3788 1255 consuetudine
3820 1190 3954 1255 frui
3986 1189 4457 1274 aliquantisper
4487 1189 4656 1254 mihi

2709 1273 2953 1340 liceret.
3025 1274 3220 1339 Nunc
3261 1294 3416 1340 vero
3458 1295 3659 1357 quum
3702 1296 3965 1341 necesse
4006 1276 4347 1341 habuerim
4393 1274 4657 1340 Italiam

2711 1367 3006 1440 repetere
3023 1410 3039 1437 ,
3106 1360 3332 1425 statim
3394 1359 3678 1425 iudicavi
3734 1381 3870 1425 non
3914 1361 4200 1426 alienum
4243 1362 4379 1425 fore
4419 1380 4460 1424 a
4504 1381 4658 1426 mea

2712 1454 2820 1522 (ut
2861 1466 3037 1510 nunc
3079 1465 3185 1510 res
3227 1451 3410 1520 sunt)
3457 1445 3722 1511 vivendi
3763 1446 4152 1525 conditione,
4196 1467 4410 1529 neque
4452 1446 4652 1511 etiam

2713 1551 2753 1594 a
2815 1531 3021 1613 patris
3089 1531 3220 1596 mei
3277 1530 3609 1596 voluntate
3624 1581 3642 1611 ,
3708 1532 3763 1597 si
3821 1532 4249 1598 clarissimam
4307 1531 4656 1597 Ferrariae

2711 1615 3070 1700 principem
3139 1616 3493 1682 salutarem
3567 1618 3830 1700 eiusque
3897 1617 4199 1701 obsequio
4265 1638 4371 1683 me
4437 1624 4654 1681 totum

2710 1703 3169 1783 manciparem.
3268 1700 3489 1767 Huius
3557 1704 3730 1767 enim
3785 1704 4099 1768 autoritas
4164 1703 4405 1768 efficiet
4459 1709 4533 1767 ut
4585 1713 4654 1768 et

2711 1799 2899 1871 pater
2960 1787 3032 1851 in
3077 1785 3333 1853 Gallias
3388 1809 3494 1852 me
3548 1808 3858 1854 revocare
3913 1787 4212 1867 desistat,
4281 1797 4347 1853 et
4387 1786 4656 1853 liberior

2709 1892 2831 1938 vos
2872 1872 3047 1954 ipsos
3103 1871 3385 1937 adeundi
3441 1894 3582 1938 sese
3645 1873 3812 1938 mihi
3875 1874 4108 1939 offerat
4159 1875 4423 1941 occasio.
4513 1872 4649 1940 Sed

2706 1979 2906 2041 quum
2950 1956 3174 2023 nullus
3217 1958 3393 2042 apud
3431 1957 3617 2022 illam
3654 1960 3937 2025 sanctior
3977 1958 4193 2025 aditus
4226 1959 4392 2024 mihi
4427 1967 4652 2042 pateat

2708 2062 2906 2127 quam
2969 2051 3229 2108 tuarum
3307 2043 3609 2126 inprimis
3676 2043 4020 2110 literarum
4090 2042 4651 2110 commendatione

2708 2131 2882 2212 (quis
2948 2130 3124 2193 enim
3189 2150 3321 2193 non
3387 2130 3579 2195 unice
3647 2129 3868 2212 cupiat
3926 2131 4006 2195 ab
4065 2151 4142 2195 eo
4208 2128 4649 2196 commendari

2710 2214 2896 2280 cuius
2938 2215 3148 2297 pietas
3191 2222 3259 2279 et
3299 2213 3463 2279 fides
3505 2221 3603 2279 tot
3644 2215 3777 2280 iam
3821 2216 4015 2280 rebus
4059 2215 4392 2300 praeclare
4444 2215 4650 2299 gestis

2704 2300 3007 2366 omnibus
3042 2299 3167 2382 piis
3203 2301 3463 2384 cognita
3496 2309 3564 2365 et
3596 2311 3934 2383 perspecta
3968 2300 4160 2380 est?),
4197 2301 4650 2386 gratissimum

2704 2385 2871 2450 mihi
2913 2385 3174 2462 feceris,
3231 2386 3333 2452 vir
3374 2387 3646 2469 optime,
3705 2386 3760 2451 si
3803 2407 3933 2470 qua
3975 2407 4132 2471 erga
4173 2407 4402 2452 omnes
4444 2386 4651 2452 bonos

2699 2474 2907 2536 uteris
2949 2471 3359 2535 humanitate
3401 2470 3627 2537 eadem
3663 2479 3730 2536 et
3771 2493 3878 2537 me
3919 2473 3990 2537 in
4024 2472 4148 2539 hac
4190 2490 4391 2538 causa
4421 2492 4650 2556 prose-

2702 2556 2941 2639 quaris.
3025 2556 3119 2621 Et
3185 2577 3390 2638 quum
3452 2556 3678 2621 multis
3747 2557 4122 2623 nominibus
4177 2578 4282 2622 me
4338 2555 4457 2622 tibi
4511 2558 4648 2623 iam

2703 2650 2897 2707 antea
2939 2640 3338 2720 devinxeris,
3383 2662 3514 2706 non
3549 2641 3770 2707 dubito
3806 2644 3963 2726 quin
4005 2643 4129 2708 hoc
4161 2643 4426 2726 reliquis
4458 2664 4651 2728 mag-

2701 2748 2867 2792 num
2907 2726 3164 2810 pondus
3206 2728 3294 2791 sit
3338 2726 3710 2791 allaturum.

2872 2811 3217 2878 Caeterum
3263 2811 3344 2876 de
3387 2813 3581 2877 rebus
3623 2833 3787 2894 quae
3821 2813 3928 2880 hic
3963 2823 4301 2897 geruntur,
4346 2816 4399 2881 si
4437 2827 4649 2894 vacat,

2701 2897 2865 2963 haec
2906 2898 3143 2980 accipe.
3224 2897 3553 2975 Pontifex,
3598 2900 3933 2980 suspicans
3979 2920 4063 2963 ne
4105 2898 4350 2965 Parma
4389 2901 4461 2965 in
4501 2921 4652 2966 ma-

2701 3003 2862 3047 num
2902 2983 3107 3066 Regis
3161 2985 3507 3067 perveniat
3518 2985 3576 3060 αἱ)
3632 2984 3849 3067 sicque
3906 3003 4026 3051 suo
4083 2984 4227 3051 iure
4284 2985 4652 3051 clientelari

2700 3067 3139 3145 defraudetur,
3185 3068 3443 3150 publico
3487 3068 3695 3134 edicto
3739 3089 3856 3152 pro
3899 3070 4127 3136 rostris
4171 3071 4369 3136 affixo
4409 3070 4649 3137 ducem

2709 3152 3032 3220 Octavium
3073 3153 3355 3218 Romam
3394 3152 3476 3217 ad
3519 3174 3589 3220 se
3634 3163 3839 3232 vocat,
3885 3163 3959 3220 ut
3998 3176 4262 3222 causam
4305 3178 4490 3223 suam
4536 3178 4654 3223 co-

2698 3259 2843 3304 ram
2907 3245 3064 3323 agat
3125 3259 3328 3322 eaque
3393 3249 3653 3324 regerat
3725 3260 3888 3323 quae
3952 3241 4022 3306 in
4086 3240 4273 3307 illum
4339 3251 4649 3309 constans

2697 3324 2873 3389 fama
2914 3323 3204 3407 protulit.
3296 3323 3484 3406 Quae
3536 3347 3737 3408 quum
3795 3346 3835 3391 a
3888 3326 3951 3392 le
4038 3335 4102 3391 to
4147 3328 4403 3394 Galliae
4445 3328 4650 3413 paulo

2698 3408 2929 3475 durius
2971 3409 3249 3475 fuissent
3303 3419 3607 3493 excepta,
3674 3432 3750 3477 eo
3804 3433 3929 3494 quo
4015 3433 4258 3478 nomen
4299 3414 4507 3500 Regis
4564 3436 4650 3480 ea

2697 3494 2767 3559 in
2813 3516 2887 3559 re
2929 3493 3209 3560 latenter
3251 3497 3547 3579 protrahi
3589 3497 3955 3577 videretur,
3998 3499 4377 3582 pontificem
4419 3499 4649 3583 palam

2698 3580 3000 3646 hortatus
3042 3588 3159 3659 est,
3205 3579 3556 3665 dispiceret
3592 3603 3676 3647 ne
3711 3583 3917 3668 Regis
3960 3584 4251 3648 animum
4295 3585 4647 3651 exacerba-

2698 3674 2819 3731 ret.
2894 3664 3091 3747 Quod
3135 3666 3193 3733 si
3235 3667 3391 3750 quid
3437 3669 3702 3752 gravius
3743 3668 3816 3733 in
3860 3668 4092 3734 ducem
4135 3668 4459 3736 Octavium
4498 3691 4646 3736 mo-

2698 3752 2957 3830 liretur,
3015 3751 3269 3837 Regem
3321 3752 3499 3818 illius
3552 3754 3814 3819 nomine
3869 3764 4072 3819 totam
4131 3775 4395 3821 causam
4438 3756 4511 3819 in
4569 3779 4648 3822 se

2696 3849 3128 3919 recepturum.
3198 3836 3492 3903 Tandem
3537 3859 3613 3904 eo
3658 3839 4009 3904 deventum
4051 3849 4170 3919 est,
4215 3849 4294 3905 ut
4335 3843 4514 3905 intra
4557 3844 4650 3906 30

2700 3921 2836 3987 dies
2896 3921 3190 3990 Octavius
3248 3945 3318 3989 se
3379 3924 3609 3989 sistere
3662 3924 3893 3990 debeat
3908 3975 3923 4001 ,
3996 3925 4101 3989 sin
4153 3926 4372 3990 minus
4424 3925 4647 3992 facere

2697 4015 2971 4083 recuset,
3017 4009 3204 4092 gravi
3246 4008 3519 4074 fulmine
3553 4011 3724 4075 ictus
3763 4010 4076 4076 concidat.
4145 4010 4409 4076 Interea
4452 4033 4649 4094 para-

2700 4101 2810 4158 tur
2851 4114 3105 4172 manus,
3150 4104 3573 4161 accersuntur
3606 4095 3957 4160 auxiliares
3990 4096 4210 4177 copiae
4250 4118 4290 4161 a
4323 4097 4650 4176 finitimis,

2697 4199 2783 4243 ne
2836 4179 2992 4262 quid
3049 4178 3218 4244 desit
3273 4180 3356 4244 ad
3409 4177 3916 4263 oppugnandam
3968 4180 4196 4245 urbem
4261 4180 4320 4247 si
4383 4202 4489 4248 res
4549 4184 4649 4248 ita

2695 4264 2996 4346 postulat.
3088 4265 3290 4331 Hisce
3341 4265 3534 4330 rebus
3598 4265 3898 4330 omnibus
3955 4264 4193 4332 Caesar
4247 4266 4652 4335 decumbens

2696 4348 3004 4433 frigidam
3040 4348 3378 4415 suffundit.
3441 4351 3534 4414 Et
3574 4351 3945 4431 pontificem
3989 4350 4204 4433 palam
4248 4362 4456 4436 rogat,
4502 4375 4648 4418 ma-

2696 4443 2873 4501 turet
2915 4434 2995 4500 ad
3039 4435 3417 4511 concilium,
3482 4434 3673 4518 longe
3732 4435 3909 4500 aliud
3974 4436 4143 4519 apud
4201 4458 4272 4502 se
4327 4437 4645 4522 cogitans.

2697 4521 2955 4599 Veneti,
3001 4520 3111 4603 qui
3154 4521 3292 4585 suis
3333 4520 3529 4586 rebus
3571 4520 3779 4586 multo
3823 4529 3974 4586 ante
4011 4523 4372 4604 prospicere
4407 4522 4650 4589 volunt

2696 4614 2764 4670 et
2804 4606 3095 4671 omnium
3139 4607 3412 4671 iniurias
3445 4627 3494 4670 a
3536 4627 3606 4671 se
3650 4606 4036 4690 propellere,
4082 4621 4318 4690 parant
4362 4608 4646 4675 classem

2902 4827 2963 4894 2)
2998 4827 3270 4883 Fames&
3304 4826 3545 4883 Parmae
3578 4828 3743 4882 duces
3778 4826 3950 4882 Pauli
3981 4829 4101 4885 ΙΙΙ.
4134 4830 4646 4911 nepotes-luftau&
4723 4821 4730 4828 ’

2698 4971 2918 5046 wactas
2962 4911 3123 5019 αἶρε
3136 4896 3248 5035 ῥῖνα·
3375 4898 3498 4979 ’ΠΙ
3541 4897 3837 5020 “gavatum
3878 4913 4045 5048 ίῑῐιςηῖ
4084 4967 4310 5023 Octavio
4411 4971 4646 5025 amato

2696 5035 2956 5103 nadad-t,
2988 5039 3186 5103 postea
3218 5051 3345 5090 voro
3389 5041 3455 5090 ut
3498 5034 3606 5090 eibz
3638 5036 4005 5104 Impar-atem
4036 5039 4285 5102 favorem
4318 5038 4648 5094 ooo-caeam

2696 5104 2970 5171 samaias·
3014 5104 3165 5159 alam
3211 5106 3453 5173 spoliare
3496 5103 3719 5159 volebat.
3805 5103 3991 5174 Quare
4039 5104 4302 5161 Octavius
4346 5121 4472 5161 cnm
4512 5123 4646 5177 τηε

2696 5172 4282 5242 Hmcofoeduaiaivitexquomomlmoaster
4587 5184 4648 5232 et

2704 5243 2991 5298 Octavium
3036 5242 3226 5298 bellum
3267 5247 3517 5298 emortum
3566 5248 3659 5297 est.
3730 5243 3976 5312 (zm.
4021 5244 4056 5298 1.
4096 5245 4247 5300 vm.
4364 5284 4378 5300 .
4409 5244 4542 5314 gau.
4576 5262 4643 5317 p.

2696 5312 2799 5366 673
2833 5327 2903 5367 ss.
2976 5310 3223 5369 Skidam.
3257 5314 3355 5367 111.
3391 5311 3494 5366 245
3529 5324 3603 5366 ss.
3673 5308 3874 5367 Ranke
3914 5314 3972 5368 V.
4010 5313 4111 5368 136
4143 5315 4241 5383 ss.)
