4900 6167
683 497 812 561 427

688 685 1666 841 “fflmsseffissssff‘fssmfflffi
1693 676 2118 828 1ῗέέῖῗῖἛὶ
2153 673 2634 838 13ἓὲἑέἰέἱῖἓὲ

689 862 837 917 6666
877 869 951 915 66
1037 850 1104 913 61
1145 869 1314 914 1666
1356 845 1672 915 aviendra
1687 898 1704 925 ,
1763 855 1829 912 et
1884 846 2049 912 dites
2105 846 2432 918 tousiours
2476 864 2636 911 6166

687 937 838 1004 Iob:
881 935 945 1001 le
1030 955 1139 999 om
1171 931 1253 999 de
1274 933 1450 999 Dieu
1491 933 1618 999 soit
1652 933 1850 999 benit.
1915 931 2077 997 Puis
2113 930 2278 997 donc
2312 952 2438 1013 que
2474 952 2636 997 vous

691 1043 850 1088 avez
887 1027 930 1086 6
963 1020 1125 1086 faire
1168 1040 1328 1086 6166
1364 1028 1581 1086 166616
1615 1019 1804 1096 Ρ616,
1833 1024 1901 1083 66
1928 1038 2060 1082 666
2084 1015 2446 1081 seulement
2480 1037 2637 1083 6166

691 1107 790 1174 166
813 1106 1105 1172 hommes
1130 1106 1350 1190 (Rom.
1377 1108 1471 1183 14,
1492 1113 1549 1168 4.
1593 1105 1646 1168 1.
1661 1103 1810 1170 061.
1831 1109 1891 1181 4,
1907 1106 1994 1181 3),
2017 1102 2636 1186 resiouyssez-vous,

690 1214 806 1260 661·
846 1191 1005 1264 6’666
1044 1190 1137 1255 161
1179 1191 1293 1274 661
1348 1210 1468 1273 661
1511 1210 1632 1256 666
1686 1188 1829 1254 Fils
1874 1188 2061 1254 Iesus
2103 1187 2332 1254 Christ
2387 1208 2536 1252 sera
2578 1186 2640 1252 16

691 1279 859 1362 1636
893 1275 973 1343 (16
1012 1297 1130 1342 166
1159 1277 1363 1360 16366,
1399 1273 1641 1341 (161666
1670 1272 1881 1357 166661
1914 1272 1963 1338 11
1999 1273 2140 1338 faut
2168 1293 2299 1337 une
2333 1272 2458 1337 fois
2496 1281 2642 1337 tous

694 1385 837 1430 com
996 1362 1174 1427 istre.
1261 1362 1435 1427 Lors
1487 1361 1582 1427 les
1640 1360 1939 1425 tenebres
1992 1367 2216 1423 serent
2278 1357 2642 1424 esclaircies

691 1471 815 1533 par
961 1447 1150 1512 16661
1191 1457 1258 1511 66
1301 1445 1653 1529 splendeur
1698 1444 1778 1510 de
1820 1466 1940 1510 666
1974 1451 2381 1510 6166616666.
2470 1444 2642 1509 Lors

690 1555 863 1602 vous
921 1553 1115 1599 aurez
1185 1531 1579 1614 appellation
1639 1529 1719 1596 de
1775 1530 1919 1595 leur
1973 1538 2295 1595 sentence.
2395 1528 2491 1595 116
2555 1550 2641 1594 66

694 1641 862 1688 1666
905 1623 1192 1701 6661666
1228 1615 1626 1683 condamnet
1667 1620 1861 1698 qu’au
1900 1616 2009 1680 feu
2051 1614 2346 1680 materiel
2388 1614 2505 1697 qui
2541 1622 2641 1680 est

698 1705 853 1770 bien
897 1725 1024 1787 666
1067 1709 1110 1768 6
1149 1703 1418 1768 66616161
1459 1723 1547 1767 66
1589 1702 1738 1785 prix
1782 1700 1863 1767 de
1899 1699 2062 1767 celui
2105 1699 2187 1764 de
2220 1700 2286 1765 16
2319 1701 2638 1784 gehenne,

695 1790 723 1856 l
805 1790 912 1856 uel
955 1793 1124 1854 n’est
1156 1809 1272 1871 pas
1317 1787 1630 1870 6611166161
1674 1806 1926 1853 comme
1960 1785 2129 1852 celui
2163 1785 2222 1852 ci
2260 1785 2424 1851 mais
2469 1795 2640 1851 eter-

695 1812 825 1942 6661.
915 1873 1049 1941 061
1090 1877 1248 1940 c’est
1288 1874 1351 1938 le
1403 1875 1513 1939 feu
1558 1870 1799 1955 duquel
1849 1872 1899 1936 il
1954 1882 2055 1937 est
2110 1870 2303 1936 escrit
2358 1871 2516 1953 qu'il
2558 1892 2642 1936 66

694 1968 856 2046 6666
898 1969 1071 2025 66616
1113 1959 1355 2025 6666166
1398 1966 1464 2023 66
1505 1957 1744 2040 auquel
1803 1957 1866 2023 le
1911 1978 2026 2023 ver
2067 1977 2152 2022 66
2195 1969 2413 2022 166616
2456 1956 2644 2039 66166

697 2058 768 2114 66
810 2044 1047 2129 auquel
1089 2043 1138 2109 il
1184 2050 1297 2128 n’y
1353 2064 1392 2108 a
1447 2043 1638 2110 sinon
1695 2041 1996 2107 tenebres
2038 2041 2260 2125 pleurs
2304 2054 2372 2107 66
2415 2063 2642 2125 66166-

695 2222 804 2283 43.

696 2303 853 2387 quoi
900 2323 1013 2368 vos
1063 2299 1470 2366 adversaii-es
1513 2308 1630 2364 ont
1670 2298 2006 2382 beaucoup
2061 2299 2209 2381 plus
2250 2297 2502 2382 grande
2544 2319 2644 2364 66-

696 2388 921 2455 666166
964 2386 1044 2452 (16
1089 2383 1384 2451 craindre
1428 2406 1552 2468 que
1596 2405 1774 2450 vous.
1840 2383 1973 2451 061
2013 2383 2098 2450 116
2141 2406 2227 2449 66
2277 2404 2438 2449 1666
2483 2404 2644 2466 666-

697 2481 864 2540 1666
907 2470 1305 2562 condamner
1350 2478 1392 2536 6
1434 2492 1508 2536 66
1549 2470 1657 2534 feu
1700 2469 2017 2552 temporel
2059 2469 2250 2553 qu’ils
2292 2491 2376 2535 66
2422 2489 2644 2553 reqoy-

696 2567 861 2626 vent
889 2555 1110 2640 quand
1135 2564 1204 2621 et
1223 2554 1442 2637 quand
1463 2564 1768 2621 sentence
1788 2565 2013 2622 contre
2033 2576 2495 2634 eux-mesmes,
2527 2575 2646 2639 par

694 2642 976 2726 laquelle
1018 2641 1101 2706 ils
1155 2649 1306 2705 sont
1345 2639 1745 2706 condamnez
1801 2661 1887 2705 au
1941 2640 2048 2706 feu
2102 2640 2352 2707 6661661
2410 2660 2527 2723 661
2584 2639 2647 2704 16

696 2730 865 2812 1636
908 2726 1279 2802 souverain,
1324 2725 1572 2791 devant
1614 2726 1675 2790 le
1721 2728 1898 2811 siege
1938 2724 2179 2808 duquel
2212 2748 2372 2792 vous
2415 2734 2485 2791 et
2524 2745 2646 2790 vos

697 2812 1104 2879 adversaires
1167 2812 1665 2895 comparoistrez
1728 2833 1860 2877 une
1913 2811 2037 2877 fois
2093 2812 2315 2897 (Rom.
2368 2817 2464 2890 14,
2517 2815 2645 2890 10).

697 2897 882 2965 0’666
923 2919 1014 2962 66
1056 2896 1220 2982 1636
1270 2896 1510 2962 (161666
1553 2894 1767 2981 166661
1807 2897 1888 2962 116
1930 2917 2017 2961 66
2060 2905 2281 2963 serent
2323 2917 2438 2979 pas
2483 2898 2646 2962 assis

702 3003 953 3049 comme
996 2982 1211 3066 luges,
1276 2983 1442 3049 mais
1506 3004 1754 3049 comme
1819 2981 2185 3063 criminels,
2251 3003 2415 3065 pour
2478 3002 2646 3081 ouyr

698 3069 849 3134 leur
912 3077 1221 3134 sentence
1285 3079 1510 3135 contre
1571 3068 1751 3135 leurs
1813 3069 2068 3152 1616666
2126 3069 2466 3152 ingemens
2509 3067 2646 3135 s’1ls

696 3161 1123 3239 perseverent
1163 3174 1248 3219 66
1289 3154 1463 3221 16616
1504 3154 1830 3237 iniquitez.
1917 3153 2251 3219 'toutefois
2268 3204 2285 3231 ‚
2341 3152 2444 3217 s’il
2485 3152 2648 3235 plait

698 3261 788 3306 66
830 3237 1159 3323 86136661·
1201 3242 1310 3322 661
1355 3261 1515 3307 1666
1572 3260 1613 3304 6
1667 3241 1793 3306 1616
1849 3248 2033 3305 entre
2086 3238 2265 3304 leurs
2321 3238 2553 3317 mains,
2596 3237 2648 3302 il

697 3347 787 3392 66
828 3324 976 3389 1661
1016 3333 1377 3408 6611666616
1417 3347 1537 3409 666
1578 3325 1773 3408 66’116
1828 3325 2097 3390 1166666
2143 3324 2201 3389 61
2244 3335 2463 3389 61666.
2552 3323 2646 3390 06

698 3409 1117 3477 neantmoins
1155 3409 1209 3473 11
1248 3430 1414 3475 6666
1456 3411 1599 3475 faut
1641 3409 1931 3493 disposer
1970 3415 2013 3474 6
2055 3417 2198 3474 6666
2239 3417 2646 3488 evenement,

698 3495 980 3563 66611666
1021 3494 1213 3577 66’116
1256 3505 1410 3559 6666
1450 3503 1597 3561 6666
1639 3515 1722 3560 66
1765 3493 1832 3560 16
1872 3495 2052 3559 16616
2087 3493 2168 3559 (16
2207 3494 2383 3559 Dieu
2427 3502 2649 3561 vostre

698 3577 892 3658 Pers,
936 3588 1003 3646 et
1043 3600 1179 3645 666
1222 3579 1406 3663 66166
1447 3599 1531 3644 66
1573 3579 1640 3643 16
1680 3579 1864 3645 61616
1907 3578 1988 3645 (16
2028 3578 2308 3658 fortune,
2368 3578 2648 3663 laquelle

698 3672 869 3734 n’est
911 3667 1055 3731 rien
1098 3666 1289 3731 sinon
1327 3684 1456 3729 666
1491 3665 1707 3730 fausse
1739 3664 2004 3747 opinion
2038 3671 2081 3730 6
2119 3685 2283 3731 ceux
2361 3666 2430 3730 ui
2466 3668 2650 3731 n’ont

786 3754 887 3818 int
948 3771 1079 3816 666
1142 3750 1300 3816 66116
1360 3750 1777 3816 66661666666
1840 3749 1922 3815 (16
1985 3750 2051 3816 16
2115 3752 2301 3833 61611
2348 3770 2508 3816 6666
2566 3749 2648 3816 (16

771 3838 910 3916 166,
968 3855 1055 3901 66
1111 3835 1266 3901 66116
1317 3835 1524 3901 fiance
1580 3855 1667 3900 en
1720 3834 1905 3902 icelle
1962 3856 2087 3918 que
2139 3836 2236 3902 les
2293 3836 2523 3902 enfans
2566 3835 2648 3901 de

699 3920 880 3987 Dieu
923 3920 988 3986 16
1031 3919 1318 4006 doyvent
1359 3921 1560 3987 avoir.
1647 3920 1748 3986 Le
1792 3919 2122 4006 86136661
2163 3922 2291 3987 6616
2329 3921 2489 4004 66’11
2531 3942 2572 3986 6
2605 3928 2648 3987 6

700 4007 864 4072 faire
907 4004 990 4071 de
1030 4027 1192 4072 vous
1235 4014 1305 4072 et
1344 4006 1504 4089 qu'il
1545 4027 1628 4071 en
1674 4014 1831 4072 veut
1871 4006 2048 4072 faire.
2115 4005 2237 4073 S’il
2283 4016 2441 4073 veut
2474 4016 2648 4073 estre

702 4092 957 4177 31611116
1001 4111 1086 4156 66
1130 4101 1348 4158 vostre
1392 4092 1512 4170 vie,
1569 4091 1619 4156 il
1661 4103 1763 4158 666
1803 4112 1981 4157 assez
2024 4091 2323 4174 puissant
2364 4113 2528 4174 pour
2581 4095 2650 4157 la

696 4195 868 4243 vous
912 4175 1151 4262 garder
1164 4227 1180 4254 ,
1234 4185 1506 4261 6166316
1559 4188 1707 4243 6666
1759 4198 1876 4244 166
1918 4178 2235 4243 66666116.
2326 4176 2449 4243 8’11
2494 4185 2647 4243 1666

701 4271 877 4328 66616
921 4260 1174 4348 31611116
1216 4282 1339 4346 661
1380 4270 1597 4328 vostre
1639 4271 1829 4339 mort,
1874 4272 2098 4329 vostre
2140 4271 2314 4329 mort
2354 4284 2439 4328 ne
2483 4283 2647 4329 vous

700 4368 850 4414 sera
889 4348 1075 4431 point
1121 4355 1325 4425 mort,
1385 4348 1551 4413 mais
1607 4369 1727 4414 vra
1772 4369 1809 4413 e
1868 4348 1990 4413 vie.
2079 4349 2171 4414 Et
2211 4348 2276 4413 le
2317 4346 2648 4433 86136661·

702 4454 789 4499 66
831 4432 940 4498 661
959 4453 1127 4499 1666
1168 4453 1393 4499 serves
1434 4453 1602 4499 vous
1643 4432 1915 4499 baillera
1947 4432 2013 4498 16
2046 4439 2244 4500 16166
2278 4440 2345 4498 66
2385 4434 2451 4500 16
2472 4435 2647 4500 force

700 4527 771 4584 66
919 4516 1319 4584 consolation
1376 4518 1634 4602 1666166
1698 4540 1782 4585 66
1835 4519 1927 4585 661
1984 4519 2243 4585 combat
2294 4529 2361 4584 et
2402 4526 2642 4587 666666.

698 4602 837 4670 061
878 4624 1043 4670 1666
1085 4623 1169 4668 66
1211 4624 1368 4670 avez
1410 4604 1476 4668 la
1517 4624 1849 4687 promesse
1905 4602 1986 4669 de
2042 4604 2213 4670 66161
2298 4605 2367 4670 61
2411 4605 2644 4670 1616616

698 4708 791 4755 ne
832 4697 1086 4772 trompe
1127 4687 1519 4772 l’esperance
1554 4688 1636 4755 de
1670 4711 1833 4757 ceux
1867 4693 1982 4774 qui
2015 4689 2247 4757 s’atten
2292 4699 2408 4756 ent
2451 4696 2495 4755 6
2528 4688 2642 4755 161.

697 4773 987 4858 Parquoi
1029 4773 1080 4839 il
1125 4795 1210 4840 66
1251 4795 1414 4841 1666
1465 4775 1606 4841 faut
1658 4776 1843 4859 point
1883 4775 2114 4842 (166661
2160 4775 2316 4860 66’11
2362 4796 2448 4840 66
2491 4796 2644 4857 661-

699 4859 842 4926 face
885 4858 1170 4925 l’oeuvre
1224 4859 1379 4943 qu’il
1433 4879 1473 4924 a
1528 4869 1897 4930 6661166666
1952 4882 2036 4929 66
2092 4882 2275 4929 1666.
2363 4859 2426 4925 ΙΙ
2483 4882 2644 4927 1666

699 4944 844 5011 faut
886 4944 1053 5011 donc
1095 4943 1385 5029 disposer
1425 4966 1674 5014 comme
1714 4946 1809 5014 les
1853 4948 2017 5014 bons
2055 4955 2122 5012 et
2162 4945 2439 5014 vaillans
2483 4967 2645 5032 gen-

703 5028 962 5097 darmes
976 5081 991 5107 ‚
1056 5030 1168 5114 qui
1230 5040 1391 5099 1666
1448 5039 1492 5098 a
1539 5032 1606 5098 16
1660 5053 1898 5119 366116
1952 5053 2119 5117 6661
2169 5032 2526 5098 6161666611
2580 5031 2645 5097 16

705 5115 992 5196 66616116
1035 5114 1115 5182 (16
1154 5115 1300 5184 1661
1340 5118 1595 5197 Ρ11666,
1639 5128 1707 5184 66
1760 5138 1923 5201 6661·
1974 5119 2306 5184 oombatre
2347 5118 2646 5184 vaillam·

705 5208 892 5267 ment
933 5222 1099 5286 pour
1139 5203 1338 5282 icelle,
1382 5205 1511 5270 soit
1552 5209 1595 5268 6
1635 5204 1740 5268 116
1782 5203 1911 5269 6616
1942 5202 1983 5267 a
2015 5211 2206 5269 mort.
2272 5202 2447 5270 Mais
2481 5223 2644 5269 vous

708 5305 871 5352 avez
913 5309 1045 5353 une
1086 5308 1476 5356 6666616666
1529 5298 1597 5355 66
1638 5309 1764 5354 666
1806 5288 2212 5355 consolation
2257 5288 2646 5373 d’avantage

927 2131 1336 2215 grinoemens
1399 2129 1478 2195 de
1545 2127 1735 2194 dents
1806 2112 1945 2210 (Es.
1995 2132 2094 2206 66,
2143 2131 2242 2192 24.
2329 2128 2535 2193 Marc.
2584 2130 2643 2205 9,

891 2215 1134 2282 Matth.
1189 2219 1285 2289 13,
1329 2219 1444 2295 423
1491 2219 1592 2291 22,
1647 2218 1755 2293 133
1800 2217 1903 2290 24,
1949 2217 2065 2292 51;
2110 2217 2213 2290 25,
2257 2217 2389 2291 41).
2478 2212 2644 2277 Par-

707 5390 834 5452 que
874 5373 1165 5441 ceux-la:
1209 5395 1319 5442 car
1359 5376 1488 5443 soit
1530 5396 1656 5459 que
1691 5394 1851 5443 vous
1889 5374 2119 5457 viviez,
2164 5374 2291 5442 soit
2323 5396 2449 5460 666
2485 5396 2645 5443 vous
2687 5399 2694 5423 ⁴

2190 483 2715 554 EPISTOLAE
2764 490 3184 554 1680—1682

4539 494 4649 560 428

2740 676 3046 755 mouriez,
3084 697 3245 741 vous
3298 676 3482 741 vivez
3527 689 3594 741 et
3636 698 3896 743 mourez
3940 683 3983 742 6
4025 677 4218 754 Dieu,
4262 683 4330 741 et
4362 683 4522 743 estes
4561 700 4651 745 as-

2742 782 2966 826 666166
3010 760 3091 827 (16
3132 760 3199 825 16
3241 760 3541 842 11666116,
3596 763 3654 829 61
3711 784 3874 829 1666
3926 781 4309 845 perseveres
4362 783 4444 827 en
4498 775 4651 830 ceste

2741 848 2948 913 fiance
3006 857 3072 912 et
3128 866 3480 929 esperance
3533 869 3658 931 que
3700 869 3866 914 vous
3913 869 4070 914 avez
4114 869 4196 913 66
4250 847 4374 926 161,
4428 869 4652 915 comme

2741 932 2848 997 1’61
2891 952 3238 1015 666616666
3280 931 3439 1015 66’11
3481 954 3641 999 1666
3702 955 3787 999 66
3840 935 3981 999 fera
4021 932 4087 997 16
4128 953 4337 1017 31666.
4422 931 4536 999 8’11
4571 934 4653 999 161

2742 1017 2905 1100 61616
2947 1038 3072 1100 666
3115 1038 3280 1083 1666
3337 1019 3624 1084 mouriez
3642 1070 3658 1096 ,
3714 1028 3932 1085 vostre
3979 1026 4152 1084 mort
4209 1039 4357 1084 sera
4402 1040 4493 1083 un
4544 1029 4654 1085 666·

2743 1104 3092 1187 1116136636
3141 1110 3185 1168 6
3239 1102 3513 1186 1Ἐ31166
3579 1102 3659 1170 (16
3702 1104 3904 1183 Dieu,
3962 1103 4042 1169 de
4100 1104 4165 1168 16
4217 1111 4551 1171 constance
4599 1115 4657 1171 et

2744 1188 3013 1255 victoire
3077 1187 3158 1253 de
3220 1195 3444 1255 vostre
3506 1189 3595 1255 foi
3638 1198 3704 1254 et
3766 1190 3847 1255 de
3907 1198 4124 1255 vostre
4181 1209 4400 1255 coeur:
4463 1189 4659 1273 lequel

2745 1277 2975 1339 n'aura
3016 1274 3203 1356 point
3234 1281 3372 1339 este
3415 1275 3674 1355 161666,
3718 1276 4014 1342 combien
4047 1295 4172 1358 que
4204 1274 4266 1340 le
4300 1295 4485 1358 corps
4517 1297 4659 1341 aura

2746 1367 2884 1424 este
2926 1358 3101 1425 force
3154 1380 3276 1441 par
3330 1359 3396 1424 16
3448 1360 3741 1427 11616666
3797 1361 3878 1426 (16
3920 1381 4037 1427 166
4080 1360 4494 1438 adversaires,
4548 1361 4658 1428 166-

2744 1444 2926 1527 66616
2967 1444 3149 1509 6’666
3190 1445 3371 1527 66166
3414 1445 3494 1511 (16
3535 1447 3882 1530 puissance
3924 1468 4038 1512 sur
4080 1446 4141 1511 le
4183 1467 4399 1526 66661,
4440 1468 4520 1511 66
4558 1469 4659 1513 661

2745 1530 2811 1594 16
2856 1530 2963 1607 foi,
3006 1552 3091 1596 ne
3135 1552 3251 1596 sur
3291 1530 3682 1615 l’esperance
3727 1531 4000 1599 d’icelui.
4031 1536 4078 1610 ¹)
4122 1567 4653 1581 —————

2917 1701 3093 1767 'Pous
3149 1721 3317 1766 ceux
3375 1700 3455 1768 de
3504 1711 3724 1769 nostre
3778 1703 4029 1770 maison
4046 1754 4062 1780 ,
4118 1704 4316 1785 petits
4360 1715 4425 1767 et
4464 1723 4660 1787 grans,

2746 1794 2812 1851 et
2852 1794 3032 1852 toute
3073 1787 3347 1870 l'Eglise
3391 1786 3535 1853 d'ici
3572 1809 3737 1854 vous
3789 1788 4049 1853 saluent
4091 1788 4660 1866 affectueusemeut,

2747 1892 2904 1937 avec
2947 1872 3374 1939 affectueuses
3417 1873 3668 1957 6116166
3711 1894 3834 1957 666
3856 1871 4032 1938 Dieu
4067 1893 4229 1940 vous
4267 1874 4499 1939 assiste
4530 1895 4669 1954 con--

2745 1958 2951 2024 ferme
2994 1966 3061 2022 et
3093 1978 3404 2025 conserve
3447 1980 3567 2042 par
3609 1980 3684 2023 sa
3736 1979 3930 2043 31666
3988 1967 4057 2022 66
4112 1959 4270 2041 66’11
4324 1959 4663 2042 paracheve

2747 2041 3032 2109 l’oeuvre
3075 2043 3231 2126 qu'il
3268 2065 3307 2109 a
3349 2052 3718 2111 commence
3763 2066 3847 2109 66
3891 2065 4053 2109 1666
4096 2045 4360 2127 1666666
4401 2064 4484 2109 66
4537 2046 4664 2109 iour

2749 2127 2838 2192 du
2860 2127 3184 2213 86136661
3204 2128 3408 2209 Iesus,
3450 2129 3681 2213 auquel
3703 2129 3847 2196 seul
3868 2130 3997 2196 soit
4039 2130 4339 2195 honneur
4374 2139 4439 2195 et
4479 2129 4663 2213 gloire

2748 2218 2791 2277 6
2835 2222 2978 2280 6666
3019 2214 3265 2281 iamais.
3356 2218 3587 2281 Amen.
4074 2217 4081 2224 '

3518 2493 3917 2504 -—-—-——-——-=--——=

3622 2708 3808 2778 1681.

3294 2879 3696 2947 VIRETUS
3742 2877 4179 2947 OALVINO.

2930 3050 3189 3133 Quaerat·
3244 3051 3398 3133 quid
3447 3051 3724 3117 Tosscmo
3782 3052 4144 3132 respondeat
4196 3050 4311 3131 qui
4369 3048 4667 3113 ministros

2751 3136 2876 3204 sibi
2917 3136 3240 3202 mittendos
3280 3138 3521 3220 expetit,
3559 3137 3835 3202 maxime
3875 3156 4070 3218 quum
4100 3135 4320 3217 plures
4364 3154 4439 3199 ex
4479 3153 4552 3199 ea
4587 3132 4670 3198 di-

2752 3224 2912 3288 tione
2953 3221 3103 3288 olim
3143 3222 3395 3287 dimissi
3446 3221 3684 3303 fuerint
3737 3222 3993 3288 mim
4047 3221 4310 3306 indiyni,
4356 3239 4509 3303 quos
4547 3221 4675 3285 ante

2751 3309 2914 3374 alios
2956 3308 3235 3375 revocari
3276 3312 3589 3390 oporteret.

3024 3477 3140 3543 (Ex
3176 3478 3512 3549 autographo
3547 3478 3677 3534 Ood.
3713 3478 3916 3533 Genev.
3956 3476 4102 3544 111⁸,
4138 3477 4225 3531 1’61.
4264 3475 4418 3544 189.)

2923 3648 3186 3715 Eximio
3229 3649 3383 3716 Iesu
3425 3648 3676 3716 Christi
3729 3669 3917 3715 servo
3959 3649 4189 3714 Ioanni
4233 3647 4512 3715 Calvino
4552 3643 4671 3712 Ge-

2752 3735 3057 3802 nevensis
3097 3734 3403 3802 ecclesiae
3459 3736 3702 3818 pastori
3743 3736 3930 3800 fratri
4000 3741 4068 3801 et
4126 3741 4533 3819 symmystae
4571 3728 4673 3795 ob·

2753 3818 3075 3886 servando

4186 3904 4516 3971 Genevae.

2925 4037 2997 4107 8.
3066 4038 3223 4105 Vidi
3267 4039 3600 4125 exemplar
3642 4040 3983 4106 literarum
4009 4043 4059 4117 ¹)
4110 4040 4382 4107 Tossani
4423 4037 4505 4105 ad
4545 4056 4666 4110 nos,

2752 4135 2822 4190 at
2854 4126 3010 4209 quia
3044 4125 3359 4191 nuncium
3393 4146 3526 4191 non
3558 4124 3717 4204 vidi,
3753 4146 3874 4192 nec
3907 4125 4279 4210 intelligere
4314 4126 4499 4210 potui
4530 4120 4668 4207 quid

2752 4221 2825 4277 tu
2869 4232 2948 4277 ea
2990 4210 3072 4276 de
3114 4232 3186 4276 16
3229 4211 3533 4278 statueris
3574 4212 3643 4276 in
3688 4231 3817 4294 qua
3858 4217 4154 4278 nostrum
4198 4212 4464 4294 petebat
4502 4207 4669 4275 auxi-

2749 4297 2931 4377 lium,
2977 4296 3099 4363 hoc
3143 4296 3259 4363 abs
3300 4303 3367 4362 te
3408 4305 3558 4379 peto
3599 4302 3677 4361 ut
3717 4315 3840 4362 nos
3882 4295 3963 4362 de
4004 4318 4080 4362 eo
4114 4295 4316 4362 facias
4359 4296 4667 4368 certiores,

2749 4391 2826 4448 66
2866 4403 2942 4449 66
3036 4402 3332 4448 66666166
3374 4382 3431 4447 61
3473 4380 3626 4465 quid
3683 4381 3964 4465 amplius
4016 4380 4423 4448 desideratur
4473 4401 4512 4446 a
4564 4399 4669 4444 no·

2748 4468 2866 4533 bis.
3065 4467 3294 4534 bemus
3337 4467 3513 4532 enim
3556 4467 3664 4534 hic
3703 4468 3881 4534 viros
3923 4467 4124 4534 bonos
4144 4486 4308 4550 quos
4350 4488 4430 4534 66
4471 4467 4669 4531 mitte·

2748 4574 2986 4632 remus,
3031 4553 3088 4619 si
3131 4571 3540 4636 speraremus
3581 4552 3710 4619 illis
3752 4552 3967 4620 locum
4003 4553 4312 4619 futurum.
4386 4553 4520 4619 Fac
4558 4550 4668 4634 igi-

2748 4646 2861 4703 tur
2901 4643 2979 4703 ut
3019 4638 3232 4720 primo
3274 4658 3528 4722 quoque
3569 4647 3864 4723 tempore
3896 4658 4232 4722 quousque
4266 4655 4669 4724 progressum

2749 4724 2835 4788 sit
2886 4722 3349 4809 intelligamus.
3436 4724 3662 4791 Unum
3705 4733 3806 4791 est
3861 4731 4226 4807 praeterea,
4289 4723 4372 4792 de
4426 4743 4550 4807 666
4600 4727 4667 4784 ut

2756 4808 3108 4875 Tossamm
3150 4807 3650 4877 admoneremus
3691 4811 3895 4877 verba
3937 4809 4092 4877 fecit
4131 4808 4485 4878 Mum-dus.
4548 4804 4666 4873 Mi-

2747 4900 2935 4959 ratur
2976 4896 3153 4961 enim
3194 4915 3327 4961 non
3369 4896 3579 4981 repeti
3618 4916 3729 4962 666
3769 4896 3883 4979 661
3924 4916 4073 4962 6616
4110 4893 4275 4962 bono
4309 4893 4664 4962 testimonio

2748 5183 4665 5255 1680.1)S=dtunelon9uedismtatioumladie'reuoeonm

2745 5252 3325 5336 Ιαῠᾳριρφοᾱσᾶοῳ
3359 5250 4248 5335 αοεὶαόἀςιῖέοῳ,ωοιηάἀε
4530 5253 4665 5308 Vde-et

2745 5324 3915 5460 ffiegcmgeparmpmmms.
