4900 6167
722 365 856 436 419

715 574 861 625 *nus
915 554 1134 622 fuerit.
1228 551 1412 620 Dum
1466 552 1891 635 Hieronymus
1905 549 1965 635 ²)
2011 549 2231 616 ‘adhuc
2289 549 2397 615 hic
2455 553 2681 634 ageret

776 640 998 710 uidam
1040 640 1211 706 male
1255 639 1470 706 feriati
1514 639 1812 704 homines
1854 637 2364 719 improbissimos
2421 634 2504 700 de
2560 655 2681 699 no-

783 730 838 793 ‘s
881 746 1177 792 rumores
1221 724 1533 792 Genevae
1576 734 1642 788 et
1685 724 2083 788 Lausannae
2118 721 2533 804 dissiparunt,
2580 727 2680 784 at-

736 832 863 896 que
917 811 1355 878 absurditates
1377 813 1431 893 ⁸)
1486 831 1651 893 quae
1710 810 1771 873 ei
1829 807 2208 873 exciderant
2259 807 2332 870 in
2382 805 2679 890 nostrum

641 943 664 958 .
727 908 936 981 caput
974 898 1241 961 reiicere
1283 904 1669 979 coeperunt:
1716 893 1876 959 adeo
1923 900 1996 957 ut
2017 899 2425 977 symmystae
2469 891 2677 955 nostri

731 981 883 1047 istis
926 982 1191 1048 excitati
1235 980 1554 1047 decanum
1614 987 1680 1045 et
1722 982 1966 1044 iuratos
2008 978 2139 1044 huc
2182 977 2484 1042 miserint
2525 975 2678 1059 quid

736 1066 819 1132 de
876 1087 953 1131 ea
1005 1087 1078 1131 re
1149 1069 1541 1132 sentiremus
1608 1066 2061 1148 exquisituros.
2169 1062 2397 1144 Quum
2458 1073 2678 1126 autem

733 1151 1073 1217 nobiscum
1144 1151 1600 1228 contulissent,
1672 1149 2251 1233 deprehenderunt
2316 1148 2440 1231 ipsi
2514 1147 2679 1212 falsa

736 1257 881 1303 esse
923 1257 1087 1318 quae
1130 1237 1569 1314 iactabantur,
1628 1235 1940 1316 nobisque
1995 1254 2316 1299 summam
2361 1233 2676 1297 iniuriam

736 1322 1280 1388 calumniatorum
1323 1321 1727 1405 impudentia
1766 1320 2016 1384 illatam
2059 1318 2547 1384 intellexerunt.

909 1405 1267 1490 Supererat
1309 1417 1569 1472 tantum
1613 1406 1692 1470 de
1727 1406 2201 1488 reprobat-ionis
2243 1424 2438 1471 causa
2481 1423 2679 1486 quae-

735 1492 882 1570 etio,
927 1512 1123 1575 quam
1166 1491 1430 1575 quidem
1473 1513 1674 1575 quum
1712 1512 1846 1555 non
1880 1490 2136 1574 longius
2171 1511 2364 1572 quam
2409 1510 2495 1554 ex
2538 1489 2681 1570 ipsa

736 1586 1015 1642 naturae
1057 1579 1472 1661 corruptione
1514 1597 1973 1659 quaereremus
1989 1627 2005 1652 ‚
2065 1575 2236 1640 dicta
2279 1584 2381 1640 est
2424 1574 2561 1639 dies
2604 1581 2681 1637 ut

736 1662 1134 1728 Lausannae
1196 1663 1536 1746 scripturis
1593 1662 1901 1728 instructi
1971 1682 2110 1725 rem
2166 1662 2476 1743 utrinque
2535 1658 2680 1723 dili-

739 1749 1003 1833 gentius
1047 1755 1530 1813 excuteremus:
1590 1768 1756 1830 quae
1798 1768 1874 1812 eo
1914 1743 2181 1810 tandem
2225 1746 2539 1828 perducta
2582 1751 2682 1809 est

736 1841 814 1898 ut
857 1855 974 1897 nos
1018 1832 1099 1898 ab
1142 1832 1275 1898 illis
1319 1854 1466 1898 cum
1509 1833 1679 1898 bona
1721 1852 1879 1914 pace
1914 1829 2213 1896 dimissos
2249 1831 2676 1896 crederemus.

735 1917 888 1984 Non
952 1919 1044 1981 ita
1099 1918 1309 1983 multo
1368 1929 1517 2001 post
1573 1919 1642 1981 in
1707 1925 2030 1982 conventu
2088 1915 2366 1980 fratrum
2420 1927 2681 1998 praeter

739 2004 1296 2086 exspectationem
1323 2053 1336 2066 .
1363 2012 1655 2068 nostram
1728 2023 1988 2066 rursum
2050 2022 2127 2065 ea
2185 2022 2385 2067 causa
2439 2011 2682 2066 vexata

739 2099 857 2165 est,
904 2088 1216 2171 nobisque
1261 2098 1405 2153 tum
1442 2088 1690 2169 aliquot
1730 2087 2175 2170 pronunciata,
2222 2097 2300 2151 ut
2334 2089 2427 2152 eis
2463 2106 2681 2150 assen-

733 2175 1035 2252 tiremur,
1104 2175 1436 2257 proposita
1488 2183 1675 2238 sunt:
1741 2171 1855 2237 sed
1910 2192 2112 2254 quum
2167 2171 2433 2237 duriora
2489 2172 2678 2237 nobis

733 2257 1124 2324 viderentur
1158 2261 1287 2324 iam
1323 2268 1465 2324 tum
1505 2260 1889 2324 confirmare
1925 2258 2444 2323 detrectavimus.
2505 2258 2680 2322 Con-

733 2344 890 2428 tigit
946 2344 1179 2409 deinde
1232 2354 1305 2409 ut
1360 2344 1603 2425 scripto
1657 2343 1875 2426 aliquo
1929 2344 2324 2409 sententiam
2381 2351 2679 2407 nostram

730 2430 1254 2513 explanaremus,
1292 2431 1361 2494 in
1399 2448 1528 2512 qua
1560 2429 1714 2511 quia
1748 2428 2053 2493 nonnihil
2080 2450 2120 2494 a
2153 2428 2463 2494 fratribus
2483 2449 2677 2512 prop-

732 2525 836 2581 ter
858 2515 1321 2581 obscuritatem
1345 2512 1854 2590 desiderabatur,
1891 2535 2022 2580 non
2056 2516 2247 2580 inviti
2272 2515 2678 2598 expositione

732 2600 1007 2665 clariore
1050 2599 1342 2665 adhibita
1397 2598 1902 2677 illustravimus,
1962 2608 2037 2663 ut
2089 2601 2380 2666 omnium
2438 2600 2679 2665 animis

732 2685 1285 2760 satisfaceremus,
1329 2705 1716 2768 omnemque
1758 2685 1841 2749 de
1884 2695 2109 2750 nostra
2150 2685 2440 2752 doctrina
2482 2687 2676 2752 sinis-

729 2780 902 2835 tram
973 2771 1348 2852 opinionem
1421 2779 1803 2854 conceptam
1874 2770 2325 2838 adimeremus.
2423 2772 2674 2836 Eodem

732 2865 1065 2923 conventu
1108 2855 1360 2941 collega
1391 2877 1577 2921 meus
1612 2856 1921 2924 ecclesiae
1955 2857 2312 2923 Blasiensis
2347 2857 2674 2922 Neoeomo

728 2942 1067 3024 proximae
1111 2942 1411 3007 minister
1466 2942 1760 3008 omnium
1815 2945 2093 3009 fratrum
2138 2963 2460 3009 consensu
2505 2942 2674 3008 elec-

727 3039 838 3092 tus
883 3039 998 3105 est,
1019 3029 1079 3109 ⁴)
1122 3047 1316 3110 quem
1361 3049 1717 3111 nunquam,
1763 3030 2021 3112 opinor,
2067 3026 2149 3092 ad
2194 3035 2332 3092 tam
2373 3037 2673 3093 sanctum

728 3132 971 3177 munus
1014 3113 1150 3179 suis
1193 3113 1524 3198 suffragiis
1566 3121 2004 3199 cooptassent,
2062 3114 2188 3177 nisi
2232 3117 2406 3178 senis
2453 3112 2673 3195 probi-

729 3206 935 3263 tatem
990 3207 1057 3263 et
1124 3199 1442 3264 sinceram
1501 3199 1867 3266 doctrinam
1935 3207 2344 3281 perspectam
2411 3199 2675 3282 penitus

731 3281 1134 3349 habuissent.
1204 3285 1434 3350 Postea
1476 3306 1606 3350 non
1640 3286 1894 3350 minore
1936 3302 2092 3347 cura
2125 3291 2193 3347 et
2226 3283 2444 3349 studio
2478 3304 2672 3366 quam

729 3375 886 3434 ante
930 3370 1001 3432 in
1045 3369 1242 3435 officii
1287 3370 1418 3435 mei
1461 3370 2026 3435 administratione
2069 3369 2350 3450 perrexi,
2397 3369 2672 3452 dedique

728 3474 1024 3539 operam,
1071 3462 1213 3519 tum
1253 3453 1536 3537 publice,
1580 3463 1722 3519 tum
1766 3454 2073 3537 privatim
2091 3502 2108 3530 ,
2154 3473 2238 3518 ne
2282 3455 2430 3537 quis
2483 3474 2672 3539 prae-

727 3549 919 3606 textu
962 3540 1255 3623 quaesito
1299 3540 1702 3622 occasionem
1757 3537 2056 3622 litigandi
2110 3539 2446 3623 arriperet.
2537 3537 2671 3605 Sed

727 3637 949 3692 tamen
1037 3624 1449 3710 regrediente
1495 3634 1784 3707 tempore
1798 3675 1814 3702 ,
1874 3625 2092 3690 nescio
2148 3645 2278 3707 qua
2318 3626 2671 3703 occasione,

728 3721 922 3778 vetus
965 3648 1081 3777 illa
1124 3711 1206 3776 de
1247 3730 1446 3777 causa
1487 3711 1856 3776 reiectionis
1912 3711 2265 3792 impiorum
2319 3711 2671 3788 contentio,

729 3818 927 3880 quam
979 3798 1112 3862 iam
1173 3794 1419 3861 dudum
1490 3795 1813 3878 sepultam
1872 3795 2269 3874 arbitrabar,
2343 3803 2672 3877 postremo

728 3890 1064 3947 conventu
1083 3884 1139 3963 ὅ)
1200 3878 1537 3948 recruduit
1553 3932 1568 3960 ,
1631 3889 1824 3965 atque
1878 3881 2107 3947 multis
2149 3881 2326 3945 ultro
2381 3881 2673 3964 citroque

729 3966 974 4032 habitis
994 3966 1049 4052 ⁸)
1116 3976 1252 4034 tres
1320 3967 1475 4033 illae
1528 3966 2029 4053 propositiones,
2102 3967 2334 4049 quibus
2403 3975 2674 4050 propter

728 4053 1144 4135 asperitatem
1187 4072 1360 4119 anno
1400 4054 1731 4137 superiore
1773 4052 2076 4118 assentiri
2118 4072 2670 4132 recusaveramus,

729 4158 994 4202 rursum
1038 4138 1205 4202 mihi
1248 4139 1557 4204 obtrusae
1613 4149 1770 4205 sunt
1819 4145 1897 4204 ut
1957 4138 2388 4219 obsignarem.
2478 4137 2673 4219 Quod

723 4243 927 4304 ,quum
972 4225 1169 4289 certis
1213 4222 1294 4289 de
1344 4225 1560 4289 causis
1611 4243 1986 4308 respuerem
2004 4274 2018 4299 ,
2085 4231 2484 4287 caeterorum
2530 4246 2669 4290 om-

729 4308 911 4373 nium
955 4307 1132 4375 facili
1176 4316 1243 4373 et
1284 4318 1584 4392 prompta
1641 4308 2017 4374 assensione
2073 4314 2349 4374 testatae
2404 4322 2561 4375 sunt
2604 4320 2671 4376 et

727 4395 1161 4477 consignatae.
1237 4391 1430 4474 Quod
1477 4392 1737 4477 quidem
1776 4392 2146 4476 exemplum
2194 4414 2326 4458 non
2370 4395 2496 4461 alio
2537 4398 2670 4463 fine

732 4477 1085 4544 adversum
1117 4500 1223 4544 me
1267 4478 1370 4543 edi
1418 4499 1613 4561 qnam
1658 4488 1736 4544 ut
1779 4478 1941 4543 mihi
1984 4477 2286 4544 molestia
2327 4481 2666 4547 exhibere-

724 4575 838 4628 tur
876 4562 1064 4629 facile
1108 4563 1271 4628 mihi
1314 4564 1782 4649 persuasissem
1797 4615 1815 4644 ,
1871 4564 1998 4629 nisi
2057 4565 2332 4630 fratrum
2391 4568 2667 4652 integri-

929 4851 988 4916 2)
1028 4851 1141 4906 Per
1175 4852 1396 4923 α’·’ςιυοά
1430 4859 1640 4923 tempu
1674 4852 1933 4911 Βοιωαω
1972 4852 2189 4910 om
2220 4856 2415 4925 pum,
2456 4857 2672 4913 vavae.-

719 4927 1198 5058 mmogwm
1228 4927 1347 5043 gutia
1381 5005 1538 5071 auam
1569 5005 1798 5046 magam
1833 5006 1871 5046 a
1902 4990 2230 5048 Bm
2263 5007 2537 5062 „parma

927 5058 990 5192 g}
1026 5057 1115 5183 ᾖ*
1142 5058 1635 5182 &wem-cf·
1672 5058 1751 5115 Ν.
1786 5058 1941 5116 lesa.

904 5193 987 5274 ²6)
1018 5197 1127 5250 oie.-
1161 5196 1383 5278 wpplc:
1412 5197 1766 5279 sermonibus,
1820 5196 1913 5253 Β,
1942 5198 2119 5255 m
2141 5199 2252 5255 au,
2275 5200 2667 5269 mm

711 5260 822 5316 ω
855 5263 980 5317 ”⁸⁶⁶
1012 5264 1233 5320 Ham„
1263 5279 1344 5333 ‘P-
1372 5279 1625 5333 promo
1655 5271 1970 5335 naum.

2241 358 2766 428 EPISTOLAE
2814 363 3235 428 1677—1678

4572 370 4683 434 420

2781 554 2883 699 {as
2919 555 2986 614 et
3018 568 3342 634 propensa
3377 568 3532 632 erga
3568 570 3675 614 me
3707 548 4165 616 benevolentia
4195 552 4684 634 perspectissima

2808 636 3023 699 uisset.

2952 719 3148 786 Nunc
3191 728 3433 798 autem,
3479 720 3654 804 quod
3687 741 3796 786 me
3831 720 3913 786 ad
3948 741 4173 804 pacem
4209 732 4276 786 et
4308 724 4687 791 concordiam

2783 805 2987 869 amice
3031 813 3096 870 ct
3140 806 3456 871 benevole
3489 807 3735 871 hortari
3781 806 4160 891 dignamini,
4204 817 4341 872 tam
4374 809 4441 872 in
4476 809 4688 875 bonam

2782 899 3031 973 partem
3078 891 3342 975 accipio,
3388 911 3584 975 quam
3628 891 3799 974 quod
3834 894 4136 971 maxime,
4183 913 4424 976 proque
4457 915 4688 959 summo

2785 985 3003 1041 vestro
3044 977 3172 1041 isto
3217 997 3374 1061 erga
3415 998 3521 1042 me
3562 977 3873 1043 beneficio
3925 978 4325 1043 immortales
4368 999 4487 1062 ago
4524 981 4689 1045 vobis

2784 1061 3045 1144 gratias.
3136 1063 3279 1147 Ego
3338 1062 3603 1146 quidem
3658 1071 3832 1128 certe
3875 1063 4231 1146 quamlibet
4289 1064 4512 1129 duram
4553 1085 4688 1131 con-

2783 1146 3095 1212 ditionem
3140 1150 3428 1231 accipere
3469 1147 3753 1226 mallem,
3798 1169 3989 1230 quam
4036 1148 4140 1214 vel
4177 1150 4513 1214 minimum
4546 1151 4689 1214 vitio

2780 1253 2927 1296 meo
2981 1232 3255 1298 laedere.
3340 1233 3567 1316 Itaque
3623 1242 3762 1298 tum
3814 1234 3886 1298 in
3941 1235 4386 1314 concionibus,
4445 1245 4577 1300 tum
4628 1236 4688 1300 iu

2782 1316 3113 1399 colloquiis
3133 1369 3147 1394 ,
3192 1331 3330 1383 tum
3375 1317 3558 1394 alibi,
3603 1318 3857 1401 sepulta
3908 1320 4305 1402 quaestionis
4362 1322 4687 1397 mentione,

2780 1402 2878 1466 ita
2918 1424 3024 1467 me
3067 1402 3290 1468 divina
3324 1405 3537 1488 gratia
3571 1405 3738 1487 gessi
3772 1413 3850 1469 ut
3882 1425 4012 1487 qua
4044 1406 4116 1468 in
4152 1425 4225 1469 re
4261 1428 4301 1470 a
4334 1408 4689 1490 symmystis

2783 1487 3197 1553 dissentirem
3238 1511 3429 1554 nemo
3472 1491 3606 1555 fere
3641 1511 3721 1554 ex
3758 1498 3860 1554 tot
3900 1489 4271 1556 hominibus
4306 1491 4417 1574 qui
4452 1503 4689 1556 nostrae

2783 1592 2978 1637 curae
3043 1583 3199 1639 sunt
3236 1573 3562 1641 commissi
3613 1575 3720 1640 vel
3780 1577 4250 1658 persentiscere
4304 1598 4384 1641 ex
4433 1597 4535 1641 me
4579 1598 4687 1641 un-

2781 1679 2975 1742 quam
3018 1660 3333 1742 potuerit,
3393 1660 3504 1726 sed
3551 1681 3680 1743 qua
3723 1670 3917 1725 antea
3959 1662 4190 1727 solitus
4244 1683 4424 1728 eram
4467 1662 4689 1743 simpli·

2781 1745 2975 1810 citate
3017 1743 3290 1810 verbum
3337 1744 3463 1810 Dei
3510 1747 3923 1822 annunciavi,
3971 1747 4204 1812 docens
4248 1747 4523 1813 salutem
4562 1769 4689 1811 nos·

2781 1840 2950 1895 tram
2999 1852 3081 1895 ex
3124 1830 3258 1896 solo
3301 1831 3477 1909 Deo,
3520 1831 3796 1895 exitium
3839 1853 3996 1896 vero
4040 1834 4388 1916 impiorum
4430 1854 4510 1897 ex
4550 1832 4689 1916 ipsis

2780 1915 3058 1999 prodire,
3102 1925 3296 1999 atque
3340 1937 3380 1980 a
3420 1916 3676 1981 iudiciis
3709 1918 3978 1982 Domini
4023 1917 4102 1982 ad
4148 1918 4486 1982 hominum
4526 1919 4690 2002 flagi-

2781 2002 2875 2066 tia
2917 2001 3197 2066 libenter
3233 2010 3695 2086 argumentum
3733 2001 3913 2079 duxi,
3958 2005 4012 2068 si
4046 2002 4238 2067 modo
4276 2025 4382 2069 res
4425 2003 4690 2069 subiecta

2866 2086 3111 2152 stulare
3151 2086 3492 2153 videretur
3533 2097 3608 2152 ut
3649 2087 4057 2153 ostenderem
4102 2109 4294 2170 quam
4341 2109 4467 2153 non
4512 2090 4691 2154 simu-

2808 2182 2913 2238 ate
2952 2174 3137 2237 Deus
3181 2185 3448 2255 peccato
3491 2174 3843 2250 irascatur,
3902 2182 3968 2237 et
4022 2194 4214 2256 quam
4267 2174 4441 2238 iuste
4482 2174 4690 2257 impios

2780 2258 3037 2334 iudicet,
3082 2278 3167 2322 ne
3201 2260 3296 2324 eis
3331 2259 3438 2323 vel
3475 2260 3714 2343 exigua
3749 2260 3850 2323 sui
3885 2260 4066 2323 exitii
4102 2279 4364 2326 causam
4406 2261 4474 2323 in
4497 2260 4691 2324 Deum

2781 2344 3152 2421 reiiciendi,
3213 2352 3330 2409 aut
3373 2345 3741 2410 securitatis
3785 2359 3850 2409 et
3894 2344 4192 2428 ignaviae
4235 2347 4482 2410 occasio
4531 2365 4695 2428 prae·

2782 2427 3076 2494 beretur:
3135 2449 3330 2512 quam
3403 2440 3624 2496 tamen
3698 2430 3936 2513 alioqui
3997 2430 4187 2495 facile
4243 2431 4598 2512 arriperent
4644 2430 4695 2493 si

2779 2515 3182 2580 voluntatem
3226 2516 3354 2580 Dei
3411 2536 3673 2582 causam
3718 2517 4043 2594 omnium,
4104 2518 4243 2580 sine
4299 2516 4438 2581 ullo
4493 2513 4693 2580 disci-i-

2780 2601 2975 2677 mine,
3022 2601 3411 2666 effectricem
3457 2623 3628 2679 esse,
3687 2599 3798 2665 vel
3839 2602 4056 2666 Deum
4121 2601 4371 2684 aliquot
4424 2602 4692 2666 homines

2779 2683 2862 2748 ad
2903 2687 3241 2751 interitum
3287 2685 3610 2751 destinato
3650 2708 3931 2765 creasse,
3987 2697 4101 2751 aut
4141 2688 4197 2751 si
4240 2686 4691 2753 incredulitatis

2778 2781 2844 2836 et
2887 2771 3270 2853 perditionis
3307 2773 3656 2855 impiorum
3715 2792 4035 2837 summam
4079 2793 4346 2838 causam
4405 2794 4539 2839 esse
4588 2792 4691 2835 nu-

2779 2856 2935 2921 dum
2981 2857 3109 2922 Dei
3152 2857 3466 2940 placitum
3510 2859 3654 2939 quis
3695 2867 3943 2923 temere
3986 2858 4324 2939 proferret.

2912 2943 3038 3012 ,Et
3081 2963 3242 3008 sane
3285 2951 3584 3006 nostrum
3627 2942 3912 3008 officium
3959 2950 4059 3008 est
4092 2945 4452 3027 perspicuis
4493 2963 4689 3009 sacrae

2776 3029 3137 3112 scripturae
3181 3027 3571 3093 testimoniis
3606 3028 4032 3094 conscientias
4066 3028 4438 3095 aedificare:
4484 3047 4688 3094 cavere

2777 3120 2995 3179 autem
3040 3122 3108 3177 et
3149 3113 3328 3177 omni
3373 3133 3530 3178 cura
3572 3113 3914 3197 providere
3978 3134 4061 3179 ne
4106 3114 4454 3180 subtilibus
4496 3125 4557 3179 et
4593 3112 4689 3177 ob·

2775 3200 2982 3264 scuris
3025 3199 3472 3281 pronunciatis
3494 3200 3680 3265 varie
3712 3207 4157 3283 torqueantur,
4204 3211 4402 3283 atque
4444 3199 4594 3266 adeo
4630 3201 4689 3262 in

2774 3283 3292 3367 desperationem
3331 3284 3775 3350 coniiciantur.
3862 3283 4052 3366 Quod
4097 3285 4365 3369 quidem
4408 3307 4525 3362 me,
4566 3283 4689 3349 Deo

2774 3371 3085 3452 propitio,
3144 3371 3354 3453 magis
3397 3389 3473 3434 ac
3514 3372 3725 3454 magis
3767 3370 4041 3453 posthac
4082 3372 4411 3437 facturum
4455 3371 4686 3454 recipio,

2775 3466 2970 3537 atque
3012 3464 3196 3521 tanto
3240 3455 3458 3521 studio
3550 3458 3649 3522 aci
3706 3466 3773 3520 et
3815 3456 4197 3523 concordiae
4241 3458 4685 3530 consulturum,

2774 3548 2851 3604 ut
2893 3562 3082 3606 nemo
3127 3562 3208 3605 ex
3265 3561 3411 3605 meo
3537 3542 3684 3623 'quo
3738 3540 3909 3606 facto
3967 3553 4081 3607 aut
4134 3541 4306 3609 dicto
4368 3543 4561 3609 ullam
4613 3542 4684 3604 sit

2775 3626 3194 3691 offensionem
3236 3636 3645 3709 excepturus.
3732 3626 3883 3693 Hoc
3935 3648 4089 3712 ergo
4142 3639 4407 3694 tantum
4450 3650 4488 3694 a
4528 3646 4683 3713 sym·

2772 3713 3003 3796 mystis
3037 3713 3201 3777 meis
3235 3723 3403 3795 peto,
3447 3723 3538 3791 ut,
3585 3711 4131 3795 quemadmodum
4166 3714 4348 3798 pacis
4382 3725 4533 3781 sunt
4562 3725 4681 3777 stu·

2773 3795 3123 3862 diosissimi
3167 3807 3233 3862 et
3274 3796 3739 3864 aedificationis
3775 3798 4084 3864 ecelesiae
4119 3799 4562 3877 amantissimi,
4601 3798 4682 3861 ita

2772 3902 2896 3961 me,
2943 3882 3272 3948 hominem
3315 3882 3587 3948 minime
3630 3883 3986 3967 litigiosum
4030 3895 4099 3950 et
4140 3886 4387 3952 finibus
4429 3885 4681 3967 scriptu·

2772 3987 2883 4033 rae
2925 3990 3057 4033 non
3103 3989 3468 4053 egressum,
3526 3989 3701 4052 nequ
3786 3990 3938 4033 uam
3982 3979 4293 4055 urgeant,
4352 3993 4470 4037 nec
4510 3969 4680 4034 altius

2770 4073 2960 4136 quam
3006 4053 3439 4120 conscientiae
3481 3988 3919 4137 tranquillitas
3974 4075 4148 4123 nunc
4202 4058 4375 4122 ferat
4414 4056 4679 4138 abripere

2772 4148 3043 4204 tentent.
3136 4138 3327 4220 Quod
3371 4148 3590 4204 autem
3634 4140 3704 4204 in
3748 4147 4043 4205 extrema
4095 4153 4316 4208 vestra
4359 4141 4615 4226 epistola
4632 4141 4677 4212 ⁷)

2770 4245 2876 4289 me
2917 4237 3336 4309 peramanter
3373 4223 3767 4303 admonetis,
3812 4246 3897 4290 ne
3938 4226 4680 4294 malevolentissimorum

2770 4310 3110 4375 hominum
3153 4310 3371 4376 studia
3422 4330 3695 4376 assensu
3751 4331 3896 4376 meo
3949 4314 4329 4378 confirmem
4388 4322 4498 4379 aut
4547 4327 4678 4375 exa·

2770 4416 2959 4461 cuam
3004 4406 3076 4460 ut
3116 4416 3450 4479 nunquam
3506 4416 3641 4461 non
3686 4395 3905 4461 studui
3948 4396 4105 4461 talia
4144 4399 4416 4482 ingenia
4465 4418 4504 4462 a
4549 4415 4678 4461 con-

2771 4482 3175 4547 tentionibus
3218 4489 3285 4547 et
3327 4481 3535 4547 turbis
3571 4479 3906 4547 dehortari
3940 4490 4008 4547 et
4042 4485 4448 4567 gravissimis
4486 4479 4678 4549 verbis

2772 4565 3253 4649 reprehendere
3268 4618 3283 4645 ,
3354 4567 3450 4631 ita
3502 4588 3755 4651 qnoque
3809 4567 3940 4631 Dei
3995 4568 4305 4636 beneficio
4358 4589 4464 4634 me
4510 4583 4676 4651 spero

2771 4653 2948 4718 idem
3002 4654 3201 4718 etiam
3260 4660 3453 4735 atque
3519 4654 3719 4718 etiam
3788 4651 4135 4737 diligenter
4199 4663 4673 4737 praestaturum.

2771 4749 3190 4820 vestramque
3224 4736 3606 4802 benevolam
3643 4748 3713 4803 et
3745 4737 4164 4804 christianam
4199 4740 4675 4806 admonitionem

2770 4824 2934 4889 bene
2977 4824 3455 4889 collocaturum.
3528 4822 3781 4901 Valete,
3825 4823 4060 4891 fratres
4101 4826 4437 4903 carissimi,
4478 4833 4541 4891 et
4577 4838 4673 4905 pa*

2971 5128 3032 5195 ’1)
3064 5130 3226 5212 Haec
3236 5130 3425 5186 verba.-
3459 5132 3517 5184 in
3532 5137 3784 5212 'extrema
3801 5133 3986 5182 vestra
4006 5129 4249 5199 epistola,
4282 5130 4345 5186 in
4365 5124 4676 5250 ΜΨ

2767 5198 3822 5323 Μιξοηιὶποοωωωωητ.
3899 5197 4673 5268 Gaetu-antummum
