4900 6167
699 439 823 503 395

698 621 1186 694 commendasti.
1275 620 1414 687 Nos
1456 619 1686 687 invisit
1740 640 1890 686 cum
1934 619 2177 699 scriba,
2237 625 2301 684 et
2355 640 2511 684 mox
2557 617 2654 683 di-

701 709 891 778 cebat
932 729 1001 774 00
1043 708 1118 771 10
1158 728 1405 792 pagum
1448 707 1801 772 abiturum.
1892 704 2079 770 Nihil
2122 705 2479 771 habuimus
2522 704 2654 772 col-

698 795 934 880 loquii:
974 801 1232 858 tantum
1269 792 1574 858 salutatio
1608 793 1786 856 inter
1820 812 1937 857 nos
1972 791 2357 857 intercessit.
2423 790 2654 856 Prius-

697 901 896 967 quam
921 886 1069 946 tuas
1105 879 1428 964 aperirem
1453 878 1633 958 abiit,
1670 885 1935 943 tantum
1970 876 2235 956 addens,
2281 877 2340 942 si
2374 875 2532 960 quid
2573 875 2656 941 ad

697 974 771 1033 te
812 964 1054 1034 vellem
1097 964 1380 1032 scribere
1432 964 1658 1030 literas
1717 983 2038 1047 pararem.
2128 961 2263 1029 Sed
2307 962 2453 1046 quis
2509 983 2656 1047 pos-

698 1060 804 1121 set
841 1052 1053 1118 literis
1107 1049 1419 1116 mandare
1475 1070 1643 1134 quae
1698 1070 1871 1115 nunc
1933 1055 2264 1133 oporteret
2320 1048 2400 1113 (10
2457 1050 2657 1114 vasti-

698 1146 860 1218 tate,
903 1158 1032 1221 qua
1074 1135 1451 1202 desolantur
1484 1135 1795 1218 pleraque
1837 1134 1994 1214 loca,
2041 1134 2122 1200 de
2161 1134 2663 1200 immanissimis

699 1225 859 1291 feris
914 1245 1077 1307 quas
1131 1221 1433 1287 immittit
1473 1222 1656 1287 Deus
1699 1221 1781 1286 ob
1823 1227 2089 1303 peccata
2131 1228 2371 1299 nostra,
2418 1219 2656 1303 quibus

698 1309 872 1378 nihil
936 1330 1067 1375 non
1132 1329 1401 1392 prorsus
1468 1305 1872 1373 destruitur?
1984 1308 2259 1373 Turcica
2326 1306 2659 1371 barbaries

697 1395 938 1463 merito
980 1395 1137 1460 olim
1169 1400 1317 1460 erat
1364 1394 1642 1474 horrori,
1686 1391 1800 1459 sed
1845 1390 2001 1476 quid
2056 1393 2130 1457 in
2173 1413 2251 1457 ea
2284 1393 2660 1477 mitigatum

699 1480 852 1548 est?
924 1481 1104 1546 Num
1149 1478 1306 1564 quid
1348 1480 1482 1545 iam
1524 1501 1641 1563 pro
1684 1479 1930 1543 foribus
1962 1479 2284 1544 sentimus
2327 1489 2394 1544 et
2418 1477 2659 1543 nostris

698 1568 837 1636 iam
900 1567 1203 1632 imminet
1264 1565 1629 1649 capitibus?
1738 1564 2258 1631 Olementissimi
2312 1564 2657 1647 principes,

701 1661 849 1719 tum
915 1652 1257 1720 christiani
1317 1661 1460 1717 tum
1528 1651 1827 1718 catholici
1893 1649 2083 1716 titulo
2147 1657 2338 1716 tenus
2358 1701 2372 1729 ,
2441 1670 2661 1715 nonne

700 1738 942 1806 Turcis
1010 1745 1168 1804 sunt
1231 1736 1645 1804 infestiores?
1764 1736 2034 1801 Nescias
2110 1755 2150 1799 a
2213 1737 2444 1817 quibus
2509 1735 2659 1819 plus

700 1824 995 1911 perferat
1048 1824 1359 1908 populus,
1428 1825 1508 1890 ab
1565 1822 1894 1903 hostibus,
1952 1842 2035 1886 an
2097 1821 2178 1887 ab
2221 1820 2352 1886 illis
2396 1821 2511 1905 qui
2556 1828 2660 1885 tu-

700 1913 834 1977 tari
876 1912 1146 1977 miseros
1189 1910 1442 1977 debent.
1530 1910 1623 1974 Et
1676 1909 1784 1973 hic
1827 1908 2030 1973 altum
2078 1906 2426 1973 dormitur:
2475 1927 2659 1972 secu-

701 1997 867 2063 ritas
902 2005 1001 2063 est
1019 1995 1266 2062 mundo
1288 2017 1364 2063 ac
1388 1996 1443 2061 si
1479 2016 1803 2077 nusquam
1824 2001 1996 2060 esset
2030 1992 2275 2077 aliquid
2299 1993 2571 2077 periculi
2594 2000 2663 2058 et

704 2103 901 2166 quam
955 2084 1375 2166 pacatissima
1432 2090 1651 2147 essent
1700 2081 1937 2159 omnia,
1996 2081 2365 2163 optimeque
2422 2100 2660 2145 conve-

700 2168 878 2234 niret
921 2179 986 2233 et
1023 2189 1177 2234 cum
1227 2168 1371 2234 Deo
1415 2174 1483 2232 et
1538 2166 1860 2231 omnibus.
1944 2163 2078 2231 Sed
2131 2165 2257 2232 1100
2301 2186 2483 2230 mare
2527 2186 2660 2231 om-

700 2254 889 2320 nium
933 2253 1258 2319 malorum
1300 2254 1466 2318 faxit
1510 2251 1822 2319 Christus
1866 2273 1949 2316 ne
1994 2272 2113 2317 nos
2157 2253 2516 2319 absorbeat.

874 2339 1104 2405 Unum
1159 2346 1261 2404 est
1313 2339 1486 2422 quod
1546 2338 1663 2404 abs
1723 2345 1793 2403 te
1851 2347 1919 2403 et
1959 2337 2212 2421 collega
2252 2345 2490 2421 petunt
2532 2338 2659 2403 fra-

703 2432 871 2505 tres,
896 2429 949 2502 ³)
1014 2445 1216 2506 quum
1275 2445 1406 2489 non
1452 2425 1642 2507 pauci
1688 2431 1911 2489 essent
1958 2424 2071 2506 qui
2117 2424 2408 2505 graviter
2450 2422 2656 2490 00010-

700 2512 869 2577 siam
915 2509 1052 2576 suis
1101 2511 1188 2574 fla
1235 2510 1366 2573 itiis
1403 2509 1833 2584 offenderent,
1880 2517 1949 2574 et
1994 2510 2189 2593 primi
2237 2508 2320 2575 ad
2354 2530 2656 2575 mensam

698 2597 976 2664 Domini
1020 2617 1171 2662 acce
1218 2604 1431 2672 erent,
1488 2594 1665 2662 unde
1709 2616 1935 2660 omnes
1978 2616 2188 2679 paene
2232 2595 2655 2662 offendeban-

699 2692 848 2761 tur,
915 2701 1123 2765 quum
1179 2682 1501 2749 rescirent
1554 2691 1824 2765 peccata
1880 2682 2113 2766 gravia
2155 2689 2225 2747 et
2268 2681 2435 2747 nihil
2479 2703 2654 2748 eom-

700 2767 873 2853 perti
917 2767 1238 2832 haberent
1280 2766 1362 2834 de
1405 2767 1869 2851 resipiscentia.
1960 2767 2132 2833 Nam
2191 2766 2367 2851 quod
2417 2769 2658 2833 attinet

700 2851 787 2919 ad
838 2854 1329 2939 magistratum,
1404 2862 1652 2919 norunt
1707 2875 1934 2919 omnes
1989 2862 2310 2938 qnantum
2364 2853 2657 2937 negligat

698 2939 1007 3018 officium,
1053 2939 1165 3005 ubi
1208 2940 1428 3025 agitur
1472 2939 1553 3005 de
1596 2939 1806 3024 gloria
1847 2939 1974 3005 Dei
2035 2951 2104 3005 et
2147 2939 2359 3006 salute
2402 2939 2655 3004 anima-

695 3047 868 3106 rum,
914 3034 981 3091 et
1012 3026 1169 3091 licet
1203 3027 1425 3092 omnia
1463 3033 1691 3111 ageret
1724 3034 1801 3091 ut
1834 3034 2121 3109 potestas
2158 3046 2197 3089 a
2230 3026 2394 3102 Deo,
2431 3035 2654 3090 tamen

698 3111 975 3178 00010010
1031 3110 1204 3195 quod
1269 3134 1463 3178 suum
1528 3123 1629 3179 est
1693 3113 1764 3177 10
1820 3112 2105 3177 Domino
2156 3130 2389 3177 curare
2441 3107 2650 3176 debet.

696 3196 924 3279 Quare
967 3197 1084 3276 illi,
1131 3198 1243 3281 qui
1285 3207 1641 3282 potuerunt
1675 3198 2035 3282 impetrare
2072 3202 2150 3262 ut
2183 3195 2505 3262 haberent
2551 3217 2654 3262 se-

694 3285 919 3349 niores
975 3283 1089 3366 qui
1135 3304 1217 3348 ex
1273 3284 1459 3367 plebe
1504 3284 1694 3351 electi
1737 3285 2032 3360 fuerunt,
2090 3302 2243 3348 cum
2283 3281 2651 3349 senioribus

696 3367 1113 3435 consulentes
1155 3390 1237 3433 ex
1282 3370 1544 3435 illorum
1580 3369 1872 3446 00001110,
1917 3390 2049 3433 000
2084 3368 2264 3451 prius
2301 3366 2654 3433 admittant

696 3451 1021 3521 eiusmodi
1062 3454 1257 3538 plane
1299 3455 1655 3537 flagitiosos
1698 3452 2001 3519 omnibus
2042 3460 2251 3532 notos,
2295 3452 2426 3518 nisi
2469 3455 2653 3538 prius

693 3541 767 3608 in
811 3549 999 3609 coetu
1041 3537 1262 3623 palam
1305 3547 1647 3622 poscerent
1690 3539 1953 3605 veniam
1996 3559 2037 3604 a
2079 3538 2386 3618 Domino,
2430 3550 2499 3605 et
2538 3562 2654 3624 pe-

693 3635 915 3693 terent
957 3624 1267 3692 ecclesiae
1357 3645 1537 3691 reces
1594 3622 1678 3689 ad
1725 3623 2087 3690 Dominum
2104 3676 2122 3704 ,
2180 3636 2248 3690 et
2291 3625 2654 3691 condonari

695 3713 822 3778 sibi
876 3709 1190 3794 quidquid
1406 3710 1419 3724 ‘
1459 3710 1670 3777 issent
1735 3710 1805 3775 in
1868 3710 2226 3778 ecclesiam.
2338 3711 2486 3778 Hoc
2543 3712 2654 3778 ubi

696 3795 1083 3863 observatur
1125 3818 1279 3863 cum
1321 3796 1543 3862 fructu
1585 3802 1651 3861 et
1694 3795 2141 3863 aedificatione
2184 3800 2277 3876 fit,
2323 3819 2653 3882 quumque

692 3883 753 3947 is
795 3882 908 3965 qui
952 3881 1232 3948 alterum
1287 3882 1480 3950 laesit
1537 3883 1771 3950 merito
1826 3882 1889 3948 01
1943 3882 2180 3950 debeat
2237 3885 2652 3968 agnoscendo

694 3966 803 4034 cul
1000 3967 1355 4048 conciliari,
1397 3969 1609 4036 multo
1644 3969 1856 4054 magis
1898 3970 2009 4053 qui
2053 3970 2173 4035 toti
2207 3970 2334 4034 fuit
2374 3971 2654 4038 iniurius

830 4054 1020 4120 esiae.
1126 4052 1476 4137 Quumque
1545 4076 1679 4120 non
1743 4057 1936 4139 pauci
2004 4055 2142 4122 sint
2194 4056 2429 4139 quibus
2483 4055 2654 4122 nihil

689 4137 1008 4222 probatur
1051 4139 1179 4204 0101
1233 4140 1302 4205 1(1
1346 4142 1534 4207 cuius
1591 4141 1801 4209 videri
1861 4141 2096 4209 volunt
2139 4148 2403 4209 autores
2416 4192 2434 4221 ,
2496 4142 2652 4209 sub-

691 4234 1066 4292 sannarunt
1106 4224 1280 4292 hanc
1322 4233 1617 4294 sanctam
1659 4228 2142 4294 institutionem
2186 4236 2254 4294 et
2296 4227 2507 4313 plebis
2549 4250 2652 4295 se-

694 4309 1067 4378 ductionem
1113 4319 1459 4391 vocarunt,
1515 4313 1622 4380 cui
1676 4334 2065 4398 persuasum
2108 4314 2197 4380 sit
2238 4313 2305 4378 id
2364 4333 2508 4380 0000
2564 4335 2651 4380 ex

692 4396 893 4464 verbo
936 4398 1065 4464 Dei
1107 4406 1175 4464 et
1216 4398 1573 4465 secundum
1620 4397 1840 4466 Deum
1857 4452 1873 4480 ,
1928 4421 2132 4485 quum
2173 4411 2486 4466 neutrum
2542 4401 2647 4466 sit.

692 4480 983 4550 Sanctus
1023 4482 1132 4550 hic
1174 4483 1415 4568 agendi
1454 4484 1690 4551 modus
1733 4486 1874 4552 tolli
1915 4506 2051 4551 non
2093 4494 2336 4570 potest,
2391 4493 2470 4553 ut
2511 4507 2650 4552 me-

690 4569 822 4634 rito
854 4588 989 4634 000
1025 4567 1236 4648 debet,
1272 4571 1415 4636 sine
1449 4591 1694 4655 magna
1727 4572 1977 4640 iactura
2008 4571 2321 4639 ecclesiae
2354 4581 2422 4637 et
2456 4571 2652 4637 ruina

643 4729 651 4738 ,
690 4653 887 4740 gravi
952 4652 1301 4720 ministerii
1352 4656 1651 4723 fratrum.
1754 4656 1978 4739 Quare
2041 4677 2161 4741 pro
2219 4667 2334 4723 tua
2401 4658 2651 4740 pietate

693 4738 1001 4807 consules
1044 4738 1335 4808 ecclesiis
1390 4741 1456 4808 et
1510 4742 1640 4829 piis
1692 4743 2084 4827 pastoribus.
2175 4741 2358 4825 Quid
2412 4743 2651 4809 fratres

695 4824 1124 4894 Genevenses
1165 4828 1495 4894 senserint
1537 4828 1621 4895 ad
1664 4834 1731 4895 te
1773 4829 2116 4908 mittimus,
2137 4833 2193 4906 ⁸)
2239 4836 2314 4895 ut
2347 4850 2497 4896 cum
2539 4836 2652 4896 tuo

695 4922 764 4976 et
817 4921 1089 4978 tuorum
1146 4910 1384 4979 iudicio
1440 4913 1523 4979 ad
1583 4935 1702 4981 nos
1744 4916 2057 4980 remittas.
2147 4913 2213 4979 N
2212 4935 2296 4980 on
2352 4915 2649 5000 graveris

897 5217 960 5274 51
997 5219 1153 5276 Haec
1184 5219 1253 5275 de
1285 5213 1583 5292 disciplina
1615 5224 1698 5278 vel
1740 5237 1780 5277 a
1816 5221 2088 5280 mamm
2121 5223 2298 5281 Bidis
2329 5222 2649 5281 introducta

692 5284 780 5339 001
810 5300 848 5410 (ι
882 5286 1344 5421 Ig'irolevomlegfi'bm
1374 5289 1792 5350 intrem.

2210 429 2739 498 EPISTOLAE
2789 434 3209 498 1664—1667

4556 437 4660 501 396

2760 619 2829 684 id
2871 618 3060 686 nobis
3147 641 3222 686 ro
3265 620 3477 708 gloria
3508 621 3641 687 Dei
3681 619 4078 706 impendere.
4144 621 4313 687 Vale
4345 621 4502 688 bene
4539 643 4664 692 cum

2760 706 2889 790 piis
2933 707 3114 771 omni
3158 728 3254 773 us.
3346 707 3659 775 Neocomi
3709 712 3805 773 18.
3853 706 4176 774 Octobris.

3770 846 3955 911 Tuus
3998 852 4175 910 totus
4216 842 4523 911 Farellus.

3638 1372 3828 1443 1665.

3276 1528 3681 1596 VIRE'I'US
3723 1529 4185 1595 FARELLO.

2941 1700 3169 1765 Itineri
3208 1699 3554 1766 Genevensi
3575 1720 3701 1781 pro
3732 1704 3995 1784 tempore
4027 1703 4427 1784 supersedere
4455 1704 4677 1782 mavult,

2763 1787 2914 1851 dum
2956 1792 3211 1853 vocetur.
3302 1786 3408 1850 Ibi
3450 1786 3616 1851 enim
3658 1806 3777 1851 non
3832 1789 4041 1853 omm'a
4097 1809 4262 1855 sana
4303 1794 4358 1853 et
4397 1790 4503 1870 qui
4540 1808 4676 1853 mor-

2764 1872 2910 1937 bum
2955 1893 3178 1939 morare
3219 1872 3498 1938 deberem
3537 1892 3659 1937 non
3702 1892 3909 1938 onmes
3949 1875 4300 1957 suspicione
4339 1879 4554 1939 carent.

2765 2047 3125 2113 (Excerptum
3160 2061 3227 2098 ex
3261 2043 3462 2097 scheda
3494 2042 3853 2098 bibliothecae
3889 2051 4169 2113 pastorum
4205 2046 4259 2099 N
4260 2046 4663 2106 eocomensium.)

2932 2215 3508 2282 Praestantissimo
3576 2215 3733 2280 Iesu
3786 2215 4036 2282 Christi
4102 2237 4297 2283 servo
4352 2216 4675 2283 Guilielmo

2761 2303 3026 2369 Farello
3071 2301 3133 2366 N
3136 2300 3534 2367 eocomensis
3569 2300 3875 2367 ecclesiae
3916 2305 4167 2387 pastori
4203 2303 4392 2368 fratri
4425 2313 4490 2368 et
4525 2324 4678 2386 sym·

2761 2399 3017 2475 mystae
3059 2386 3435 2454 venerando

4214 2476 4532 2541 Neocomi.

2763 2649 2846 2659 -—
2894 2647 2975 2658 -
3023 2647 3105 2660 ι-
3150 2648 3229 2658 ——
3281 2648 3357 2658 ——
3407 2648 3488 2658 -ι
3538 2648 3612 2659 -
3670 2648 3757 2658 ι-ι-
3819 2647 3905 2658 -
3960 2645 4047 2658 —
4124 2649 4188 2659 —
4234 2649 4318 2659 —
4360 2647 4443 2659 -ι-
4483 2647 4561 2658 -
4609 2645 4677 2658 —
4802 2637 4803 2652 l

2933 2698 3037 2763 De
3091 2707 3318 2763 nostra
3373 2696 3718 2763 Genevam
3782 2698 4177 2781 profectione
4246 2697 4461 2765 nescio
4513 2696 4676 2779 plane

2760 2783 2919 2868 quid
2963 2784 3261 2850 scribam.
3290 2787 3340 2860 ¹)
3427 2783 3730 2848 Fuerunt
3782 2783 3891 2850 hic
3932 2783 4308 2850 Genevates
4351 2804 4496 2851 cum
4535 2782 4676 2847 Ber·

2758 2869 3093 2936 nensibus.
3116 2870 3176 2953 ²)
3260 2869 3505 2934 Exitus
3548 2887 3683 2933 non
3743 2870 3800 2934 10
3857 2869 3979 2934 fuit
4021 2889 4217 2952 quem
4271 2869 4423 2937 boni
4477 2888 4674 2933 omnes

2759 2964 2986 3040 optare
3029 2953 3282 3021 debent.
3371 2954 3737 3020 Convenire
3771 2976 3905 3020 non
3938 2962 4315 3038 potuerunt.
4404 2954 4676 3021 Gliscunt

2756 3041 3138 3107 inimicitiae
3181 3048 3248 3105 et
3288 3041 3491 3105 animi
3531 3041 3745 3125 magis
3802 3049 3996 3124 atque
4053 3041 4267 3126 magis
4321 3041 4673 3106 alienantur.

2759 3126 2936 3194 Sunt
2978 3133 3319 3211 praeterea
3360 3147 3568 3192 novae
3623 3127 3853 3193 turbae
3897 3126 4227 3195 Genevae.
4316 3124 4556 3194 Perditi
4594 3125 4676 3188 iu·

2756 3234 2961 3280 venes
3003 3212 3116 3297 qui
3158 3212 3526 3279 ministerio
3570 3212 3950 3297 evangelico
3993 3212 4382 3297 obstrepunt
4422 3210 4677 3296 apertius

2759 3299 2950 3364 solito
2993 3308 3062 3363 et
3093 3297 3405 3365 audacius
3437 3299 3574 3364 iam
3609 3299 3966 3383 insurgunt
3999 3298 4317 3366 adversus
4356 3297 4674 3365 ministros.

2760 3383 3050 3466 Quidam
3093 3385 3354 3467 penitus
3409 3383 3846 3450 intolerabilia
3902 3386 4388 3451 commiserunt.
4470 3381 4675 3448 Nescio

2756 3469 2967 3555 qualis
3008 3470 3268 3537 futurus
3311 3471 3398 3537 sit
3452 3471 3691 3537 exitus.
3778 3469 3912 3552 Qui
3972 3470 4079 3537 hic
4130 3472 4400 3538 fuerunt
4448 3487 4676 3551 recepe-

2757 3569 2918 3622 runt
2959 3577 3029 3624 00
3087 3557 3257 3623 serio
3315 3555 3440 3624 hoc
3493 3564 3836 3623 curaturos
3888 3577 4091 3640 quum
4147 3557 4398 3626 reversi
4438 3554 4675 3629 fuerint,

2757 3663 3131 3727 quanquam
3174 3663 3306 3709 non
3367 3663 3615 3709 omnes.
3700 3642 3917 3708 Erant
3968 3643 4145 3708 enim
4204 3643 4410 3728 aliqui
4464 3661 4543 3708 ex
4586 3659 4677 3704 eo·

2755 3750 2908 3795 rum
2949 3749 3226 3796 numero
3268 3729 3381 3813 qui
3424 3729 3545 3795 has
3587 3730 3809 3795 fovere
3844 3736 4062 3813 pestes
4106 3730 4478 3795 creduntur.
4559 3725 4652 3790 Ex

2752 3815 3192 3899 spectabimus
3236 3814 3396 3881 dum
3431 3836 3754 3895 vocemur,
3799 3835 3884 3880 ne
3915 3827 4152 3898 parum
4187 3823 4546 3899 opportune
4577 3828 4677 3876 nos

2755 3902 3156 3986 ingeramus.
3205 3935 3927 3952 ——————
3973 3901 4373 3968 Lausannae
4416 3904 4513 3965 21.
4555 3895 4676 3963 Oct.

3734 4072 3915 4138 Tuus
3958 4073 4199 4139 Petrus
4244 4074 4527 4139 Viretus.

3525 4367 3932 4378 ——

3633 4602 3822 4673 1666.
4304 4667 4311 4682 .

3190 4757 3772 4828 HOTOMANUS
3820 4758 4258 4827 GALVINO.

2926 4929 3121 5010 Bm,
3167 4930 3272 4998 cui
3316 4930 3619 4998 Calvam
3660 4930 4127 4998 translationem
4160 4936 4432 5013 quatuor
4462 4925 4670 4995 concio-

2750 5037 2903 5082 num
2940 5016 3164 5102 ,qamt-e
3204 5016 3512 5084 editam
3553 5019 3940 5086 commiserat
3995 5037 4037 5082 a
4080 5015 4394 5084 Baduello
4442 5017 4675 5100 roqatue

3100 5159 3159 5166 ..-

2750 5222 2930 5278 1005.
2958 5221 3016 5291 1)
3063 5222 3198 5278 Vide
3404 5237 3471 5278 ex
3516 5223 3657 5280 am
3701 5227 3924 5278 matus
3962 5223 4292 5279 Oeneum
4332 5222 4413 5279 ad
4450 5221 4497 5276 9.
4543 5216 4673 5275 Nov-

2752 5294 3038 5348 anulo'nms
3071 5292 3149 5347 aa
3246 5332 3259 5346 .
3302 5291 3448 5346 1661.

2956 5361 3018 5430 2)
3060 5361 3134 5416 N.
3170 5360 3320 5430 1647,
3354 5366 3467 5420 not.
3503 5359 3553 5414 2.
