4900 6167
269 433 346 494 49
1924 431 2079 493 1551
2130 429 2596 499 FEBRUAR.
4188 449 4274 513 50

268 616 439 683 nobis
479 636 675 699 quam
714 615 1053 682 carissimi.
1138 616 1281 683 Nos
1323 637 1457 682 non
1501 618 1758 701 egimus
1802 639 1952 684 cum
1995 617 2196 702 magi·

267 713 489 780 stratu,
554 700 669 767 sed
722 722 929 785 quum
973 701 1251 768 liberum
1307 695 1397 767 sit
1442 702 1624 768 nobis
1681 704 2065 781 convenire,
2132 711 2201 768 et

266 788 579 873 quibusvis
622 788 747 871 piis
791 788 1109 853 interesse
1152 788 1393 853 nostris
1450 789 1773 866 coetibus,
1838 788 2198 871 possimus·

265 893 380 957 que
421 892 649 939 vocare
693 883 759 937 et
803 873 1152 938 admittere
1195 894 1355 955 quos
1401 872 1638 959 dignos
1682 873 2011 950 ducimus,
2074 874 2201 940 hac

265 959 359 1026 usi
399 959 690 1023 libertate
734 971 950 1023 tecum
987 969 1054 1022 et
1088 979 1238 1024 cum
1293 958 1499 1023 Vireto
1534 960 1809 1043 egimus,
1844 958 2202 1025 indicaturi

263 1047 334 1110 iis
373 1043 475 1128 qui
520 1052 837 1127 praesunt
878 1043 1074 1127 paulo
1111 1059 1267 1109 ante
1301 1055 1552 1110 coetum
1600 1055 1670 1109 et
1703 1043 1876 1110 diem
1913 1064 2199 1110 conven-

264 1143 387 1207 tus,
453 1151 566 1194 nos
624 1139 1017 1195 tractaturos
1073 1128 1153 1194 de
1217 1131 1297 1195 iis
1341 1149 1507 1213 quae
1553 1130 1800 1196 faciunt
1845 1130 1928 1196 ad
1972 1149 2198 1213 pacem

262 1226 323 1281 et
372 1214 878 1281 aedificationem
947 1215 1395 1282 ecclesiarum:
1462 1222 1690 1298 utpote
1759 1215 1840 1281 de
1905 1214 2118 1292 feriis,
2145 1219 2198 1296 ³)

263 1302 557 1386 gradibus
577 1305 629 1380 ⁴)
698 1301 780 1366 ab
826 1299 971 1367 aliis
1015 1299 1412 1377 observatis,
1480 1314 1544 1364 et
1590 1303 1646 1365 si
1681 1301 1838 1385 quid
1883 1301 1970 1366 sit
2028 1302 2199 1366 eius-

262 1387 440 1464 modi,
487 1395 559 1451 ut
603 1397 667 1452 te
712 1388 778 1451 in
824 1398 1115 1469 tempore
1162 1387 1454 1453 consulte
1498 1386 1825 1453 admones.
1853 1391 1905 1464 ³)
2003 1386 2203 1451 Adsit

266 1476 442 1541 nobis
491 1472 826 1551 Christus,
894 1483 963 1536 ct
1020 1483 1084 1536 te
1141 1483 1207 1536 et
1280 1472 1560 1538 Vir-etum
1614 1473 2002 1555 tempestive
2069 1472 2201 1537 huc

265 1563 498 1638 mittat,
556 1571 630 1626 ut
685 1559 1023 1626 ecclesiam
1084 1558 1436 1624 aedificetis
1479 1569 1547 1623 et
1589 1579 1788 1642 super
1841 1554 2202 1623 tractandis

263 1646 476 1711 ordine
530 1646 748 1712 debito
804 1659 875 1712 et
938 1665 1085 1709 cum
1146 1644 1362 1709 fructu
1421 1644 1605 1709 nobis
1666 1643 1913 1709 adsitis.
2004 1640 2200 1725 Quod

264 1753 439 1816 spero
480 1753 599 1797 vos
639 1733 941 1798 facturos.

421 1815 612 1899 Quod
658 1827 724 1883 te
768 1818 1095 1883 facturum
1153 1816 1383 1881 scribis
1444 1813 1523 1880 ‹le
1567 1812 1908 1880 mittendis
1951 1813 2083 1878 tuis
2119 1812 2200 1878 ad

262 1924 472 1988 regem
513 1903 1029 1976 commentariis,
1099 1921 1220 1984 ego
1264 1902 1391 1965 iam
1450 1902 1689 1965 factum
1749 1899 2017 1964 vellem:
2086 1897 2201 1965 sed

262 2002 331 2053 ut
369 2003 438 2053 tu
484 2002 656 2055 recte
700 1988 893 2066 dicis,
962 1998 1066 2052 sat
1108 1986 1236 2051 cito
1289 1988 1342 2050 si
1389 1998 1492 2051 sat
1544 1984 1729 2051 bene.
1820 1985 2043 2067 Quum
2086 2005 2201 2068 op-

262 2076 408 2141 time
446 2077 593 2151 fiat,
650 2075 798 2157 quis
842 2075 1012 2139 dicet
1056 2093 1186 2137 non
1232 2082 1335 2138 sat
1379 2074 1505 2136 cito
1550 2070 1835 2137 factum?
1926 2070 2201 2136 Gaudeo

262 2162 321 2225 in
364 2163 484 2226 isto
544 2159 814 2227 consilio
881 2159 1209 2224 neminem
1282 2159 1712 2223 intervenisse
1778 2158 2201 2238 impostorem

259 2246 431 2313 cuius
474 2259 543 2311 tu
589 2246 988 2312 mentionem
1032 2244 1244 2309 facere
1285 2244 1511 2328 possis.
1600 2242 1695 2309 Ut
1736 2243 1805 2307 in
1851 2241 2124 2322 Polon0‚
2148 2243 2198 2323 ⁶)

261 2331 332 2397 de
373 2353 496 2414 quo
553 2332 718 2396 nihil
783 2330 946 2395 mihi
1008 2329 1185 2394 dolet
1234 2329 1363 2394 nisi
1423 2329 1697 2411 improbi
1750 2328 2029 2391 malum:
2093 2331 2200 2395 cui

260 2440 376 2484 non
422 2418 577 2483 adeo
621 2438 766 2482 sum
815 2418 1138 2493 infensus,
1195 2426 1267 2481 ut
1309 2415 1526 2497 potius
1568 2414 1710 2479 Deo
1754 2413 2035 2496 gratiam
2080 2415 2196 2479 ha-

258 2502 460 2580 beam,
518 2503 689 2586 quod
749 2523 866 2586 per
925 2515 1059 2566 tam
1116 2504 1423 2566 miserum
1491 2519 1810 2583 organum
1870 2498 2080 2563 voluit
2136 2511 2199 2568 te

258 2611 508 2654 movere
553 2588 635 2654 ad
692 2587 760 2653 id
805 2588 885 2653 de
929 2608 1055 2670 quo
1101 2590 1383 2651 fructum
1428 2604 1768 2668 speramus
1812 2582 2195 2653 uberiorem.

258 2673 379 2740 Sed
425 2674 577 2757 quid
637 2696 769 2739 non
831 2673 942 2737 dat
1001 2673 1187 2739 nobis
1231 2673 1416 2737 Deus
1473 2672 1610 2754 spei
1666 2669 1745 2735 de
1803 2679 1936 2735 tam
1980 2670 2089 2753 pio
2134 2685 2201 2737 et

257 2760 598 2827 christiano
642 2760 977 2837 Εάωανᾱο,
1035 2760 1147 2842 qui
1190 2767 1256 2822 te
1301 2757 1607 2822 observat
1650 2765 1718 2821 et
1759 2756 2009 2831 merito,
2052 2760 2107 2823 si
2144 2760 2200 2824 is

258 2848 477 2912 merito
521 2854 752 2929 optare
797 2845 1030 2911 debeat
1072 2864 1150 2909 ea
1194 2864 1313 2927 per
1367 2863 1538 2927 quae
1599 2843 1834 2908 absens
1894 2861 2046 2906 eum
2104 2843 2197 2909 al-

259 2931 544 3015 loqueris.
648 2931 828 2997 Sane
881 2950 1003 3015 ego
1063 2928 1291 2995 eadem
1348 2927 1577 2993 audire
1633 2927 1953 3012 discupio,
2025 2927 2199 3012 quod

257 3017 534 3084 futurum
579 3019 709 3082 cito
749 3037 971 3100 sper0,
1020 3017 1143 3082 etsi
1190 3014 1375 3080 tarde
1422 3013 1588 3079 mihi
1632 3013 1830 3079 nimis
1874 3012 2195 3093 videatur,

256 3115 321 3167 ut
361 3106 428 3168 in
468 3105 710 3188 optatis
755 3106 846 3180 fit,
893 3103 946 3169 si
994 3102 1096 3167 vel
1145 3100 1480 3166 tantillum
1526 3098 1936 3164 differantur.
2152 3121 2161 3130 ·

412 3191 679 3257 Ioannis
734 3211 777 3254 α
822 3189 1022 3255 Losco
1089 3187 1394 3253 salutatio
1461 3195 1597 3250 tam
1640 3185 1836 3270 longe
1890 3187 2196 3267 profecta,

257 3285 316 3339 et
351 3277 536 3360 signo
557 3281 613 3350 ⁷)
659 3275 835 3359 quod
881 3294 1089 3358 paene
1148 3273 1310 3337 mihi
1365 3269 1610 3337 excidit
1651 3273 1934 3336 munita:
1997 3273 2197 3354 siqui-

256 3359 389 3426 dem
434 3361 782 3436 Erasmtae,
841 3360 1072 3425 multis
1130 3359 1326 3424 etiam
1384 3356 1758 3422 nominibus
1825 3355 1963 3420 orbi
2020 3377 2197 3424 com-

256 3450 604 3528 mendatus,
650 3469 772 3513 nec
806 3446 978 3530 quod
1016 3466 1165 3512 cum
1202 3465 1278 3508 eo
1312 3441 1611 3518 faciebat,
1656 3441 1821 3506 mihi
1857 3463 2195 3526 nunquam

256 3537 407 3600 tanti
452 3537 578 3602 fuit
621 3554 819 3618 quam
872 3531 1158 3599 Oecolam
1290 3529 1338 3594 ii
1396 3529 1505 3611 pia
1560 3527 1979 3610 simplicitas,
2039 3549 2198 3596 vcra

255 3622 381 3686 sine
444 3623 592 3686 fuco
647 3618 947 3686 doctrina
1005 3629 1071 3682 et
1182 3615 1378 3681 bristi
1431 3614 1759 3700 professio.
1853 3611 1986 3678 Sed
2043 3613 2197 3680 licet

256 3719 393 3772 nota
434 3708 550 3773 illa
594 3727 701 3772 me
750 3725 882 3770 non
926 3702 1089 3767 adeo
1135 3709 1433 3778 moveat,
1494 3709 1717 3765 movet
1778 3707 1997 3765 tamen
2060 3719 2192 3764 non

255 3813 468 3875 parum
528 3791 702 3875 quod
842 3813 874 3855 r
929 3801 992 3853 te
1052 3791 1194 3865 fiat,
1260 3786 1448 3853 cuius
1503 3784 1717 3870 gratia
1771 3785 1937 3849 mihi
1995 3806 2192 3868 quam

255 3880 505 3943 maximi
554 3880 644 3943 fit.
736 3812 929 3957 &od
975 3875 1031 3939 si
1074 3873 1205 3939 iam
1248 3872 1479 3938 feceris
1524 3867 1694 3954 quod
1741 3870 2005 3949 scribis,
2060 3892 2193 3936 non

253 3964 444 4030 solum
506 3974 727 4029 ratum
799 3960 1036 4038 habe0‚
1105 3979 1337 4026 verum
1407 3956 1688 4042 gratiam
1756 3957 1876 4022 tibi
1943 3955 2193 4023 habens

251 4051 517 4115 multum
576 4048 722 4114 ideo
788 4047 907 4111 tibi
974 4045 1196 4112 debeo,
1296 4041 1371 4110 Si
1434 4042 1725 4107 nondum
1781 4041 2039 4121 feceris,
2100 4044 2193 4107 ita

250 4136 416 4202 effice
460 4156 657 4220 quam
702 4132 949 4199 iudicas
987 4131 1069 4196 ad
1107 4130 1532 4195 christianam
1570 4127 1925 4192 amicitiam
1962 4129 2190 4193 foven-

253 4219 383 4285 dam
444 4221 619 4286 utile.
728 4219 1000 4286 Utinam
1058 4218 1150 4282 ita
1218 4235 1471 4298 possem
1540 4223 1612 4278 ut
1670 4213 1906 4279 vellem
1970 4215 2188 4279 virum

252 4309 607 4374 resalutare.
700 4305 864 4369 Novi
915 4316 1233 4386 quantum
1288 4298 1597 4383 expediat
1640 4299 2033 4382 professores
2078 4320 2187 4363 ve-

252 4474 565 4487 ———‚—
598 4479 635 4484 .-

431 4596 490 4662 3)
529 4599 646 4653 scil.
692 4595 757 4650 de
804 4591 1197 4662 sanctificando
1244 4593 1468 4646 sabbato
1521 4591 1809 4645 dominico.
1903 4588 2183 4644 Caeterum

250 4677 371 4733 quae
412 4665 716 4721 nuenarius
769 4662 830 4714 V.
869 4660 973 4717 423
1020 4662 1176 4715 habet
1224 4676 1290 4714 ex
1335 4675 1520 4715 errore
1564 4660 1791 4726 fluxisse
1836 4657 2092 4711 videntur
2135 4659 2189 4711 st·

251 4733 442 4801 quidm
486 4734 564 4790 od
609 4749 664 4787 a.
704 4730 838 4786 1550
890 4732 1058 4797 refert
1101 4744 1240 4799 quae
1292 4726 1419 4783 1551
1465 4735 1621 4797 qesta
1665 4733 1811 4782 sunt.
1883 4727 2007 4781 Hoc
2040 4728 2183 4780 enim

251 4815 381 4855 anno
423 4811 543 4871 poet
595 4800 732 4856 1542
787 4803 973 4870 prima
1021 4796 1262 4868 synodus
1313 4797 1581 4853 celebrata
1627 4803 1719 4853 eet.
1803 4794 2059 4862 (Kirchk.
2108 4794 2179 4848 11.

252 4867 340 4922 104
369 4875 489 5063 ΜΞ)
524 4939 837 5021 affini-mli&
876 4937 1212 4992 matrimonii
1245 4933 1656 5003 impedimentis.

530 5025 633 5063 sec.
710 5023 723 5038 ‘

433 5013 491 5136 Bi
532 5077 743 5132 Altada
779 5075 856 5128 ad
889 5073 1280 5128 aedicationem
1315 5072 1687 5126 commentarii
1718 5075 1781 5126 in
1819 5071 1927 5140 Ep.
1964 5069 2041 5124 ad
2074 5070 2181 5124 He·

252 5140 421 5199 bracos
462 5149 582 5216 σερε·
620 5144 883 5201 Poloniae
926 5157 1112 5197 nuncu
1208 5141 1234 5194 i
1279 5137 1380 5208 (N.
1419 5138 1604 5208 1195),
1652 5156 1818 5209 quam
1860 5140 1940 5195 ibi
1990 5144 2182 5194 autore

257 5206 451 5283 Sauga
495 5231 552 5268 ee
595 5214 882 5282 scripsisse
928 5212 1036 5278 aa,
1133 5210 1282 5264 otoni
1324 5208 1473 5263 ullius
1555 5222 1671 5262 uem
1716 5210 1829 5263 iam
1865 5221 2047 5263 onnes
2083 5207 2177 5262 im·

244 5287 489 5344 pastorem
515 5285 695 5352 fuisse
729 5284 1080 5350 agnoverunt.
1153 5276 1238 5344 Of.
1277 5278 1441 5333 aiam
1539 5317 1554 5333 .
1590 5275 1739 5330 1441.

436 5351 488 5420 7)
523 5353 561 5405 i.
598 5367 638 5406 e.
680 5350 910 5404 Erasini
941 5347 1319 5403 recordatione
1352 5344 1477 5402 cide
1516 5346 1588 5400 N.
1634 5343 1780 5398 1445.

374 5434 587 5490 Caluini
613 5449 797 5504 opera.
882 5432 990 5487 Vol.
1034 5431 1199 5486 XIV.

2302 618 2524 685 ritatis
2557 641 2758 705 quam
2794 622 3158 689 arctissima
3192 624 3464 694 caritate
3500 629 4065 698 coniunctissimos
4107 654 4271 715 esse,

2302 724 2421 787 per
2490 727 2688 789 quam
2752 707 2807 771 si
2862 708 3019 792 quid
3077 716 3176 774 est
3246 710 3587 776 ferendum
3657 714 3842 780 facile
3899 717 4139 796 fertur,
4210 722 4270 785 si

2301 788 2459 872 quid
2532 792 3053 876 componendum
3130 795 3335 860 amice
3401 801 3831 880 componitur.
3935 803 4270 871 Dominus

2302 874 2485 940 Iesus
2530 898 2752 942 veram
2798 885 2867 943 et
2909 879 3238 945 efficacem
3274 883 3578 948 omnibus
3621 884 3958 968 largiatur.

2399 1045 2413 1059 ·
2477 959 2670 1044 Quod
2713 962 3005 1031 Bucerus
3025 967 3079 1046 ⁸)
3119 985 3254 1030 non
3298 987 3449 1031 eum
3494 970 3697 1034 sentit
3729 973 3797 1035 in
3845 993 3915 1036 se
3957 974 4269 1039 affectum

2305 1066 2416 1129 qui
2464 1047 2533 1112 in
2578 1069 2804 1115 omnes
2848 1051 2987 1133 pios
3032 1071 3174 1116 esse
3219 1050 3428 1130 debet,
3476 1075 3704 1119 vereor
3750 1076 3862 1130 ne,
3930 1056 4088 1122 dum
4132 1058 4286 1125 dis-⁵

2303 1130 2581 1215 ciplinae
2623 1134 2838 1201 studio
2881 1135 3031 1219 plus
3076 1135 3285 1201 defert
3328 1138 3495 1203 forte
3541 1140 3894 1222 pontificiis
3940 1150 4003 1207 et
4050 1146 4266 1210 nescio

2302 1236 2387 1281 an
2433 1220 2826 1302 tempestive
2870 1222 2963 1286 ita
3000 1223 3253 1301 omnia,
3315 1236 3382 1287 et
3444 1224 3540 1289 ita
3604 1225 3683 1289 ad
3746 1225 4264 1294 aedificationem

2302 1303 2463 1369 facit
2505 1312 2579 1369 ut
2633 1313 2925 1389 oportet,
2986 1329 3071 1372 ne
3116 1307 3357 1391 alioqui
3413 1309 3599 1375 facile
3644 1331 3887 1393 pronos
3930 1310 4013 1376 ad
4057 1315 4265 1380 offen-

2302 1388 2558 1454 sionem
2601 1391 2923 1470 offendat,
2987 1403 3066 1456 ut
3114 1393 3331 1459 nescio
3377 1416 3463 1459 an
3504 1398 3909 1478 promotione
3953 1397 4070 1462 1118
4114 1399 4265 1466 doc-

2303 1474 2603 1553 torali,⁹)
2669 1497 2872 1560 quum
2929 1476 3180 1543 tamdiu
3239 1478 3461 1543 doctor
3522 1491 3590 1544 et
3657 1491 3882 1564 pastor
3938 1483 4137 1548 fuerit
4192 1487 4265 1549 in

2303 1558 2576 1659 ecclesia
2618 1560 2907 1641 Christi,
2952 1563 3229 1628 irritarit
3272 1564 3523 1647 aliquos
3566 1575 3633 1631 ct
3675 1587 3870 1650 quam
3915 1567 4110 1634 debet
4153 1570 4265 1636 de-

2303 1643 2551 1710 clinare
2607 1668 2738 1712 non
2803 1649 3236 1714 necessariam
3296 1650 3616 1716 invidiam
3679 1653 3802 1718 sibi
3847 1655 4119 1719 conflet:
4190 1665 4273 1720 ut·

2304 1741 2555 1796 taceam
2602 1732 2776 1815 quod
2821 1737 3140 1818 magnum
3183 1735 3511 1801 Luterum
3560 1758 3635 1802 ac
3680 1737 3761 1802 de
3784 1738 4051 1804 Christo
4088 1751 4265 1806 recte

2305 1814 2642 1897 loquutum
2683 1829 2751 1883 et
2791 1820 3185 1885 sentientem
3229 1828 3331 1886 ter
3375 1824 3738 1888 maximum
3796 1823 3960 1888 forte
4005 1825 4263 1907 praedi-

2305 1911 2442 1979 cat,
2490 1909 2557 1966 et
2599 1922 2733 1968 non
2775 1903 3052 1970 obscura
3093 1916 3312 1971 errata
3357 1907 3604 1986 elevat,
3664 1928 3740 1973 ac
3786 1921 4020 1992 argute
4065 1912 4263 1976 nimis

2305 1987 2480 2051 tueri
2525 1989 2783 2072 satagit.
2873 1989 3045 2055 Nam
3099 1990 3254 2073 quid
3297 1991 3578 2058 alienius
3641 2013 3681 2057 a
3723 1993 3976 2060 Christi
4021 1996 4265 2079 pietate

2303 2091 2503 2156 quam
2558 2072 2731 2155 quod
2793 2076 3086 2158 improbe
3140 2095 3291 2141 cum
3332 2077 3656 2162 Gregorio
3716 2077 3892 2156 dicit,
3938 2080 4264 2165 imagines

2303 2177 2449 2222 esse
2493 2158 2809 2225 laicorum
2842 2159 3087 2226 libros?
3156 2161 3433 2228 Aliusne
3478 2173 3578 2228 est
3605 2164 3805 2239 Deus,
3847 2164 4026 2230 aliud
4059 2187 4261 2231 evan-

2302 2243 2580 2327 gelium,
2626 2245 2798 2311 alius
2839 2244 3235 2330 baptismus,
3280 2248 3606 2331 scriptura
3649 2259 3716 2312 et
3757 2247 3908 2314 libri
3951 2251 4062 2314 alii
4105 2260 4264 2316 sunt

2301 2331 2698 2396 rusticorum
2758 2352 2955 2414 quam
3010 2332 3448 2415 apostolorum
3506 2354 3703 2416 quam
3766 2335 4204 2400 maximorum
4224 2336 4257 2399 ‘I

2299 2415 2444 2499 Ego
2489 2415 2721 2482 lubens
2767 2417 3007 2481 horum
3050 2417 3294 2500 aliquid
3329 2421 3400 2484 in
3440 2420 3600 2483 meis
3637 2419 3820 2486 libris
3859 2420 3979 2485 atti
4030 2422 4257 2486 'ssemz

2298 2499 2413 2565 sed
2446 2523 2656 2586 ‚quum
2704 2503 2949 2567 rustice
2989 2503 3185 2567 nimis
3230 2504 3451 2568 omnia
3494 2504 3760 2582 soleam,
3808 2514 3874 2568 et
3909 2505 3980 2569 in
4028 2528 4063 2570 e
4104 2505 4264 2572 olfa-

2296 2587 2464 2652 ciam
2537 2586 2780 2652 bonum
2829 2588 3046 2652 virum
3090 2587 3378 2655 iudicare
3421 2590 3477 2655 si
3523 2588 3680 2673 quid
3718 2590 4039 2656 eiusmodi
4088 2591 4259 2657 iudi-

2304 2693 2445 2738 cem
2468 2724 2482 2750 ,
2542 2692 2649 2737 me
2702 2673 3087 2758 instigatum
3146 2673 3621 2740 malevolorum
3677 2676 4263 2742 obtrectationibus

2304 2758 2415 2840 qui
2461 2759 2701 2824 afflicto
2745 2779 2876 2824 non
2922 2768 3232 2841 parcunt,
3289 2781 3489 2841 quum
3535 2770 3758 2826 tamen
3801 2760 3971 2825 nihil
4013 2763 4100 2826 sit
4142 2762 4261 2828 ho-

2304 2863 2486 2907 rum:
2531 2863 2686 2908 nam
2731 2843 2902 2926 quod
2948 2845 3161 2910 scribo
3196 2864 3236 2908 8
3277 2846 3542 2911 nemine
3588 2867 3871 2929 unquam
3909 2845 4149 2925 audivi,
4196 2859 4262 2914 et

2303 2926 2492 2993 alteri
2550 2948 2745 3012 quam
2807 2930 2927 2995 tibi
2992 2950 3125 2994 non
3169 2932 3523 3013 aperirem,
3591 2940 3665 2995 ut
3725 2932 3955 3015 cogito.
3981 2935 4067 3016 ¹⁰)
4155 2933 4259 2998 'l'u

2303 3035 2422 3097 pro
2468 3023 2582 3080 tua
2620 3014 2969 3097 prudentia
3011 3034 3167 3099 ages
3211 3036 3363 3081 cum
3409 3035 3503 3080 eo.
3571 3017 3857 3081 Tantum
3904 3016 4104 3083 solari
4147 3017 4262 3083 ho-

2303 3100 2551 3166 minem
2604 3100 2834 3166 studeo
2890 3101 3053 3165 meis
3096 3099 3177 3165 ad
3223 3121 3376 3166 eum
3420 3100 3660 3179 literis,
3720 3121 3880 3184 quas
3936 3103 4158 3167 mittes
4203 3103 4263 3168 si

2305 3186 2426 3251 tibi
2470 3184 2816 3253 videbitur.

2476 3272 2606 3339 Hic
2623 3323 2637 3350 ,
2715 3273 2818 3338 cui
2882 3272 3004 3337 has
3073 3293 3204 3337 non
3281 3269 3601 3336 dedissem
3670 3272 3800 3337 nisi
3877 3270 4261 3356 Ghapponus

2301 3357 2467 3422 mihi
2524 3366 2713 3423 autor
2771 3358 3031 3435 fuisset,
3100 3356 3325 3422 retulit
3377 3357 3549 3423 filios
3614 3356 3886 3423 Saxonis
3942 3368 4009 3424 et
4063 3357 4261 3425 Hessi

2300 3442 2548 3508 iustum
2592 3442 2834 3508 habere
2877 3443 3242 3509 exercitum
3283 3451 3361 3507 ut
3404 3441 3674 3508 Hessum
3722 3442 4019 3509 liberent.
4109 3445 4258 3528 Ego

2298 3528 2417 3594 abs
2465 3537 2527 3594 te
2570 3530 2871 3612 petebam
2914 3529 2995 3594 de
3029 3549 3291 3594 rumore
3326 3548 3573 3612 sparso,
3620 3535 3685 3593 et
3727 3529 3807 3592 iis
3852 3549 4017 3611 quae
4062 3529 4147 3594 ad
4193 3538 4259 3594 te

2299 3615 2623 3680 scribebat
2668 3614 2988 3692 Halteras,
3036 3635 3122 3679 an
3170 3635 3325 3679 vera
3368 3623 3605 3691 essent,
3650 3634 3850 3695 quum
3889 3622 4026 3679 tam
4072 3611 4259 3679 v‘aria

2298 3698 2614 3777 ferantur,
2661 3698 2776 3764 sed
2821 3720 2938 3783 pro
2981 3700 3063 3765 iis
3107 3720 3189 3765 ex
3231 3706 3296 3764 te
3331 3699 3711 3797 intelligam.

2472 3783 2653 3866 Quos
2710 3784 2964 3851 dederit
3007 3785 3325 3851 Dominus
3382 3783 3686 3868 syndicos
3743 3782 3907 3847 faxit
3946 3783 4257 3850 Christus

2299 3880 2372 3936 ut
2414 3873 2551 3936 sint
2593 3892 2783 3955 quam
2822 3893 2860 3936 o
2909 3871 3070 3936 timi.
3096 3873 3186 3954 ¹¹)
3257 3869 3425 3936 Vale
3465 3889 3664 3952 quam
3700 3867 4070 3934 felicissime
4105 3889 4256 3952 per-

2293 3978 2457 4041 gens
2500 3958 2571 4020 in
2617 3977 2812 4040 opere
2924 3955 3145 4022 omini.
3238 3954 3438 4021 Faxit
3482 3954 3593 4037 qui
3637 3954 3817 4019 misit
3861 3960 3936 4018 ut
3995 3973 4255 4037 semper

2293 4044 2507 4127 magis
2551 4050 2618 4108 et
2659 4045 2870 4127 magis
2915 4040 3249 4118 aedifices,
3308 4050 3376 4105 et
3425 4039 3614 4104 istam
3661 4039 3998 4105 ecclesiam
4043 4039 4255 4107 indies

2293 4127 2717 4193 illustriorem
2763 4127 3013 4194 reddat.
3102 4125 3338 4191 Saluta
3391 4145 3633 4207 quaeso
3691 4124 3974 4209 collegas
4030 4134 4097 4189 ct
4139 4146 4255 4209 op-

2292 4215 2489 4278 timos
2558 4233 2843 4296 quosque
2910 4232 3073 4296 quos
3140 4211 3434 4294 catalogo
3508 4208 4058 4293 comprehendere
4120 4229 4329 4276 non*-

2291 4318 2581 4381 possum.
2674 4298 3019 4448 Adaffieat
3079 4306 3215 4361 tam
3268 4307 3558 4361 sanctum
3617 4316 3966 4361 numerum
4024 4296 4252 4361 Domi-

2292 4406 2451 4463 nus,
2512 4395 2581 4450 et
2621 4385 2688 4449 in
2737 4385 2805 4449 ni
2861 4384 3019 4449 'um
3064 4380 3392 4466 improbos
3441 4381 3709 4465 redigat.
3798 4379 4018 4445 Nolim
4064 4402 4253 4464 prae-

2291 4472 2560 4535 teritum
2589 4469 3073 4547 Normandium,
3116 4466 3487 4544 Colladinos,
3522 4465 3779 4532 Budeos
3812 4473 3881 4530 et
3915 4466 4248 4533 Triccium.

2292 4555 2633 4622 Robertum
2701 4576 2780 4621 cu
2828 4555 2891 4619 io
2964 4574 3214 4618 moram
3282 4572 3700 4635 compensare
3771 4551 3942 4618 iusto
4007 4552 4248 4620 labore.

2291 4639 2562 4727 Oollega
2604 4653 2672 4706 te
2716 4660 2789 4707 sa
2814 4649 2975 4705 utat.
3068 4639 3378 4705 Neocomi
3431 4645 3525 4701 14.
3574 4637 3917 4703 Februarii
3966 4642 4145 4701 1551.

3300 4776 3484 4840 Tuus
3533 4781 3706 4838 totus
3750 4772 4070 4839 Farellus.

2492 4997 2551 5062 8)
2603 4997 2739 5054 Vide
2771 4999 2985 5054 ibidem.

2491 5066 2551 5126 9)
2594 5067 2982 5136 Gamabriqiae
3046 5071 3261 5119 creatus
3319 5065 3429 5130 fuit
3484 5064 3777 5130 theotoniae
3826 5060 4014 5115 doctor
4070 5063 4244 5129 paulo

2283 5143 2410 5192 ante
2442 5136 2660 5190 obitum.
2734 5135 2962 5202 (Bam,
3003 5135 3208 5188 Bauer
3242 5131 3369 5197 565,·
3413 5131 3689 5187 Roehrieh
3721 5130 3794 5184 11.
3833 5127 3981 5196 209.)

2456 5203 2551 5270 10)
2584 5202 2744 5259 Haec
2779 5205 2880 5259 tibi
2912 5202 3238 5258 extricando
3270 5201 3646 5268 permittimus.

2456 5272 2549 5332 11)
2593 5271 2779 5326 Creati
2807 5273 3033 5337 fuerant
3068 5269 3117 5324 8.
3161 5270 3320 5325 Febr.
3358 5270 3489 5324 Ant.
3529 5265 3787 5331 Cht'cand,
3826 5263 3944 5318 Iac.
3984 5263 4078 5318 des
4109 5265 4250 5334 Ars,

2283 5342 2454 5398 Mica.
2498 5339 2677 5395 Mor-el
2708 5348 2758 5396 et
2795 5340 3000 5396 ana
3041 5339 3310 5396 Chaa-oia.
