4900 6167
255 418 362 479 673

253 622 380 668 mor
419 610 515 667 est
568 608 969 668 conventum
1012 602 1295 686 Angliae
1354 620 1497 666 sese
1556 603 1933 685 opposuisse
1977 600 2181 685 Regi·-

256 708 366 753 nae
414 685 753 754 conatibus
773 739 789 767 ,
809 689 866 772 ²)
927 685 1328 753 Oantuariae
1391 687 1746 753 tumultum
1803 690 2181 763 excitatum,

254 772 622 839 Hiberniam
692 782 917 856 aperte
971 792 1012 837 a
1063 773 1324 858 Regina
1387 772 1717 841 defecisse.
1822 771 1961 839 Sed
2020 774 2185 838 haec

253 859 454 925 omnia
508 859 783 925 incertis
840 866 1098 924 tantum
1155 860 1525 925 rumoribus
1581 859 2000 925 nunciantur.
2100 857 2184 923 In

257 943 451 1009 Gallia
491 945 712 1029 pergit
753 957 1082 1029 tyrannus
1122 953 1480 1029 tyrannum
1523 966 1734 1029 agere.
1814 946 2000 1011 Haec
2042 953 2186 1009 tan·

252 1038 381 1095 tum
421 1030 619 1097 habui
662 1052 830 1114 quae
875 1030 1242 1097 scriberem.
1333 1030 1678 1113 Superest,
1725 1033 1815 1096 mi
1860 1040 2067 1115 pater,
2113 1038 2188 1095 ut

252 1136 348 1181 me
386 1117 515 1182 tuis
558 1117 858 1201 precibus
901 1116 1367 1183 commendem.
1444 1118 1591 1183 'ribi
1637 1119 2038 1201 caeterisque
2080 1135 2187 1181 co-

252 1201 635 1269 lendissimis
700 1203 1014 1268 fratribus
1078 1203 1327 1285 totique
1395 1212 1550 1268 tuae
1614 1203 1902 1269 familiae
1960 1223 2189 1287 precor

252 1298 624 1371 perpetuam
660 1287 933 1354 Domini
975 1289 1104 1353 Dei
1148 1290 1355 1355 nostri
1391 1288 1935 1356 benedictionem.
2003 1289 2190 1354 Bene

250 1372 404 1454 vale,
440 1375 532 1439 mi
567 1383 770 1459 pater.
831 1375 1179 1440 Lausanae
1216 1378 1315 1440 23.
1342 1373 1754 1441 Novembris.
1815 1374 1901 1440 D.
1942 1375 2191 1440 Viretus

248 1468 312 1525 ct
349 1461 553 1526 nostri
598 1481 825 1527 omnes
869 1460 1060 1526 valde
1103 1469 1169 1527 te
1215 1461 1505 1526 salutant
1538 1481 1687 1526 cum
1725 1470 1863 1527 tota
1898 1460 2185 1528 ecclesia.

1439 1599 1562 1663 Th.
1607 1599 1784 1665 Beza

1144 1701 1320 1767 filius
1363 1700 1481 1766 tibi
1521 1701 2023 1767 addictissimus.

1120 2214 1308 2284 1857.

639 2368 1112 2437 OALVINUS
1156 2367 1792 2436 BULLINGERO.

412 2542 616 2609 Mittit
658 2544 715 2606 ei
759 2541 977 2606 literas
1005 2541 1301 2622 publicas
1338 2541 1425 2606 ad
1457 2542 1779 2606 ministros
1820 2541 2193 2607 Turieenses

244 2630 353 2712 qui
392 2630 646 2696 senatui
678 2627 1108 2710 persuadeant
1149 2633 1220 2692 ut
1263 2627 1671 2707 disciplinam
1714 2628 2191 2693 ecclesiasticam

240 2714 526 2868 w
568 2714 884 2865 hucnegglue
919 2714 1279 2779 obtinentem
1313 2714 1679 2778 commendet
1711 2718 1767 2776 et
1810 2733 1852 2777 a
1895 2714 2190 2778 novitatis

271 2974 524 3027 Servavit
570 2973 715 3025 Besa
757 2970 890 3025 Gen.
940 2988 993 3040 p.
1053 2969 1179 3036 122,
1218 2971 1376 3024 Laus.
1424 2987 1476 3039 p.
1520 2968 1653 3035 274,
1707 2969 1911 3023 HanoV.
1962 2986 2015 3036 p.
2067 2966 2188 3029 307.

320 3049 449 3097 ouet
486 3059 541 3112 p.
576 3038 706 3108 164,
746 3040 919 3093 Amst.
1001 3080 1009 3091 .
1049 3038 1130 3092 75.
1170 3069 1233 3079 -
1271 3039 1472 3095 Gallice
1509 3040 1707 3108 legitur
1742 3038 1797 3091 in
1835 3037 1965 3090 edit.
2004 3038 2189 3091 Berol.

579 3126 632 3178 p.
670 3106 787 3175 165,
826 3111 952 3176 Aug
975 3108 1054 3161 icc
1091 3109 1147 3161 iu
1186 3107 1320 3163 edit.
1357 3108 1554 3162 Edinb.
1588 3107 1658 3162 11.
1695 3106 1846 3173 422.)

412 3282 516 3346 En
574 3280 757 3346 vobis
814 3280 1057 3345 iterum
1116 3299 1332 3345 novus
1390 3277 1591 3344 labor.
1619 3283 1665 3357 ¹)
1756 3277 2189 3361 Disciplinam

240 3369 581 3446 ecclesiae,
630 3387 797 3450 quae
842 3366 950 3432 hic
994 3364 1337 3432 mediocris
1382 3374 1516 3443 est,
1563 3365 1692 3429 iam
1737 3385 1855 3447 per
1898 3366 2190 3449 integros

242 3464 492 3538 septem
536 3474 744 3519 annos
762 3455 822 3529 ⁸²)
866 3460 1253 3537 oppugnant
1288 3452 1659 3535 quicunque
1694 3462 2010 3534 cuperent
2043 3450 2186 3516 sine

242 3578 492 3709 griffoi·
512 3578 877 3693 nonuprobari
913 3624 1132 3707 factum.
1202 3622 1349 3689 Quae
1384 3639 1471 3705 res
1512 3640 1633 3677 eum
1670 3622 1909 3675 reddidit
1941 3622 2189 3675 invisum.

244 3694 530 3818 {2¹33ae
551 3692 1092 3817 δ’...ἳΐζῗῖῗὲἑι
1167 3691 1944 3838 ·.”έ;·.’»’ἑ“.ῑ·,.;ἳέἑῖ.Ὓειζ.ῖέξζ
1962 3706 2026 3811 5.·
2044 3686 2192 3811 {1⁹32}

252 3831 587 3888 stechedim
623 3831 695 3885 11.
732 3831 852 3900 210,
886 3831 982 3884 sed
1016 3834 1129 3884 iam
1165 3836 1327 3884 antea
1360 3830 1499 3898 fuya
1546 3830 1652 3884 sibi
1690 3828 1964 3883 considant
1997 3833 2045 3880 et
2081 3828 2189 3877 Ar-

237 3906 582 3970 oentoratum
617 3900 695 3954 ad
729 3899 1028 3955 Zanchium
1063 3915 1119 3953 se
1151 3900 1363 3966 recepit.
1421 3897 1695 3963 (Schmidt
1716 3897 1936 3965 Mar-tyr
1966 3912 2021 3962 p.
2044 3892 2188 3959 137.)

446 3968 509 4033 2)
550 3968 694 4023 Cave
727 3968 815 4023 hic
849 3971 1111 4037 qraviora
1148 3968 1455 4036 suspiceris.
1515 3967 1920 4021 Par-lamentum
1942 3963 2188 4016 Mariam
2236 3984 2241 3999 ·

1930 414 2094 477 1653
2136 410 2553 479 NOVEMB.

4119 425 4248 488 674

2281 601 2438 685 iugo
2482 600 2804 666 lascivire.
2876 598 3009 666 Sed
3046 602 3346 668 homines
3388 602 3689 670 dissoluti
3730 626 3814 671 ex
3859 608 4061 693 vulgo
4106 629 4252 677 non

2285 695 2545 752 tantum
2583 683 2769 751 nobis
2807 686 3098 752 facerent
3132 688 3400 772 negotii,
3439 690 3566 754 nisi
3604 690 3800 758 duces
3822 691 4160 776 haberent,
4183 699 4246 766 ⁸)

2284 772 2398 857 qui
2441 793 2524 836 ex
2561 792 2788 837 eorum
2823 772 3090 837 licentia
3124 774 3249 838 sibi
3283 776 3643 856 potentiam
3683 790 4027 860 quaerunt.
4094 780 4250 846 Iam

2286 879 2363 925 eo
2422 869 2694 923 ventum
2753 866 2883 936 est,
2941 867 3019 923 ut
3068 857 3496 926 labefactetur
3551 861 3865 945 quidquid
3922 863 4249 931 hactenus

2286 942 2539 1010 ordinis
2582 942 3002 1010 ecclesiastici
3056 945 3269 1027 viguit
3285 996 3299 1022 ,
3359 947 3506 1031 nisi,
3545 947 3741 1013 istinc
3784 950 4097 1015 afferatur
4140 972 4248 1017 re·

2288 1028 2598 1095 medium.
2688 1031 2905 1112 Atque
2961 1029 3084 1095 hac
3144 1030 3224 1095 de
3281 1051 3479 1098 causa
3520 1054 3654 1098 non
3699 1032 4027 1101 dubitavit
4069 1037 4244 1119 opti·

2289 1136 2439 1181 mus
2495 1115 2699 1180 frater
2756 1122 2980 1181 noster
3023 1113 3350 1182 Dominus
3395 1116 3774 1195 Budaeus⁴)
3830 1120 3952 1186 hoc
4011 1143 4243 1205 aspero

2289 1201 2450 1267 anni
2494 1209 2783 1283 tempore
2825 1200 3288 1285 profectionem
3334 1202 3418 1268 ad
3462 1225 3580 1269 vos
3623 1207 3970 1288 suscipere,
4017 1215 4093 1272 ut
4131 1228 4248 1274 vos

2292 1287 2375 1353 de
2431 1296 2569 1353 toto
2626 1288 2888 1372 negotio
2945 1286 3311 1357 admoneat.
3400 1289 3640 1356 Brevis
3702 1300 3921 1356 tamen
3983 1314 4246 1358 summa

2292 1384 2423 1452 est,
2484 1382 2560 1437 ut
2602 1373 3040 1455 amplissimus
3098 1383 3366 1438 senatus
3410 1385 3628 1440 vester
3671 1376 3868 1441 verbo
3913 1376 4044 1443 Dei
4086 1398 4246 1443 con-

2292 1467 2679 1525 sentaneam
2721 1480 2864 1524 esse
2907 1459 3332 1543 respondeat,
3378 1481 3575 1543 quam
3619 1461 3938 1529 hactenus
3984 1466 4244 1545 sequuti

2292 1565 2523 1610 sumus
2567 1546 2876 1610 formam:
2938 1543 3174 1610 deinde
3228 1548 3587 1613 novitatem
3633 1548 3969 1630 improbet.
4060 1549 4246 1615 Reli·-

2292 1651 2425 1713 qua
2468 1652 2552 1695 ex
2598 1631 2808 1696 literis
2862 1632 3317 1697 communibus
3377 1632 3740 1717 intelliges,
3800 1656 3962 1717 quas
4019 1643 4244 1699 tamen

2292 1738 2371 1782 ea
2412 1717 2559 1801 lege
2602 1717 2728 1782 scri
2811 1717 2863 1794 i,
2909 1725 2984 1781 ut
3039 1719 3094 1782 si
3138 1738 3269 1782 non
3314 1718 3620 1802 expediat
3657 1719 3919 1801 longius
3964 1719 4250 1803 proferri

2291 1802 2682 1869 nominatim
2772 1853 2786 1866 .
2819 1802 3156 1867 Gaalthero
3197 1824 3305 1867 eas
3347 1805 3805 1870 communices.
3886 1805 4029 1870 'l'uo
4067 1803 4249 1870 iudi-

2292 1890 2390 1953 cio
2436 1898 2647 1953 totum
2692 1888 2814 1954 hoc
2856 1889 3179 1971 permitto.
3256 1888 3331 1954 Si
3378 1889 3505 1956 duo
3546 1890 3665 1955 illa
3708 1891 3925 1973 capita
3965 1911 4084 1974 per
4122 1913 4244 1958 vos

2291 1974 2591 2058 impetro,
2637 1982 2712 2039 ut
2752 1973 2930 2058 leges
2973 1983 3231 2040 nostras
3275 1986 3541 2041 senatus
3579 1985 3798 2041 vester
3840 1997 3961 2041 suo
4004 1978 4245 2043 suffra-

2293 2060 2404 2144 gio
2448 2061 2792 2125 confirmet
2847 2060 3025 2124 omni
3081 2061 3510 2144 ambiguitate
3555 2063 3877 2144 praecisa,
3935 2072 4001 2127 et
4042 2084 4084 2127 a
4127 2084 4246 2128 no-

2296 2146 2522 2210 vitatis
2581 2144 2795 2209 studio
2853 2155 3114 2211 nostros
3167 2144 3524 2223 deterreat,
3594 2148 3749 2211 huic
3806 2147 4115 2213 ecclesiae
4169 2153 4246 2213 in

2294 2231 2566 2317 long-um
2625 2242 2880 2314 tempus
2937 2242 3126 2314 parta
3183 2232 3309 2296 erit
3364 2234 3560 2313 quies.
3668 2234 3928 2299 Literas
3990 2254 4168 2299 meas
4190 2238 4246 2308 ⁸)

2296 2316 2417 2382 tibi
2463 2317 2717 2401 pridem
2762 2316 3049 2381 redditas
3093 2336 3234 2381 esse
3278 2317 3557 2394 confido,
3606 2317 3677 2382 in
3723 2320 3955 2401 quibus
3996 2322 4246 2402 gratias

2295 2402 2484 2469 vobis
2528 2404 2829 2468 omuibus
2865 2403 3136 2487 agebam
3196 2422 3341 2467 meo
3384 2410 3452 2467 et
3494 2404 3771 2469 fratrum
3820 2405 4083 2470 nomine
4127 2426 4248 2488 pro

2294 2488 2473 2554 fideli
2519 2498 2872 2572 sanctoque
2914 2508 3245 2571 responso,
3292 2488 3461 2571 quod
3505 2491 3570 2553 in
3618 2490 3853 2555 Servati
3894 2511 4088 2555 causa
4134 2491 4250 2556 de-

2297 2574 2506 2639 distis.
2574 2573 2925 2640 Praeclara
2957 2572 3073 2637 illa
3106 2574 3582 2639 commendatio
3626 2596 3754 2658 qua
3800 2597 3917 2641 nos
3961 2578 4246 2642 ornastis

2295 2659 2471 2743 apud
2516 2659 2718 2724 bonos
2763 2678 2954 2724 suum
2998 2658 3228 2723 habuit
3270 2659 3551 2741 pondus:
3614 2662 3934 2725 effraenes
3977 2682 4053 2727 ac
4096 2683 4250 2746 per·-

2296 2746 2467 2813 ditos
2512 2745 2801 2810 nondum
2844 2744 3141 2808 fraenare
3184 2746 3425 2826 potuit,
3486 2754 3564 2810 ut
3608 2747 3807 2812 vides.
3898 2748 4100 2812 Brevi
4146 2756 4242 2813 ta·

2294 2852 2447 2898 men
2505 2852 2694 2914 spero
2755 2827 3051 2905 meliora,
3112 2830 3165 2893 si
3224 2831 3416 2894 istinc
3474 2831 3869 2897 iuvabimur.
3962 2833 4248 2899 Librum

2301 2918 2538 2983 Serveti
2581 2927 2648 2980 et
2687 2914 3082 2998 farraginem
3127 2914 3340 2991 illam,
3398 2937 3590 2998 quam
3647 2919 3940 2999 petebas,
3966 2923 4020 2995 ⁶)
4081 2919 4251 2985 civis

2295 3003 2559 3086 quidam
2627 3010 2841 3066 vester
2918 2998 2998 3063 ad
3066 3007 3133 3064 te
3199 3001 3367 3065 tulit.
3477 3003 3580 3067 De
3658 3005 3899 3068 misera
3962 3005 4252 3089 Angliae

2294 3090 2603 3155 vastitate
2659 3087 2846 3169 plura
2899 3084 3027 3150 scis
3069 3106 3263 3167 quam
3311 3086 3632 3170 expediat.
3722 3088 3957 3172 Itaque
4001 3112 4042 3156 a
4084 3092 4250 3157 scri·

2295 3174 2507 3241 bendo
2551 3169 2958 3256 supersedeo.
3047 3170 3248 3246 Vale,
3306 3175 3717 3239 ornatissime
3772 3177 3876 3241 vir
3934 3182 4001 3240 et
4041 3196 4248 3241 vene·-

2294 3260 2498 3325 rande
2543 3261 2760 3323 frater.
2850 3256 2934 3321 D.
2987 3255 3343 3335 Gualtbero,
3391 3259 3584 3325 uxori
3629 3268 3800 3339 tuae,
3848 3260 4129 3345 generis,
4176 3270 4245 3327 et

2292 3345 2595 3411 fidelibus
2653 3342 2927 3408 salutem
2988 3342 3355 3424 plurimam.
3458 3344 3784 3411 Dominus
3835 3367 3955 3412 vos
4013 3366 4248 3413 omnes

2293 3440 2557 3496 tueatur
2596 3450 2711 3495 suo
2770 3426 3094 3512 praesidio
3111 3481 3125 3506 ,
3194 3438 3259 3494 et
3317 3430 3553 3512 spiritu
3613 3441 3819 3516 regat.
3910 3432 4252 3513 Genevae,

2295 3521 2393 3579 26.
2441 3515 2756 3580 Novemb.
2813 3517 2992 3578 1553.

236 4038 610 4106 oratuIatione
644 4038 782 4092 satis
815 4037 1134 4091 adulatoria
1155 4039 1380 4104 excepit,
1413 4052 1597 4090 mum
1613 4052 1680 4089 ea
1706 4049 1847 4101 pars
1878 4046 2012 4113 qnos
2037 4030 2187 4084 Com·
2235 4036 2243 4137 1

241 4121 429 4162 ames
463 4114 663 4162 οοοαιτ
694 4106 1116 4160 restaurandam
1160 4106 1431 4160 ecclesiam
1479 4106 1792 4159 catholicam
1838 4116 1995 4155 enixe
2028 4115 2187 4167 repu-

241 4173 477 4230 diabant
509 4176 732 4245 ideoque
766 4175 983 4229 dimissi
1014 4176 1254 4240 fuerunt.
1323 4173 1548 4241 (Weber
1580 4172 1646 4226 11.
1682 4170 1828 4237 209.)
1953 4236 1963 4249 .
2091 4238 2099 4248 ι
2236 4160 2242 4241 ξ

240 4242 417 4301 1857.
456 4244 516 4308 1)
556 4243 841 4298 Per-tinent
871 4244 1004 4298 hacc
1037 4244 1114 4297 ad
1150 4244 1581 4312 disceptationem
1615 4242 1758 4294 inter
1797 4239 2190 4292 Conmtorwm
2236 4252 2241 4275 =

241 4320 291 4367 et
316 4313 582 4368 Senatum
616 4314 713 4381 qni
743 4313 853 4367 sibi
884 4312 1202 4367 vindicabat
1236 4327 1541 4380 supremam
1576 4310 1896 4363 decisionem
1932 4310 1993 4359 in
2028 4305 2219 4386 rebus.

290 4382 302 4395 “
370 4385 381 4396 “
454 4384 592 4435 ‘nam
626 4382 1008 4449 spectantibus,
1040 4383 1432 4452 praesen-timei
1462 4378 1553 4433 cui
1585 4393 1751 4432 coena
1768 4380 1968 4444 negata
1998 4375 2187 4440 fuerit.

1159 4449 1207 4502 7.
1247 4449 1392 4504 Nov.
1440 4454 1499 4500 at
1543 4449 1604 4499 in
1653 4445 1961 4499 Annalibus
2002 4444 2189 4509 fusius

3168 4025 3362 4096 1858.

2397 4161 2861 4230 OALVINUS
2909 4106 3409 4230 MINISTRIS·
3437 4165 4142 4236 TURIOENSIBUS.

2465 4319 2639 4418 ῌαεο
2696 4323 2784 4382 est
2841 4337 2915 4382 ea
2971 4318 3235 4399 epistola
3294 4320 3369 4385 de
3425 4340 3552 4402 qua
3615 4322 3681 4385 in
3714 4323 4116 4403 praecedente
4160 4326 4254 4389 ad

242 4448 317 4504 Id
350 4467 390 4506 a
426 4450 696 4506 Ducentis
743 4454 1012 4511 sancitum
1058 4450 1113 4504 d.
1407 4518 1417 4527 ι
2290 4403 2755 4489 Bullmym'm·

238 4519 660 4575 declarabimus.
716 4518 900 4573 Biduo
932 4525 1055 4587 post
1076 4535 1239 4587 qaum
1262 4516 1519 4571 Ministri
1548 4521 1833 4583 protestati
1870 4518 2060 4574 essent,
2097 4512 2186 4566 de-
2228 4539 2236 4555 ‹

238 4595 448 4644 adam
483 4595 560 4643 est
594 4595 657 4643 ut
690 4588 938 4643 ecclesiae
980 4588 1324 4655 germanicae
1366 4584 1504 4651 (scil.
1538 4585 1600 4637 in
1640 4584 1911 4641 Helvetia)
1947 4582 2187 4638 consule-

238 4664 450 4713 rentur.
530 4655 688 4726 Quod
729 4658 937 4722 factam
984 4664 1058 4709 est
1111 4655 1293 4722 pridie
1346 4654 1457 4705 Gal.
1508 4651 1640 4705 Dec.
1689 4651 1825 4706 lecta
1877 4652 1939 4703 in
1991 4655 2187 4703 senata

240 4728 476 4795 epistola
518 4729 579 4781 in
621 4742 741 4780 eum
789 4726 951 4789 finem
998 4723 1271 4778 mittenda.
1355 4721 1477 4774 Iam
1515 4721 1715 4775 Noster
1751 4719 1891 4773 illud
1924 4720 2186 4787 scriptum

242 4795 346 4852 leae
381 4810 489 4850 sua
522 4795 749 4862 epistola
775 4794 1063 4863 praevenit
1094 4799 1144 4846 et
1174 4792 1332 4859 prior
1348 4789 1515 4854 adest,
1552 4796 1613 4843 ut
1645 4805 1807 4858 qaam
1844 4788 2189 4842 desiderabat

240 4878 300 4919 re

242 4936 396 4988 novit
435 4933 656 4988 Bernae
701 4948 758 4986 se
810 4931 950 4985 nibil
991 4936 1254 4984 acturam.
1340 4927 1424 4994 Cf.
1472 4928 1692 4981 omnino
1732 4925 1951 4980 Ructat

243 5016 356 5056 non
392 5018 520 5056 vero
556 5002 750 5071 Heni-y
784 5000 880 5055 111.
917 4997 1021 5052 364
1065 5000 1161 5067 qai
1203 4998 1347 5051 hanc
1390 5012 1613 5050 causam
1659 5010 1775 5050 cum
1821 5010 2034 5062 nupera
2072 4994 2188 5047 Fa·

240 5071 481 5126 relliana
515 5070 816 5135 confundit.
876 5068 1152 5133 Galilfias‚
1186 5066 1332 5135 qaod
1354 5065 1586 5127 mireris,
1624 5079 1741 5118 eam
1777 5065 1996 5117 omnino
2028 5079 2188 5131 prae-

244 5141 387 5207 terit,
422 5147 474 5193 et
506 5141 586 5194 sic
618 5153 826 5209 qaoque
869 5137 1097 5191 Gaberel
1128 5135 1171 5188 Ι.
1206 5133 1310 5187 420
1345 5148 1415 5187 ss.
1450 5140 1502 5188 et
1536 5134 1605 5188 11.
1640 5132 1710 5186 43
1743 5133 1843 5186 abi
1873 5133 2022 5187 loeas
2051 5133 2191 5198 fuis·
2238 5122 2243 5211 Ι

242 5214 322 5262 set
357 5210 477 5263 eius
511 5209 828 5261 mentionem
861 5206 897 5271 f
968 5207 979 5219 ‘
1097 5206 1121 5257 ‘.
2239 5214 2243 5227 ·

244 5345 382 5400 1547
455 5277 517 5343 2)
557 5276 768 5332 suadit
813 5273 890 5329 aa
933 5290 1155 5329 causam
1204 5270 1362 5328 Petri
1411 5272 1657 5324 Ameana:
1707 5268 1842 5323 1546
1877 5277 1925 5324 et
1965 5269 2193 5324 Perrtni
2237 5240 2244 5375 ξ

2289 4558 2630 4622 (Editionem
2670 4559 2840 4613 Besae
2877 4558 3012 4613 Gen.
3059 4573 3111 4627 p.
3150 4557 3279 4621 123,
3317 4561 3475 4613 Laus.
3511 4577 3563 4628 p.
3600 4558 3735 4623 275,
3778 4560 3986 4614 Hanov.
4036 4578 4090 4629 p.
4125 4560 4252 4627 308,

2290 4627 2503 4681 Ohouet
2537 4644 2589 4695 p.
2626 4627 2743 4694 165,
2781 4631 2955 4682 Amst.
3004 4643 3056 4695 p.
3093 4624 3185 4697 75,
3233 4630 3559 4682 contulimus
3607 4646 3726 4682 cum
3782 4630 4079 4697 exemplari
4126 4629 4252 4683 Ion·

2291 4697 2473 4750 villaei
2509 4714 2670 4750 manu
2720 4699 2924 4766 scripto
2960 4697 3013 4749 iu
3052 4695 3212 4751 Arch.
3248 4698 3422 4751 Turic.
3460 4698 3602 4751 Plut.
3641 4698 3747 4753 VI.
3790 4698 3905 4753 Vol.
3947 4696 4072 4766 105,
4117 4699 4252 4751 olim

2550 4767 2611 4819 B.
2649 4765 2693 4819 1.
2731 4767 2823 4821 sol.
2861 4763 2981 4820 515.
3020 4793 3086 4803 -
3127 4768 3352 4836 Anglice
3390 4772 3573 4822 exstat
3608 4768 3640 4820 1.
3681 4769 3715 4820 l.
3759 4784 3811 4835 p.
3848 4763 3987 4831 424.)

486 4866 497 4877 “
567 4880 648 4918 em
681 4869 984 4931 occuparet,
1017 4866 1065 4915 et
1095 4859 1412 4915 Taricenses
1442 4859 1658 4929 quidem
1676 4857 1795 4911 adit
1827 4872 1989 4926 quum
2063 4857 2190 4909 robe
2236 4844 2241 4915 ξ

2036 4927 2078 4978 1.
2119 4925 2188 4978 63

2496 4920 2556 4985 3)
2601 4922 2877 4990 Perrinos,
2913 4921 3296 4985 Berthelerae'os,
3359 4922 3645 4976 Vandelios
3691 4922 3935 4991 aliosque
3982 4923 4081 4991 qai
4112 4937 4256 4976 sane

2290 4991 2396 5043 sibi
2427 4995 2725 5058 potentiam
2762 4991 3116 5061 quaerebant,
3162 4990 3258 5043 sed
3293 4992 3524 5045 maxime
3561 4990 3848 5044 Gallorum
3886 4997 3937 5045 et
3969 4993 4256 5046 ministro-

2290 5075 2412 5113 rum
2448 5061 2793 5114 autoritatem
2828 5066 2878 5114 et
2907 5060 3279 5127 principatum
3312 5061 3650 5125 respuebant.

2498 5128 2558 5192 4)
2600 5128 2840 5183 Ioannes
2891 5129 3004 5182 scil.
3043 5129 3320 5183 Dominus
3365 5129 3430 5180 de
3477 5129 3700 5191 Verace,
3755 5126 3975 5182 Calvini
4018 5130 4258 5196 assecla,

2291 5212 2342 5249 a.
2381 5194 3101 5332 ¹M{)Gleirne¹1'ffi8reoepm'
3137 5214 3191 5250 a.
3229 5194 3363 5249 1555
3396 5199 3613 5250 civitate
3649 5196 3900 5250 donatus.

2500 5332 2561 5399 6)
2601 5337 2676 5391 N.
2723 5335 2866 5389 1841.

460 5432 676 5488 Caluini
703 5445 887 5500 opera.
972 5429 1082 5483 Vol.
1119 5427 1214 5482 XI
1228 5427 1286 5482 V.
3769 5419 3838 5470 43
