4900 6167
269 384 372 464 ‚2⁰9

410 566 612 631 Recte
650 584 805 630 vero
837 573 913 630 tu
947 565 1205 645 asseris,
1250 572 1583 649 utcunque
1624 565 1921 632 saeviant
1960 570 2182 649 patres

271 650 626 729 Tridentini,
674 649 1015 716 Christum
1060 659 1284 718 tamen
1326 651 1514 717 nobis
1554 649 1933 717 affuturum.
2018 651 2183 716 Per-

268 757 612 808 severemus
654 756 776 802 nos
817 736 1085 802 interim
1138 738 1210 801 in
1265 745 1491 802 nostra
1541 736 1824 803 statione
1864 744 1933 801 et
1974 736 2183 820 preci-

272 828 387 893 500.
466 822 681 888 Miror
724 843 808 887 an
852 821 1155 887 ultimam
1199 843 1411 888 meam
1470 822 1815 907 epistolam
1857 843 1992 888 una
2032 842 2184 889 cum

265 909 455 978 libello
499 905 797 974 dedicato
829 908 970 992 regi
1014 907 1272 974 Galliae
1316 907 1659 992 acceperis.
1746 906 1920 973 Nam
1954 929 2037 973 ex
2081 907 2183 973 ul-

266 997 419 1063 timis
478 994 611 1059 tuis
689 992 860 1059 nihil
922 992 1053 1059 tale
1117 994 1438 1078 suspicari
1497 994 1699 1077 potui.
1725 997 1779 1073 ⁹)
1886 990 1963 1060 Si
2028 992 2184 1077 quid

270 1079 531 1149 marchio
556 1080 642 1162 ¹⁰)
686 1079 813 1145 scri
857 1085 1048 1145 turus
1096 1088 1214 1159 est,
1269 1079 1490 1144 mittat
1533 1082 2047 1163 Argentoratum
2096 1078 2180 1144 D.

268 1165 717 1250 christophoro
778 1162 807 1251 [
1001 1165 1015 1178 '
1072 1164 1158 1253 ¹¹]
1220 1166 1393 1249 reg-is
1452 1165 1819 1231 secretario.
1922 1164 2184 1231 Laelius

268 1256 386 1320 eins
422 1251 649 1316 literas
691 1248 1013 1317 curandas
1054 1250 1357 1333 suscepit.
1449 1249 1636 1317 Salvi
1678 1250 1815 1316 sint
1858 1250 1984 1315 viri
2028 1248 2185 1317 boni

270 1357 499 1404 omnes:
559 1332 935 1423 March[io],
975 1335 1109 1402 Iac.
1155 1357 1197 1402 a
1260 1332 1708 1423 Bur9[undia]
1757 1386 1770 1400 .
1819 1385 1833 1400 .
1880 1385 1895 1398 .
1942 1386 1956 1400 .
1991 1337 2070 1418 ¹²)
2116 1344 2187 1400 ert

461 1430 649 1508 ystae
697 1442 937 1488 omnes.
1024 1421 1191 1489 Vale
1237 1430 1305 1486 et
1374 1442 1523 1486 ama
1574 1441 1712 1486 nos.
1802 1421 2034 1505 Tiguri
2082 1422 2182 1486 2⁷.

315 1509 551 1575 ovemb.
606 1509 787 1572 1551.

1373 1643 1796 1729 Bullingerus
1839 1651 2011 1709 tuus.

1112 2174 1305 2244 155⁹.

917 2311 1507 2378 BULLINGERI

634 2414 1015 2498 Aphorismi
1059 2412 1141 2478 de
1184 2414 1789 2497 praedestinatione.

266 2588 497 2652 (Exstant
530 2602 694 2640 manu
728 2601 929 2639 coaeva
963 2585 1140 2641 deseri
1181 2585 1225 2638 ti
1260 2585 1315 2639 in
1351 2584 1482 2639 000.
1518 2586 1683 2640 Arch.
1720 2586 1895 2639 Tun-ic.
1932 2586 2076 2639 Plut.
2097 2584 2187 2638 vl.

264 2655 371 2709 Vol.
389 2655 505 2723 lm,
541 2655 673 2709 olim
688 2652 861 2707 Scrin.
882 2654 939 2708 B.
962 2655 1102 2724 Epp.
1171 2671 1275 2707 om.
1298 2653 1342 2709 1.
1359 2654 1451 2708 sol.
1472 2652 1591 2707 415.
1614 2681 1675 2692 -—
1703 2654 1913 2708 Simler.
1937 2653 2054 2708 Vol.
2077 2651 2187 2721 76.)

265 2824 351 2890 Ι)0
377 2825 591 2891 000010
629 2826 956 2890 humanae
992 2824 1221 2892 salutis
1256 2835 1323 2890 et
1358 2824 1795 2893 damnationis
1829 2824 2189 2908 aphorismi

266 2931 332 2976 ex
371 2912 795 2977 consensione
838 2911 907 2976 in
944 2933 1015 2976 re
1060 2911 1567 2978 sacramentaria
1601 2911 2050 2978 ministrorum
2085 2931 2189 2977 ec-

567 2996 807 3064 clesiae
850 2996 1206 3081 'Digni-inae
1249 3006 1316 3062 et
1358 2996 1786 3064 Genevensis.
1811 2996 1861 3083 ¹)

409 3134 699 3200 Ultimus
743 3135 972 3199 beatae
1020 3133 1192 3200 vitae
1246 3134 1398 3200 finis
1442 3142 1543 3200 est
1585 3147 1659 3200 ut
1699 3133 1999 3199 homines
2041 3154 2190 3218 per-

264 3221 514 3284 veniant
557 3218 640 3285 ad
684 3219 906 3284 Deum
949 3227 1017 3283 et
1059 3219 1195 3284 sint
1237 3220 1377 3284 eius
1420 3220 1572 3299 filii,
1629 3229 1838 3303 utque
1880 3219 1966 3286 sit
2006 3220 2191 3285 Deus

263 3305 466 3370 omnia
506 3305 577 3369 in
621 3304 938 3370 omnibus.

416 3389 520 3456 Ad
562 3388 785 3456 Deum
842 3401 1063 3455 autem
1119 3391 1498 3473 pervenitur
1552 3411 1670 3475 per
1712 3390 1925 3456 solum
1967 3389 2191 3457 Chris-

263 3485 405 3552 tum,
453 3476 564 3558 qui
608 3485 709 3541 est
750 3477 901 3542 finis
947 3476 1109 3559 legis
1163 3488 1233 3540 et
1284 3476 1471 3542 00100
1524 3477 1811 3560 cognitio
1869 3483 2075 3540 totam
2117 3476 2188 3540 in

264 3580 322 3626 ee
360 3561 680 3646 evangelii
724 3581 1043 3627 summam
1089 3561 1315 3646 procul
1361 3560 1556 3626 dubio
1595 3559 2102 3645 comprehendit.

414 3645 478 3714 Is
521 3648 700 3712 enim
744 3666 1004 3713 carnem
1054 3657 1347 3712 nostram
1392 3645 1639 3726 induit,
1685 3657 1761 3712 ut
1801 3647 1943 3713 iure
1988 3645 2188 3731 adop·

265 3732 443 3798 tionis
485 3732 553 3797 id
593 3731 765 3815 quod
811 3739 1048 3798 natura
1091 3734 1423 3817 proprium
1460 3733 1743 3800 habebat
1784 3733 1971 3799 nobis
2012 3753 2187 3798 com-

265 3819 621 3884 municaret.
711 3815 1050 3901 Siquidem
1094 3818 1231 3884 solo
1275 3818 1587 3886 beneficio
1628 3819 1860 3885 mortis
1902 3819 2043 3884 eius
2085 3840 2189 3884 re·

267 3903 668 3970 conciliamur
709 3901 875 3981 Deo,
921 3926 953 3969 s
1002 3903 1160 3969 iritu
1218 3925 1615 3971 renovamur
1666 3907 1738 3969 in
1780 3906 1958 3970 vitae
2001 3925 2186 3970 sanc-

266 3989 520 4065 titatem,
564 3990 886 4056 iustitiam
974 3990 1209 4073 enique
1261 4010 1338 4056 ac
1381 3991 1661 4057 salntem
1705 3991 2183 4073 consequimur.

415 4073 608 4156 Quod
652 4075 729 4139 fit
771 4074 927 4139 dum
966 4075 1096 4140 fide
1138 4076 1367 4141 inserti
1413 4077 1482 4141 in
1518 4097 1750 4159 corpus
1772 4076 2042 4154 Christi,
2087 4074 2187 4139 id-

265 4179 373 4241 que
413 4161 680 4244 spiritus
733 4161 939 4226 sancti
999 4162 1270 4240 virtute,
1325 4164 1610 4245 primum
1653 4161 1811 4229 10001
1848 4181 2190 4227 censemur

368 4248 531 4312 tuita
570 4246 862 4311 institiae
914 4247 1376 4331 imputatione,
1434 4247 1670 4315 deinde
1724 4267 2187 4332 regeneramur

265 4351 327 4394 ιιι
366 4352 600 4398 novam
642 4333 870 4398 vitam.
957 4330 1111 4413 Quo
1152 4333 1483 4399 reformati
1540 4335 1611 4398 in
1648 4333 2023 4418 imaginem
2079 4352 2190 4416 pa-

265 4417 371 4480 tris
408 4417 704 4484 coelestis
749 4418 956 4483 veteri
1001 4417 1250 4481 homini
1295 4420 1774 4486 renunciamus.

413 4503 638 4586 Neque
683 4523 839 4568 vero
882 4501 1192 4568 Christus
1237 4515 1531 4571 servator
1573 4526 1757 4572 snam
1813 4505 1880 4569 in
1925 4524 2041 4570 nos
2086 4504 2186 4568 vi·

445 4742 502 4809 9)
546 4735 731 4824 Quam
756 4742 1013 4798 habemus
1057 4741 1299 4797 ahimam
1339 4742 1558 4798 Galeoai
1601 4743 1676 4798 N.
1700 4695 1847 4824 1535
1893 4748 2019 4798 am
2062 4743 2188 4799 uui·

268 4810 839 4936 &mg
867 4808 1003 4866 1545
1038 4811 1244 4877 scripta
1278 4810 1403 4876 fuit.
1462 4811 1617 4881 Erqo
1650 4811 1739 4868 luc
1773 4813 1888 4868 alia
1922 4812 2186 4882 quaedam

270 5090 350 5138 m
398 4949 507 5138 31ῗῖ
546 4947 2190 5075 fvoefflPmbouioo-imrmooermfioe

273 5153 512 5350 ἓξὲξ)
546 5154 1084 5359 mazam
1124 5194 1382 5291 ’epistola
1442 5222 1604 5278 emal
1679 5223 1949 5281 German·
2021 5239 2191 5280 mmo.

465 5374 685 5434 aalma·
718 5394 904 5449 opera.
988 5379 1098 5435 m
1139 5378 1235 5433 xz
1248 5380 1312 5436 V.

1933 383 2091 445 1551
2127 377 2546 448 Novmffl.

4104 393 4235 457 210

2287 575 2428 636 tam
2469 567 2780 634 diffundit
2821 578 2887 636 et
2915 568 3184 635 effectus
3219 570 3595 636 huiusmodi
3633 574 3878 657 profert
3913 573 3986 639 in
4019 577 4233 656 00510,

2287 654 2418 719 0101
2461 662 2661 739 00000
2702 662 3003 719 nostrum
3046 654 3133 719 sit
3149 705 3167 734 ,
3223 662 3292 719 et
3332 655 3406 720 in
3449 656 3590 723 0100
3633 679 3868 742 001000
3911 659 4233 729 coalesca-

2286 761 2434 805 mus
2473 749 2547 804 et
2586 761 2794 806 unum
2834 739 3198 807 efficiamur
3248 740 3321 805 in
3375 742 3535 825 ipso.
3638 745 3853 826 Atque
3911 745 4073 813 11000
4129 755 4236 812 000

2288 846 2321 891 0
2366 825 2647 891 iritualis
2700 825 3199 892 communicatio
3264 847 3458 910 quam
3515 828 3833 894 habemus
3890 850 4041 896 cum
4097 833 4232 897 filio

2356 913 2447 988 ei,
2506 909 2663 976 dum
2708 911 2943 994 spiritu
3009 931 3126 975 suo
3181 913 3253 976 in
3306 910 3491 978 nobis
3547 913 3852 980 habitans
3894 916 4050 981 facit
4090 939 4232 983 cre-

2288 996 2517 1063 dentes
2560 1019 2785 1062 omnes
2828 996 3124 1062 omnium
3166 1017 3331 1080 quae
3384 998 3456 1063 in
3509 999 3655 1081 ipso
3697 1000 3992 1067 resident
4032 1001 4233 1068 bono·

2286 1103 2435 1147 rum
2480 1092 2821 1166 compotes.

2459 1167 2667 1233 Cuius
2789 1165 3011 1233 uidem
3045 1168 3521 1233 communionis
3556 1170 4000 1237 testificandae
4035 1194 4234 1240 causa

2287 1261 2426 1319 tam
2470 1252 2794 1339 evang-elii
2836 1251 3229 1337 praedicatio
3271 1254 3575 1320 instituta
3618 1262 3734 1333 est,
3776 1277 3974 1339 quam
4017 1278 4234 1325 sacra-

2288 1345 2663 1404 mentorum
2681 1390 2697 1417 ,
2761 1337 3072 1423 baptismi
3140 1340 3305 1404 sacri
3368 1359 3713 1423 sacraeque
3756 1361 4011 1422 coenae,
4078 1366 4235 1411 usus

2286 1423 2800 1492 commendatus.
2868 1422 3055 1505 Quae
3094 1432 3370 1490 mortem
3415 1424 3666 1491 Christi
3708 1429 4057 1494 servatoris
4096 1450 4234 1494 om-

2287 1510 2529 1594 niaque
2573 1509 2884 1575 beneficia
2925 1511 2996 1575 in
3038 1510 3419 1575 memoriam
3476 1510 3850 1579 hominibus
3904 1523 4234 1594 revocant,

2289 1604 2358 1661 et
2398 1594 2570 1679 quod
2616 1617 2727 1661 010
2751 1594 2873 1660 Dei
2905 1596 3408 1679 pronunciatum
3455 1605 3554 1663 est
3595 1598 3783 1681 quasi
3826 1598 4041 1683 sig-illa
4081 1621 4234 1666 con-

2288 1682 2559 1747 firmant
2601 1688 2669 1747 et
2710 1681 3030 1760 sanciunt,
3075 1688 3143 1746 00
3185 1682 3461 1747 incitant
3502 1681 3585 1748 ad
3628 1684 3992 1768 gratiarum
4035 1686 4236 1752 actio—

2290 1787 2462 1846 nem,
2509 1773 2794 1850 suntque
2836 1764 2988 1832 fidei
3032 1774 3099 1831 et
3132 1767 3279 1850 piae
3314 1767 3490 1832 vitae
3534 1769 3860 1834 exercitia.
3930 1768 4236 1869 Denique

2288 1874 2373 2001 {i
2372 1852 4044 2021 ‘'thu'‘“zffissffssrsszsssszzzffiffi„fffffiaz’ss‘mhss
4050 1865 4236 1922 “⁰⁶⁶⁸

2463 2020 2604 2088 Soli
2651 2031 2868 2088 tamen
2913 2021 3056 2088 Deo
3100 2031 3312 2087 totum
3353 2023 3583 2089 salutis
3625 2035 3884 2090 nostrae
3928 2046 4094 2110 opus
4134 2049 4236 2092 ac-

2289 2116 2553 2192 ceptum
2580 2109 2750 2174 ferre
2773 2107 3100 2185 debemus,
3140 2107 3250 2191 qui
3286 2109 3522 2190 spiritu
3559 2130 3678 2175 suo
3714 2112 3852 2193 agit
3886 2112 4237 2178 efficaciter

2289 2192 2403 2259 ubi
2447 2194 2663 2259 visum
2708 2204 2827 2270 est,
2868 2194 3134 2277 ipseque
3178 2192 3483 2258 Christus
3525 2195 3705 2260 intus
3766 2216 3967 2279 agens
4021 2195 4238 2261 homi-

2292 2300 2447 2344 nem
2490 2280 2592 2345 sui
2639 2280 3017 2363 participem
3061 2279 3249 2343 facit:
3297 2290 3371 2343 ut
3413 2301 3677 2363 organa,
3721 2279 3996 2346 verbum
4039 2282 4235 2347 nimi-

2290 2385 2443 2429 rum
2478 2373 2547 2430 et
2587 2371 3010 2442 sacramenta,
3055 2385 3221 2448 quae
3243 2364 3426 2429 Deus
3468 2363 3730 2431 adhibet
3773 2375 4084 2449 tanquam
4120 2365 4236 2431 ad-

2292 2450 2621 2531 minicula,
2668 2449 2830 2516 nihil
2877 2451 3010 2516 sint
3052 2450 3397 2532 profutura
3439 2450 3565 2515 nisi
3606 2450 3786 2515 Deus
3830 2451 3897 2515 in
3953 2450 4237 2518 solidum

2292 2535 2536 2601 efficiat
2576 2536 2798 2601 omnia
2831 2557 2996 2619 quae
3039 2535 3122 2600 ad
3165 2534 3446 2601 salutem
3490 2535 3773 2601 hominis
3815 2547 4125 2619 spectant.

2463 2622 2673 2686 Porro
2729 2621 2957 2687 sedulo
3009 2620 3315 2687 docemus
3331 2671 3348 2700 ,
3406 2622 3626 2687 Deum
3691 2643 3824 2686 non
3866 2623 4236 2705 promiscue

2293 2706 2427 2771 vim
2470 2727 2655 2772 suam
2709 2727 3013 2773 exercere
3075 2708 3140 2771 in
3201 2704 3500 2773 omnibus
3557 2708 3667 2790 qui
3726 2717 4132 2774 sacramenta
4169 2717 4236 2773 et

2292 2792 2569 2857 verbum
2612 2800 2960 2858 externum
3006 2793 3363 2875 recipiunt,
3407 2790 3524 2858 sed
3567 2800 3825 2856 tantum
3864 2793 3935 2857 in
3991 2794 4233 2860 electis.

2293 2877 2465 2942 Nam
2522 2876 3066 2961 quemadmodum
3120 2899 3253 2943 non
3311 2877 3471 2943 alios
3521 2877 3593 2942 in
3645 2876 3842 2943 fidem
3903 2877 4238 2944 illuminat

2290 2964 2418 3029 nisi
2462 2985 2624 3047 quos
2664 2963 3154 3048 praeordinavit
3185 2961 3268 3028 ad
3302 2964 3523 3043 vitam,
3566 2964 3660 3027 ita
3693 2982 3932 3027 arcana
3965 2986 3998 3029 s
4042 2965 4238 3031 iritus

2292 3049 2398 3114 sui
2443 3050 2686 3115 virtute
2730 3049 2926 3115 efficit
2969 3057 3043 3114 ut
3083 3048 3449 3132 percipiant
3500 3047 3690 3115 electi
3732 3047 3905 3132 quod
3949 3069 3988 3113 o
4041 3055 4237 3115 erunt

2293 3141 2706 3201 sacramenta
2758 3144 2825 3200 et
2879 3134 3174 3200 verbum.
3265 3133 3490 3215 Quum
3535 3133 3711 3198 enim
3754 3134 4044 3217 reprobis
4087 3155 4240 3217 per-

2295 3240 2500 3302 aeque
2541 3229 2620 3285 ut
2653 3220 2874 3288 electis
2908 3218 3448 3286 administrentur
3481 3220 3689 3302 signa,
3737 3220 3977 3285 veritas
4019 3220 4241 3305 signo-

2293 3326 2444 3371 rum
2487 3306 2570 3371 ad
2615 3307 2851 3373 electos
2893 3304 3063 3370 solos
3105 3306 3424 3388 pervenit.

2464 3390 2651 3473 Quae
2688 3391 2864 3458 dicta
2898 3413 3053 3456 sane
3068 3392 3124 3473 2)
3163 3390 3242 3456 (10
3278 3391 3884 3475 praedestinatione,
3920 3390 4239 3460 electione

2293 3488 2361 3541 et
2401 3477 2875 3560 reprobatione,
2920 3497 3086 3559 quae
3128 3486 3285 3542 sunt
3314 3478 3601 3543 actiones
3638 3478 4085 3543 sanctissimae
4119 3499 4237 3544 vo-

2293 3562 2570 3628 luntatis
2613 3563 2757 3638 Dei,
2804 3572 2881 3628 ut
2925 3562 3032 3628 hic
3075 3564 3145 3627 in
3189 3562 3419 3629 salutis
3455 3564 3713 3662 negotio
3757 3562 3925 3628 nihil
3968 3562 4239 3629 dubium

2293 3657 2362 3713 et
2404 3649 2786 3732 ambiguum
2833 3648 3255 3732 relinquatur,
3303 3649 3395 3716 sic
3439 3650 3707 3732 accipio:

2462 3733 2650 3799 Deus
2692 3743 2880 3817 pater
2921 3736 3212 3799 omnium
3258 3733 3770 3818 philanthropos,
3828 3741 3897 3796 et
3949 3732 4120 3797 idem
4164 3736 4240 3800 in

2291 3840 2519 3885 omnes
2562 3819 2729 3886 citra
2771 3840 3089 3902 personae
3136 3828 3519 3904 respectum,
3572 3818 3713 3884 vult
3750 3837 3978 3883 omnes
4022 3817 4237 3883 homi-

2293 3928 2410 3973 nes
2453 3905 2671 3972 salvos
2713 3906 2854 3970 fieri
2907 3915 2976 3971 et
3033 3903 3116 3972 ad
3170 3926 3245 3972 co
3345 3906 3604 3968 ‘tionem
3661 3903 3956 3969 veritatis
4007 3924 4238 3986 perve-

2291 3991 2453 4056 nire.
2541 3992 2794 4074 Estque
2847 3991 3189 4056 consilium
3317 3991 3376 4054 ei
3431 3987 3586 4071 000.
3646 3988 3825 4054 Max.
3873 3995 4236 4068 aeternum,

2294 4076 2505 4155 beare,
2550 4077 2905 4143 iustificare
2949 4087 3016 4142 et
3050 4074 3459 4142 sanctificare
3495 4074 3812 4153 homines,
3856 4072 4238 4141 condonatis

2290 4162 2574 4246 peccatis
2615 4163 2687 4227 in
2733 4162 2870 4228 solo
2913 4160 3269 4227 mediatore
3310 4159 3465 4224 Iesu
3511 4157 3773 4225 Ohristo
3828 4159 3963 4225 filio
4006 4161 4237 4245 unige-

2292 4249 2451 4324 nito,
2490 4270 2575 4314 ex
2609 4268 2794 4314 mera
2826 4247 3055 4332 gratia,
3095 4254 3361 4328 propter
3391 4246 3608 4328 ipsum
3628 4245 3857 4322 filium,
3895 4244 4006 4327 qui
4043 4246 4237 4311 homo

2289 4334 2502 4400 factus
2543 4343 2611 4399 et
2651 4353 2882 4417 passus
2916 4339 2983 4398 00
3016 4341 3308 4396 mortuus
3344 4330 3632 4412 expiavit
3665 4336 4000 4414 peccatum
4037 4331 4238 4397 totius

2289 4416 2542 4498 mnndi,
2587 4440 2703 4502 per
2743 4416 2940 4484 fidem
2981 4417 3055 4480 in
3096 4436 3335 4482 nomen
3378 4414 3553 4492 Iesu,
3597 4436 3731 4479 non
3764 4435 3883 4498 per
3924 4416 4236 4481 meritum

2293 4504 2401 4572 vel
2451 4524 2491 4570 o
2574 4525 2651 4569 ra
2704 4523 2870 4588 quae
2921 4503 3062 4585 ipse
3113 4502 3310 4567 homo
3377 4501 3570 4567 facit:
3636 4500 3951 4566 damnare
4008 4512 4236 4567 autem

2292 4591 2438 4657 incr
2521 4590 2665 4656 ulos
2720 4588 2803 4655 ob
2856 4588 3146 4672 ipsorum
3211 4595 3550 4671 peccatum
3605 4594 3673 4650 et
3726 4586 4015 4669 culpam,
4082 4587 4236 4670 quia

2291 4697 2425 4742 non
2469 4683 2861 4759 receperunt
2900 4682 3298 4740 servatorem
3341 4671 3725 4738 exhibitum.

2464 4759 2684 4842 Quam
2738 4759 2931 4826 fidem
2998 4761 3191 4826 etiam
3248 4758 3446 4824 donat
3505 4764 3694 4841 pater
3757 4756 4082 4833 coelestis,
4150 4776 4234 4821 ne

2290 4847 2439 4931 quis
2483 4867 2705 4912 coram
2748 4845 2891 4911 Deo
2973 4845 3246 4911 lorietur
3260 4895 3275 4923 ,
3333 4842 3434 4909 sui
3499 4841 3620 4907 filii
3671 4839 4073 4908 dilectissimi
4125 4860 4232 4905 re-

2293 4939 2537 5016 spectu.
2628 4931 2809 4998 81010
2864 4938 3061 4997 001010
3120 4928 3344 4996 fideles
3409 4928 3739 4995 aerumnis
3788 4928 3986 4993 variis
4043 4944 4233 4989 exer-

2293 5021 2462 5099 ceri,
2518 5026 2594 5083 ut
2653 5017 2764 5083 lob
2781 5067 2796 5094 ,
2856 5015 2938 5081 ad
2997 5015 3275 5081 salutem
3332 5015 3622 5099 ipsorum
3675 5025 3745 5079 et
3795 5012 3897 5078 sui
3951 5010 4238 5076 nominis

2504 5292 2565 5361 2)
2605 5290 2700 5348 Sic
2731 5290 2911 5349 codex.
2950 5291 3171 5359 (00001)
3760 5366 3822 5421 14
