4900 6167
290 421 396 480 265

286 617 459 687 atque
498 604 695 668 etiam
739 606 811 669 in
853 604 1077 670 odium
1118 604 1412 686 rapuerit
1450 605 1656 686 patris
1695 606 2053 688 matrisque
2100 607 2197 670 fa-

284 690 491 765 milias,
536 709 697 772 quos
738 691 869 754 iam
912 709 1121 772 usque
1162 688 1324 754 adeo
1367 709 1485 753 suo
1524 691 1743 754 nescio
1778 710 1906 772 quo
1948 690 2196 755 fascino

254 775 688 852 dementant,
731 784 808 839 ut
847 774 1193 842 veritatem
1245 773 1497 839 nullam
1554 772 1977 840 admitterent
2029 795 2194 858 quae

282 880 413 924 cum
473 859 655 925 illius
721 859 936 926 verbis
1009 859 1458 944 dogmatisque
1523 880 1609 941 pu
1705 869 1863 925 aret.
1974 863 2193 943 Atque

282 947 387 1010 hoc
425 946 557 1010 iam
600 947 672 1009 in
714 966 794 1011 ea
834 945 1083 1012 familia
1124 944 1444 1023 effecerat,
1488 953 1566 1009 ut
1649 945 1932 1011 'scordes
1974 955 2195 1010 essent

278 1037 468 1095 mater
507 1041 576 1095 et
615 1030 797 1096 filius
852 1039 922 1097 et
975 1038 1400 1113 utrorumque
1441 1029 1670 1095 famuli
1691 1082 1705 1106 ,
1764 1029 1933 1113 quod
1984 1030 2193 1096 altera

278 1137 411 1198 pars
451 1137 603 1181 eum
643 1116 853 1199 qualis
901 1128 1073 1182 esset
1112 1116 1312 1199 probe
1363 1123 1710 1198 assequuta
1751 1137 1882 1181 non
1923 1117 2053 1180 iam
2096 1117 2193 1181 illi

278 1202 604 1266 assentiret
641 1222 854 1284 noque
895 1201 1315 1268 blandiretur.
1380 1201 1608 1283 Neque
1651 1221 1809 1266 vero
1852 1204 2010 1267 satis
2043 1223 2190 1284 pos-

277 1288 383 1352 sim
420 1287 776 1368 explanare
819 1297 1097 1371 quantas
1147 1286 1258 1351 ille
1313 1284 1535 1350 turbas
1591 1284 1828 1370 ubique
1871 1288 2189 1366 excitarit,

273 1371 1115 1555 iinssebmefflroefgedffllongo
1148 1385 1634 1555 {dstoedbfmpore
1656 1372 2190 1554 ngliquldoqinnlduss

274 1551 401 1618 tna,
443 1555 519 1607 ut
561 1564 641 1607 ea
682 1542 875 1608 domo
918 1543 1290 1621 eiiceretur,
1348 1553 1414 1607 et
1470 1541 1617 1608 aliis
1659 1551 1857 1607 etiam
1899 1543 2189 1608 innotes-

272 1637 430 1692 ceret
467 1627 799 1695 nobilibus
840 1629 1122 1703 familiis,
1167 1648 1327 1710 quas
1368 1629 1573 1693 ferme
1615 1628 1749 1714 iam
1792 1637 2187 1711 corruperat,

269 1722 442 1795 atque
496 1715 569 1777 iu
625 1715 727 1779 sui
780 1734 1033 1796 quoque
1086 1712 1578 1778 admirationem
1632 1712 2006 1778 adduxerat.
2100 1716 2189 1780 Ac

271 1797 406 1862 dum
445 1798 517 1863 id
560 1818 683 1883 ago
727 1820 844 1881 pro
878 1799 1145 1876 viribus,
1191 1796 1522 1864 commode
1556 1820 1697 1864 sese
1732 1797 1918 1864 nobis
1951 1799 2187 1864 obtulit

269 1884 523 1966 epistola
565 1885 884 1967 quaedam
938 1894 1053 1948 tua
1076 1885 1158 1964 ¹⁹)
1211 1884 1292 1948 ad
1346 1885 1560 1949 virum
1617 1883 1943 1966 quendam
1999 1886 2185 1951 uobi-

269 1968 397 2044 lem,
440 1990 591 2035 cum
636 1990 766 2054 quo
808 1969 1245 2053 vertiginosus
1299 1969 1410 2034 ille
1454 1970 1798 2052 aliquando
1844 1968 2182 2035 Geuevam

269 2055 542 2136 petierat.
587 2057 659 2119 in
703 2077 832 2137 qua
874 2057 1033 2121 satis
1067 2054 1427 2120 luculenter
1470 2052 1957 2120 demonstrabas
2001 2055 2185 2204 gnam

268 2139 361 2203 ille
382 2141 543 2204 mihi
565 2150 634 2205 et
678 2139 904 2205 multis
927 2140 1076 2205 aliis
1098 2139 1441 2224 legendam
1464 2140 1759 2223 protulit)
1804 2138 1959 2222 quid
2046 2162 2083 2206 e
2106 2162 2181 2206 eo

268 2227 388 2307 ipso
428 2227 740 2291 sentires:
787 2247 982 2308 quem
1026 2224 1139 2290 tibi
1187 2237 1405 2291 tamen
1450 2247 1579 2291 non
1622 2227 1779 2290 satis
1822 2227 2020 2290 etiam
2065 2248 2181 2291 no·

270 2319 393 2374 tum
448 2333 591 2376 esse
650 2310 865 2394 qualis
922 2324 1093 2377 esset
1133 2311 1421 2377 verebar.
1508 2311 1610 2376 Ea
1652 2311 1926 2392 epistola
1967 2330 2186 2377 meum

271 2395 376 2460 hoc
415 2395 709 2461 studium
744 2397 911 2462 iuvit
944 2417 1353 2481 magnopere.
1444 2396 1611 2460 Nam
1654 2396 1764 2461 ille
1807 2417 2057 2480 quoque
2103 2396 2185 2461 ad

270 2502 438 2561 quem
483 2484 730 2564 scripta
771 2491 915 2547 erat
956 2502 1040 2546 ex
1098 2483 1305 2564 ipsius
1349 2482 1622 2548 lectione
1665 2502 2016 2564 persuasus
2057 2481 2182 2566 hy-

270 2568 561 2647 pocritam
612 2587 776 2646 esse,
836 2588 1028 2649 quem
1071 2577 1145 2632 ut
1187 2567 1799 2633 christianissimum
1844 2586 1993 2632 cum
2038 2589 2183 2633 cae·

269 2654 407 2716 teris
449 2673 703 2735 quoque
745 2652 828 2718 ab
870 2674 947 2719 eo
987 2652 1170 2719 falsis
1204 2661 1397 2718 antea
1437 2651 1843 2734 suspiciebat,
1887 2660 2184 2718 mutuam

268 2737 411 2802 mihi
451 2759 719 2820 operam
756 2758 830 2804 ac
866 2738 1269 2823 diligentiam
1305 2739 1372 2802 in
1408 2738 1533 2803 hoc
1570 2736 1856 2814 tradidit,
1902 2748 1976 2803 ιιι
2009 2748 2185 2804 recte

269 2842 400 2886 eum
441 2831 712 2906 possent
752 2843 1101 2908 agnoscere
1143 2843 1386 2900 omnes,
1431 2823 1664 2905 quibus
1715 2832 1855 2888 arte
1897 2844 2019 2889 sua
2059 2826 2182 2888 im-

268 2916 468 2989 postor
525 2908 639 2973 ille
692 2908 1045 2974 fascinaret
1095 2908 1332 2974 oculos.
1420 2910 1636 2990 Atque
1689 2918 1765 2973 ut
1807 2909 1929 2973 hoc
1970 2911 2183 2992 ipsum

267 2993 387 3057 fieri
430 3001 654 3076 posset
697 2994 812 3060 tibi
856 2995 988 3060 iam
1033 3007 1185 3059 aute
1229 2995 1740 3078 significaveram
1759 3046 1774 3073 ,
1834 2995 1883 3057 si
1946 2995 2027 3058 ad
2071 3015 2181 3059 eos

270 3079 565 3145 scriberes
628 3081 743 3163 qui
808 3079 1091 3144 hominis
1138 3080 1414 3164 ‚ingenio
1481 3080 1611 3145 iam
1691 3079 2180 3158 delectarentur,

270 3165 489 3316 θοι-ἰτέἓ
531 3165 1284 3335 ιιιιιὼὶιιιορῦιιῑιιιςιιορειζῖ
1324 3166 1642 3314 οοιὲΐθηθι
1670 3186 1856 3250 posse
1890 3174 1968 3229 ut
2004 3165 2181 3231 illius

264 3268 327 3314 so
512 3271 589 3317 ac
704 3272 766 3318 ci
917 3271 1366 3316 amomnius
1455 3271 1657 3315 eren.

414 3336 773 3419 Postquam
831 3335 986 3403 haec
1042 3344 1183 3402 acta
1237 3336 1501 3401 fuerunt
1558 3337 1626 3400 in
1682 3336 2184 3420 Lotharingiam

270 3420 562 3500 gravibus
605 3442 689 3486 ex
731 3422 948 3488 causis
990 3431 1257 3488 vocatus
1289 3442 1395 3486 me
1437 3421 1699 3498 contuli,
1745 3421 1856 3487 ubi
1899 3442 2006 3486 me
2040 3420 2185 3486 Deo

271 3504 510 3571 favente
562 3507 790 3573 fecisse
844 3528 1033 3591 spero
1087 3507 1255 3589 quod
1311 3507 1393 3571 ad
1450 3507 1657 3588 ipsius
1721 3507 1999 3591 gloriam
2066 3507 2184 3571 ali·

269 3591 505 3670 quando
560 3594 760 3659 faciat
814 3601 880 3658 et
934 3593 1329 3659 christianae
1386 3594 1688 3658 ecclesiae
1746 3592 2182 3657 commodum:

268 3673 325 3738 id
362 3676 531 3759 quod
585 3677 705 3742 tibi
762 3680 1068 3761 privatim
1124 3677 1337 3744 dicere
1391 3699 1587 3761 quam
1642 3678 1923 3745 scribere
1983 3699 2184 3761 quum

272 3761 341 3823 sit
389 3763 748 3828 consultius
764 3815 779 3842 ,
838 3765 905 3827 in
963 3783 1272 3846 praesens
1327 3764 1622 3830 reticebo.
1723 3764 1868 3830 Hoc
1924 3772 2185 3828 tantum

271 3845 565 3926 adiiciam,
610 3870 724 3913 me
758 3847 837 3913 de
862 3849 1147 3915 Metensi
1189 3850 1453 3914 civitate
1495 3849 1826 3931 praeclara
1868 3848 2182 3932 quaedam

270 3950 523 4013 sperare.
612 3933 776 3999 Inde
820 3932 1147 4018 digressus
1180 3946 1254 3998 ut
1295 3934 1422 3999 huc
1464 3956 1569 4000 me
1613 3935 1966 4018 reciperem
1984 3986 2000 4012 ,
2058 3936 2183 3999 iter

270 4036 463 4082 meum
508 4020 665 4101 ipse,
716 4019 830 4085 sed
874 4020 978 4103 pio
1020 4018 1292 4103 quodam
1340 4018 1571 4098 studio,
1630 4029 1992 4085 remoratus
2035 4040 2179 4086 sum

271 4102 661 4186 aliquamdiu.
724 4105 896 4169 Nam
916 4126 1119 4187 quum
1150 4105 1551 4172 incredibilis
1573 4126 2027 4190 generosorum
2065 4106 2181 4170 ho·

269 4188 500 4254 minum
542 4190 904 4273 ftequentia
954 4211 1129 4256 nunc
1183 4212 1298 4274 per
1342 4200 1542 4256 totam
1587 4193 1719 4257 fere
1767 4190 2053 4256 Galliam
2097 4189 2179 4255 ad

268 4274 631 4341 miraculum
677 4296 885 4359 usque
928 4277 1233 4360 pietatem
1272 4277 1712 4362 evangelicam
1750 4276 2179 4358 amplectatur

271 4355 404 4440 (quo
446 4362 709 4425 nomine
745 4383 875 4427 non
913 4363 1150 4447 exigua
1184 4363 1469 4446 profecto
1494 4363 1634 4427 Deo
1663 4363 1906 4446 gratias
1941 4361 2179 4446 agendi

268 4443 436 4541 uobis
500 4449 744 4514 occasio
806 4449 1126 4531 suppetit)
1199 4450 1411 4514 nescio
1474 4447 1789 4532 quomodo
1855 4446 2175 4526 acciderit,

272 4531 381 4594 msi
441 4531 605 4613 quod
670 4534 884 4598 Deum
950 4533 1043 4596 ita
1106 4533 1386 4599 voluisse
1439 4533 1723 4610 confid0,
1784 4541 1860 4599 ut
1912 4532 2178 4602 illorum

272 4634 445 4696 quam
488 4618 788 4700 plurimis
841 4618 966 4685 hoc
1020 4618 1253 4682 itinere
1308 4621 1699 4686 innotuerim
1717 4669 1732 4697 ,
1791 4617 2177 4702 quibusdam

274 4701 449 4766 ctiam
504 4703 671 4768 mihi
736 4703 1027 4787 cognatis
1084 4712 1150 4767 et
1209 4703 1513 4770 affinibus
1529 4756 1543 4782 ,
1603 4726 1760 4788 quos
1816 4711 2008 4769 antea
2058 4725 2177 4769 nec

273 4806 479 4851 noram
519 4810 638 4855 nec
681 4786 992 4866 videram,
1036 4797 1233 4872 prout
1273 4788 1526 4856 itineris
1568 4791 1697 4855 mei
1743 4790 1908 4855 ratio
1950 4797 2175 4871 postu-

274 4867 457 4938 labat:
503 4883 578 4938 ut
619 4896 793 4940 nunc
828 4873 909 4939 ad
950 4895 1156 4940 uuum
1200 4895 1374 4938 nunc
1408 4872 1492 4939 ad
1526 4875 1725 4942 alium
1768 4874 2174 4940 diverterem.

276 4951 588 5038 Siquidem
641 4967 985 5042 postquam
1038 4982 1206 5026 unus
1258 4958 1520 5024 illorum
1578 4971 1771 5044 atque
1823 4959 1989 5025 alter
2043 4961 2175 5043 pri-

276 5060 437 5107 num
479 5045 621 5127 quis
662 5065 871 5111 essem
915 5047 1249 5112 occasione
1291 5043 1441 5110 data
1484 5047 1771 5128 agnovit,
1829 5047 2049 5113 statim
2094 5043 2178 5110 ad

279 5126 535 5209 reliquos
589 5149 814 5196 omnes
866 5130 1167 5196 visendos
1231 5131 1394 5196 mihi
1454 5131 1626 5194 viam
1684 5132 2006 5211 fecerunt,
2064 5138 2179 5195 aut

286 5251 647 5262 ———.-—-—-.-.-.

428 5317 514 5380 19)
552 5318 700 5374 roua
734 5318 959 5386 epistola
990 5334 1102 5374 nov·
1136 5323 1326 5374 astat.

1968 421 2125 481 1552
2171 416 2558 487 IANUAR-

4101 425 4227 486 266

2298 605 2450 669 dato
2492 605 2751 671 itineris
2791 603 2974 680 duce,
3020 614 3135 670 aut
3175 605 3449 688 epistola
3503 606 4059 686 commendatitia,
4117 619 4232 673 aut

2298 689 2512 772 aliquo
2547 691 2811 755 notitiae
2843 691 3424 773 insinuationisque
3460 690 3787 775 symbolo:
3824 693 3917 756 ita
3949 700 4027 756 ut
4059 714 4229 758 nun-

2295 795 2489 856 quam
2536 774 2653 841 abs
2694 795 3015 858 quoquam
3061 772 3458 841 discederem
3492 777 3651 859 quin
3694 774 3982 843 discessu
4028 780 4228 843 etiam

2293 881 2439 926 meo
2483 861 2692 926 tristis
2735 860 2820 925 ad
2863 861 3153 927 vicinum
3206 869 3319 924 aut
3376 861 3652 926 amicum
3703 883 3894 927 suum
3944 862 4227 945 aliquem

2295 945 2716 1011 salutandum
2761 946 3236 1029 visendamque
3280 946 3669 1011 hortaretur.
3759 946 3943 1012 Adeo
3978 948 4045 1011 id
4083 950 4225 1031 qui-

2295 1030 2443 1096 dem
2502 1041 2580 1095 ut
2636 1033 2689 1096 si
2756 1052 2873 1114 per
2928 1032 3148 1097 omnia
3201 1030 3463 1097 illorum
3521 1031 3803 1114 ingeniis
3866 1032 4226 1115 studiisque

2292 1115 2556 1199 obsequi
2592 1116 2960 1194 voluissem,
3005 1138 3251 1182 annum
3289 1117 3382 1182 sic
3415 1117 3746 1199 integrum
3791 1116 4228 1183 oberrandum

2293 1202 2455 1266 mihi
2498 1202 2696 1267 fuisse
2739 1223 2871 1267 non
2914 1201 3220 1268 dubitem.
3284 1199 3481 1268 Oerte
3525 1211 3703 1266 tanto
3748 1202 4054 1267 libentius
4095 1204 4227 1270 illis

2293 1286 2399 1352 hic
2443 1288 2660 1370 aliqua
2700 1308 2784 1352 ex
2835 1296 3022 1370 parte
3061 1307 3309 1352 morem
3353 1288 3552 1371 gessi,
3612 1299 3853 1369 quanto
3906 1286 3971 1351 id
4028 1290 4223 1354 utris-

2292 1393 2416 1454 que
2460 1381 2759 1437 nostrum
2804 1372 3026 1437 utilius
3068 1372 3267 1437 fuisse
3309 1374 3752 1455 experimento
3810 1372 4021 1438 didici.
4111 1372 4226 1440 Sic

2290 1458 2463 1522 enim
2508 1458 2754 1522 factum
2795 1457 2920 1522 fuit
2963 1466 3038 1522 ut
3078 1457 3176 1521 illi
3218 1457 3653 1523 consolatione
3696 1478 3842 1522 mea
3875 1467 4067 1541 atque
4110 1480 4224 1524 ex-

2291 1542 2679 1620 hortatione,
2724 1564 2921 1626 quam
2961 1543 3127 1607 mihi
3171 1551 3310 1607 tum
3332 1543 3518 1607 Deus
3560 1543 3628 1608 in
3663 1565 3735 1608 os
3775 1542 4056 1622 dederat,
4104 1565 4223 1628 ego

2291 1648 2446 1692 vero
2488 1627 2748 1692 illorum
2782 1628 3026 1711 pietate
3060 1647 3135 1693 ac
3169 1627 3299 1693 fide
3333 1639 3669 1711 perspecta
3703 1628 4036 1695 ardentius
4057 1631 4223 1695 utri-

2289 1734 2412 1795 que
2457 1713 2540 1779 ad
2583 1734 2776 1796 porro
2817 1712 3220 1798 pergendum
3272 1714 3345 1777 in
3388 1716 3495 1796 pio
3538 1714 3837 1778 instituto
3877 1714 4223 1781 incalueri-

2288 1819 2454 1864 mus.
2564 1802 2781 1881 Atque
2835 1800 3030 1864 huius
3104 1798 3384 1882 exempli
3444 1799 3609 1863 mihi
3661 1800 3859 1865 fuisse
3915 1798 4224 1866 videntur

2286 1882 2604 1965 quaedam
2643 1884 2836 1949 Pauli
2879 1885 3433 1967 peregrinationes
3477 1905 3638 1967 quas
3680 1885 3751 1948 in
3793 1885 3980 1951 Actis
4035 1907 4223 1969 apos-

2288 1969 2499 2034 tolieis
2542 1968 2735 2034 divus
2777 1970 2994 2035 Lucas
3029 1970 3253 2047 refert,
3311 1978 3377 2034 et
3419 1969 3643 2034 eodem
3689 1971 4013 2053 pertinere
4055 1970 4223 2035 illud

2288 2053 2370 2119 ad
2415 2054 2776 2120 Romanos:
2829 2052 3146 2118 Eume-903·
3184 2052 3300 2138 γὰρ
3347 2053 3495 2117 ἰδεῖν
3534 2052 3688 2134 ὑμᾶς
3732 2054 3826 2117 ἵνα
3890 2080 3945 2117 τι
3981 2055 4226 2136 μεταδῶ

2286 2141 2560 2289 ἕὲῗέ-,Ύ
2573 2139 3152 2308 ἆΐῖωῗὲῧῗῖἱῖ
3185 2142 3271 2288 ‘2²5
3304 2139 3510 2306 22?
3541 2141 3794 2303 :5³:³55
3813 2139 4216 2306 wast&

2284 2320 2542 2383 πίστεως
2583 2309 2747 2389 alpais·
2787 2335 2848 2374 τε
2891 2315 2994 2374 καὶ
3033 2311 3192 2390 ἐμοῦ,
3231 2320 3297 2374 et
3340 2311 3601 2393 reliqua.

2456 2396 2584 2461 His
2628 2396 2818 2462 credo
2862 2396 3161 2462 omnibus
3218 2419 3322 2461 me
3374 2395 3546 2479 apud
3603 2405 3668 2461 te
3711 2396 3908 2479 probe
3952 2417 4220 2463 excusa-

2286 2491 2429 2546 tum
2473 2482 2557 2545 iri
2600 2480 2769 2564 quod
2815 2504 2944 2547 non
3006 2481 3199 2546 citius
3241 2481 3464 2547 literas
3507 2480 3635 2548 huc
3679 2489 3827 2547 tuas
3869 2482 4217 2549 attulerim.

2287 2566 2473 2649 Quas
2513 2567 2712 2631 etiam
2747 2580 3007 2650 apertas
3040 2567 3271 2650 cuique
3306 2566 3565 2632 tradere
3599 2577 3858 2633 coactus
3891 2568 4002 2647 fui,
4049 2568 4219 2651 quod

2288 2673 2492 2735 quum
2535 2653 2709 2716 inter
2751 2652 3118 2718 Bononiam
3154 2661 3220 2717 et
3261 2651 3595 2717 Oalesium
3638 2653 3708 2716 iu
3753 2651 3980 2718 Gallos
4026 2674 4219 2737 quos-

2288 2737 2437 2802 dam
2503 2737 2743 2802 milites
2807 2738 3210 2814 incidissem,
3276 2738 3574 2803 omnibus
3630 2758 3795 2821 quae
3861 2759 4059 2820 penes
4114 2761 4218 2805 me

2287 2830 2477 2887 eraut
2519 2823 2804 2904 abreptis
2848 2844 2921 2890 ac
2965 2823 3404 2907 perlustratis,
3466 2832 3541 2887 ut
3592 2824 3734 2888 fieri
3777 2824 3969 2900 solet,
4026 2846 4218 2908 aegre

2287 2908 2551 2972 tandem
2611 2908 2986 2989 incolumis,
3053 2930 3174 2974 nec
3249 2909 3390 2975 sine
3452 2910 3637 2992 gravi
3715 2908 4002 2991 periculo
4068 2931 4218 2975 cum

2286 2994 2526 3075 apertis
2592 2993 2880 3076 epistolis
2951 2993 3210 3077 elapsus
3273 3016 3435 3059 sum.
3557 2991 3689 3059 Sed
3753 2994 3987 3073 nihilo,
4053 2995 4216 3060 mihi

2284 3076 2494 3156 crede,
2538 3079 2926 3163 ingratiores
2968 3079 3121 3144 illae
3163 3080 3454 3158 fuerunt,
3510 3078 3678 3160 quod
3723 3080 4107 3146 vetustiores
4151 3091 4216 3145 et

2285 3165 2657 3249 resignatae
2703 3166 3031 3230 venerint:
3097 3166 3255 3247 quin
3309 3165 3389 3230 ab
3445 3185 3826 3248 unoquoque
3879 3165 4214 3231 iucundis·

2287 3251 2449 3315 sime
2492 3258 2559 3314 et
2598 3271 2855 3316 summa
2896 3271 3045 3315 cum
3087 3249 3422 3333 voluptate
3477 3261 3780 3333 exceptas
3835 3249 4034 3315 fuisse
4097 3251 4214 3316 tibi

2287 3335 2622 3418 polliceor,
2680 3356 2878 3419 supra
2929 3357 3123 3418 quam
3182 3334 3312 3401 dici
3363 3357 3402 3399 a
3455 3357 3558 3400 me
3596 3344 3792 3418 queat
3834 3344 3946 3399 aut
3989 3336 4104 3400 abs
4147 3343 4215 3401 te

2286 3420 2494 3486 credi:
2570 3421 2765 3486 simul
2829 3419 3281 3504 conduplicata
3342 3422 3499 3503 ipsis
3574 3421 3824 3485 laetitia
3889 3427 4042 3503 (quo
4108 3442 4214 3487 me

2286 3526 2507 3572 amore
2550 3515 3026 3590 prosequuntur
3067 3526 3292 3571 omnes
3333 3504 3758 3591 immeritum)
3801 3505 3969 3590 quod
4006 3527 4047 3570 a
4079 3517 4214 3571 tam

2284 3591 2395 3656 lou
2443 3614 2483 3657 a
2524 3593 3047 3676 peregrinatione
3104 3602 3169 3656 et
3224 3592 3511 3658 recitatis
3568 3591 3873 3675 periculis
3929 3590 4212 3656 deterius

2285 3675 2422 3741 nihi
2490 3698 2720 3759 passus
2748 3678 2905 3760 ipsis
2928 3676 3196 3742 tandem
3239 3679 3577 3742 restitutus
3601 3698 3809 3743 essem
3850 3676 4211 3742 incolumis.

2455 3763 2663 3827 Porro
2725 3761 2835 3828 hic
2899 3762 3092 3828 retuli
3151 3762 3427 3828 fideliter
3491 3760 3574 3826 D.
3633 3762 3866 3826 Ioanni
3929 3783 3973 3825 a
4016 3761 4215 3828 Lasco

2284 3848 2596 3931 quidquid
2641 3849 2812 3913 inter
2853 3868 2970 3914 nos
3014 3846 3258 3915 dictum
3306 3848 3672 3928 factumque
3715 3845 3840 3910 fuit
3883 3845 4210 3923 Genevae,

2283 3942 2591 4016 tuamque
2633 3934 2704 3998 in
2750 3953 2825 3998 eo
2869 3935 3128 4018 negotio
3171 3931 3366 3998 fidem
3417 3952 3490 3996 ac
3535 3930 3968 4014 diligentiam:
4013 3951 4087 3997 ac
4131 3930 4211 3997 de

2281 4017 2510 4083 eadem
2551 4019 2697 4101 ipsa
2738 4041 2810 4085 re
2853 4019 3107 4104 egimus
3153 4016 3326 4099 apud
3369 4015 3916 4099 archiepiscopum
3943 4014 4213 4082 Contuc-

2279 4106 2547 4169 m'ensem
2588 4104 2827 4169 nudius
2869 4106 3118 4180 tertius,
3165 4102 3246 4167 de
3289 4122 3415 4184 quo
3457 4101 3642 4166 brevi
3679 4121 4054 4184 responsum
4099 4124 4213 4167 ex-

2282 4198 2647 4272 spectamus
2702 4210 2741 4254 a
2793 4200 3026 4256 senatu
3079 4188 3274 4270 regio.
3366 4185 3556 4268 Quod
3620 4185 3729 4251 ubi
3786 4206 4088 4269 accepero
4148 4196 4238 4252 te·-

2280 4276 2625 4340 certiorem
2687 4276 2933 4353 faciam,
2997 4295 3072 4339 ac
3126 4292 3313 4355 spero
3356 4293 3395 4336 o
3441 4275 3595 4335 time
3651 4291 4025 4337 successura
4071 4293 4212 4337 esse

2280 4361 2496 4425 omnia
2539 4381 2706 4444 quae
2751 4360 3062 4425 volumus.
3151 4357 3335 4422 Idem
3452 4407 3465 4420 .
3511 4378 3553 4422 a
3598 4357 3796 4423 Lusco
3838 4355 3999 4420 mihi
4044 4360 4214 4423 mira

2280 4445 2506 4510 retulit
2545 4466 2710 4528 quae
2753 4446 2860 4510 hic
2916 4444 3181 4509 absente
3238 4463 3343 4508 me
3386 4444 3796 4526 contigerunt
3839 4455 3905 4505 et
3946 4443 4015 4506 in
4062 4442 4212 4507 reli·

2279 4531 2491 4614 gionis
2557 4530 3146 4611 christianismique
3199 4528 3738 4612 tranquillitatem
3803 4538 3872 4591 et
3928 4547 4212 4594 commo-

2280 4614 2436 4680 dum
2480 4624 2754 4682 tractata
2807 4623 2987 4692 sunt,
3047 4615 3242 4679 etiam
3296 4612 3467 4696 apud
3510 4621 3768 4679 exteros
3808 4621 4214 4695 remotosque

2278 4703 2629 4785 principes,
2697 4709 2765 4764 et
2843 4721 2883 4764 a
2952 4700 3184 4782 quibus
3256 4697 3379 4763 hoc
3443 4699 3711 4762 minime
3773 4707 4213 4781 exspectasset

2281 4786 2538 4864 Caesar,
2582 4796 2661 4851 ut
2702 4807 2823 4852 nec
2865 4794 2938 4849 tu
2982 4784 3255 4850 fortasse
3309 4783 3660 4848 divinando
3713 4785 3903 4849 facile
3956 4784 4210 4865 assequi

2277 4873 2503 4955 possis.
2571 4872 2818 4938 Audivi
2863 4871 3060 4935 etiam
3104 4871 3169 4934 in
3218 4868 3438 4934 Gallia
3480 4878 3547 4933 et
3589 4868 4020 4952 Lothoringia
4063 4887 4209 4948 per-

2277 4958 2488 5023 multa
2530 4979 2696 5042 quae
2739 4957 2967 5022 eodem
3022 4956 3222 5021 ferme
3267 4953 3561 5032 tendunt,
3607 4965 3684 5019 ut
3726 4954 3888 5018 mihi
3930 4972 4077 5034 spes
4122 4952 4209 5016 sit

2277 5065 2410 5109 non
2467 5043 2807 5110 mediocris
2857 5062 3044 5108 suam
3097 5039 3401 5125 religioni
3453 5041 3801 5123 puritatem
3860 5058 3933 5102 ac
3985 5037 4208 5118 pristi-

2278 5150 2431 5194 nam
2466 5130 2909 5213 integritatem
2943 5126 3317 5193 restitutum
3351 5126 3435 5189 iri
3481 5135 3699 5190 nostro
3751 5131 4036 5203 tempore
4073 5143 4207 5186 non

2278 5213 2469 5280 modo
2529 5216 2598 5279 in
2656 5214 3013 5280 Germania
3068 5211 3182 5278 sed
3238 5211 3311 5276 in
3363 5219 3498 5276 tota
3553 5211 3686 5274 fere
3739 5208 4031 5289 Europa,
4094 5208 4207 5273 ubi

2279 5300 2564 5367 nondum
2610 5301 2860 5366 'l'urcus
2901 5319 3116 5365 rerum
3162 5298 3406 5381 potitus
3450 5309 3563 5361 est.
