4900 6167
626 426 707 489 71
2132 415 2656 484 Erls‘rohffl
2710 417 3127 483 uei-146³
3321 466 3332 478 ,
4547 363 4622 476 7‘2

624 613 743 680 (Ex
778 611 1116 734 autographo
1152 613 1290 668 Bibl.
1327 611 1526 666 civicae
1546 610 1909 680 Sangallensis
1928 609 2059 662 Mas.
2095 608 2246 662 Tom.
2282 603 2366 661 36.
2436 607 2578 678 Epp.

1039 697 1143 735 om.
1182 681 1307 735 VII.
1343 679 1410 735 N.
1445 678 1565 734 133.
1609 708 1668 719 —
1704 678 1915 734 Simler.
1952 678 2071 731 vol.
2108 675 2221 742 ¹24.)

800 852 1184 921 Clarissimo
1239 853 1381 918 viro
1426 852 1507 917 D.
1554 852 1886 918 Ioachimo
1937 849 2237 916 Vadiano
2281 848 2574 934 Sangall.

630 939 905 1006 0080811
947 937 1447 1024 diligentissimo
1481 936 1743 1004 domino
1788 958 1908 1004 suo
1950 935 2421 1003 colendissimo.

2025 1037 2404 1125 Sangallen.

804 1177 874 1245 S.
919 1180 1003 1245 D.
1094 1179 1326 1245 Multis
1372 1177 1747 1244 nominibus
1804 1176 2147 1261 aegritudo
2202 1176 2319 1241 illa
2362 1185 2496 1255 tua,
2524 1174 2577 1259 ¹)

631 1263 890 1330 domine
948 1264 1403 1330 colendissime
1461 1273 1527 1328 et
1581 1264 1788 1330 amice
1843 1261 2402 1347 incomparabilis,
2472 1282 2576 1327 me

629 1358 908 1435 torquet,
952 1359 1091 1415 tum
1138 1347 1311 1433 quod
1349 1350 1562 1415 vicem
1607 1357 1788 1416 tuam
1832 1348 2048 1427 doleo,
2095 1362 2238 1413 tum
2280 1345 2454 1431 quod
2498 1346 2578 1411 li-

628 1437 790 1502 teris
830 1437 961 1501 tuis
1006 1437 1212 1502 doctis
1277 1449 1343 1500 et
1403 1434 1890 1502 iucundissimis
1949 1434 2309 1519 aegerrime
2367 1452 2574 1499 careo.

630 1519 767 1588 Sed
822 1522 1109 1587 feramus
1150 1542 1414 1588 necesse
1457 1531 1558 1587 est
1612 1519 1786 1604 quod
1840 1529 2100 1585 mutare
2156 1541 2290 1585 non
2349 1540 2579 1604 possu-

632 1629 795 1672 mus.
886 1604 1127 1673 Omnia
1178 1621 1402 1672 nostra
1456 1615 1615 1673 sunt
1671 1607 1743 1672 in
1799 1628 1999 1672 manu
2040 1606 2310 1673 Domini
2368 1606 2578 1670 omni·

634 1692 920 1775 potentis
964 1703 1032 1758 et
1064 1694 1345 1759 amantis
1391 1714 1524 1759 nos.
1594 1693 1818 1776 Ispro
1862 1693 2032 1759 bona
2074 1713 2195 1758 sua
2236 1691 2580 1756 voluntate

632 1778 1018 1844 moderatur
1083 1781 1332 1858 omnia,
1400 1786 1466 1844 et
1531 1800 1610 1845 ea
1665 1779 1929 1861 quidem
1974 1778 2043 1842 111
2090 1778 2368 1844 0811110111
2430 1797 2582 1842 800·

630 1872 824 2012 gam.
935 1863 1016 1928 Id
1085 1887 1238 1930 vero
1294 1885 1758 1948 agnoscamus,
1826 1885 2084 1948 semper
2140 1863 2424 1929 orandus
2481 1872 2583 1927 est

699 1970 973 2015 ominus.

802 2035 996 2101 Mitto
1071 2051 1217 2101 tuae
1284 2036 1510 2120 pietati
1578 2034 2090 2102 consensionem
2157 2045 2453 2101 nostram
2518 2041 2585 2099 et

631 2121 715 2186 D.
813 2119 1059 2187 Calvini
1132 2120 1357 2188 fratris
1441 2121 1778 2186 carissimi.
1900 2122 2038 2187 Nec
2111 2120 2334 2187 dubito
2422 2122 2581 2203 quin

630 2227 959 2272 summum
1016 2206 1327 2290 gaudium
1373 2208 1486 2273 tibi
1539 2208 1626 2273 sit
1668 2207 1957 2274 allatura.
2050 2206 2381 2272 Viderunt
2436 2227 2580 2271 eam

631 2294 1009 2375 priusquam
1056 2291 1360 2358 ederetur
1403 2292 1625 2376 Angli,
1669 2292 1917 2370 Prussi‚
1966 2292 2175 2367 Galli,
2219 2291 2393 2371 Itali,
2437 2292 2580 2358 Un-

680 2379 775 2443 ari
832 2379 1077 2462 aliquot
1145 2378 1614 2460 praecellentes
1683 2379 1841 2457 viri,
1912 2401 2031 2445 nec
2099 2377 2576 2462 improbarunt.

688 2462 921 2529 andem
994 2484 1152 2546 ergo
1210 2461 1402 2528 edere
1461 2464 1675 2530 visum
1730 2476 1859 2543 est,
1927 2477 1991 2529 et
2058 2486 2236 2530 nunc
2293 2467 2579 2530 maxime

629 2571 828 2633 quum
874 2549 1232 2614 adversarii
1270 2550 1479 2614 nostri
1522 2551 1743 2614 omnia
1776 2559 2008 2616 contra
2043 2572 2161 2615 nos
2198 2550 2574 2616 instituunt.

628 2636 825 2700 Mitto
870 2649 935 2699 et.
990 2635 1287 2716 quintam
1332 2634 1638 2701 decadem
1684 2634 2079 2702 Sermonum
2133 2657 2429 2702 meorum
2497 2636 2577 2702 de

628 2719 900 2787 ecclesia
923 2720 1173 2785 Christi
1198 2730 1425 2787 contra
1447 2720 1785 2788 ecclesiam
1808 2722 2224 2798 Antichristi,
2248 2720 2330 2787 de
2353 2723 2578 2789 minis-

628 2808 794 2872 terio
816 2816 882 2870 et
916 2806 1238 2871 ministris
1272 2805 1583 2872 ecclesiae
1607 2815 1834 2873 contra
1867 2807 2467 2891 pseudoepiscopos,
2495 2807 2574 2874 de

591 2944 595 2948 .
627 2893 918 2957 oratione
965 2891 1143 2956 fideli
1185 2892 1495 2958 ecclesiae
1524 2901 1754 2959 contra
1796 2894 2281 2977 superstitiosas
2327 2915 2571 2976 preces,

628 2977 707 3043 de
752 2978 1176 3044 sacramentis
1218 2979 1288 3042 in
1334 2999 1571 3062 genere
1614 2988 1680 3044 et
1719 2980 1933 3063 specie
1977 2989 2208 3046 contra
2243 2980 2573 3046 nundina-

626 3072 823 3130 tores.
913 3061 1123 3147 Spero
1182 3063 1248 3128 in
1305 3063 1425 3143 his,
1484 3065 1774 3131 maxime
1826 3064 2237 3131 sermonibus
2295 3074 2574 3148 quatuor

628 3150 706 3217 de
750 3150 1205 3227 sacramentis,
1253 3170 1358 3215 me
1402 3152 1627 3217 fecisse
1671 3171 1907 3235 operae
1950 3152 2231 3236 pretium
2252 3203 2266 3230 ,
2313 3165 2380 3217 et
2423 3174 2572 3236 pec-

626 3248 843 3303 catum
883 3256 1076 3302 suum
1121 3235 1564 3302 intellecturos
1599 3238 1710 3321 qui
1745 3259 1864 3304 nos
1910 3237 2229 3314 damnant
2260 3257 2380 3321 pro
2418 3237 2571 3303 hae·

624 3324 845 3389 reticis
884 3331 951 3387 et
1007 3322 1532 3387 sacramentariis
1577 3333 1697 3388 etc.
1786 3322 2057 3389 Dissero
2116 3334 2185 3389 et
2240 3324 2320 3389 de
2378 3324 2570 3390 insti-

622 3408 785 3473 tutis
845 3406 1156 3473 ecclesiae
1222 3407 1420 3474 variis
1482 3428 1784 3474 sermone
1838 3407 1924 3473 X.
2030 3409 2123 3475 Ut
2179 3417 2399 3475 autem
2468 3418 2572 3476 sat

623 3493 757 3559 scio
801 3494 1091 3576 papistas
1135 3514 1238 3558 me
1284 3515 1458 3560 nunc
1504 3491 1851 3560 offendisse
1901 3496 2172 3579 gravius
2215 3517 2415 3580 quam
2453 3518 2570 3561 an-

625 3587 731 3645 tea
776 3599 1082 3663 unquam,
1127 3578 1222 3644 ita
1264 3599 1454 3662 spero
1499 3599 1606 3644 me
1649 3581 2086 3664 gratificatum
2131 3581 2257 3666 piis
2297 3582 2572 3649 rationi-

619 3665 1021 3816 1)(1ᾶο111111110.
1096 3663 1221 3730 Sed
1258 3673 1443 3729 tuum
1487 3666 1558 3730 in
1594 3664 1699 3731 his
1742 3667 2232 3734 exactissimum
2268 3677 2572 3752 exspecto

616 3773 685 3815 111
735 3770 948 3815 icium.

796 3835 973 3917 Quid
1034 3858 1188 3903 vero
1259 3846 1451 3920 putas
1502 3837 1843 3902 futurum?
1943 3838 2429 3905 Vocabimurno
2498 3841 2570 3905 in

622 3924 967 3990 concilium
1024 3934 1137 3988 aut
1204 3945 1334 3988 non
1390 3924 1890 4004 vocabimur?²)
1979 3924 2114 3991 Sed
2173 3925 2567 3992 vocabimur.

620 4006 932 4075 Eundum
979 4031 1152 4092 erg0,
1198 4031 1283 4074 an
1328 4031 1459 4075 non
1506 4008 1840 4075 cundum?
1931 4010 2097 4092 Quis
2141 4019 2248 4077 eat
2289 4011 2372 4077 ad
2418 4012 2568 4078 hos-

622 4105 719 4162 tes
779 4093 1060 4173 Christi,
1122 4116 1253 4160 non
1323 4104 1399 4161 ut
1456 4095 1899 4181 patrocinetur
1955 4098 2252 4176 veritati,
2322 4095 2436 4164 sed
2495 4109 2572 4163 ut

622 4180 846 4248 audiat
947 4178 1507 4248 condemnationis
1591 4182 2039 4267 iniquissimae
2125 4183 2567 4250 sententiam?

620 4267 874 4334 Verum
919 4265 998 4333 de
1036 4268 1138 4333 his
1181 4289 1334 4331 mox
1374 4268 1711 4352 copiosius.
1801 4268 1981 4350 Quid
2014 4268 2216 4335 habes
2260 4270 2341 4334 de
2382 4270 2572 4355 Mag&

621 4351 1191 4438 deburgensibus?
1279 4352 1453 4418 Vive
1506 4363 1572 4419 et
1634 4364 1974 4421 aeternum
2036 4355 2212 4433 vale,
2281 4356 2384 4422 vir
2436 4355 2568 4422 cla·

622 4440 895 4505 rissime.
982 4439 1214 4524 Tiguri
1259 4442 1317 4504 8.
1363 4439 1591 4504 Martii
1645 4446 1823 4506 1551.

791 4523 1185 4591 Intellexisti
1225 4524 1359 4589 iam
1405 4523 1651 4591 dudum
1694 4529 1953 4594 comitia
1996 4526 2383 4594 celebranda
2424 4548 2569 4595 cras

620 4609 946 4676 Badenae.
1036 4610 1134 4675 Le
1224 4610 1274 4674 ti
1336 4612 1543 4677 nostri
1596 4612 1679 4677 D.
1727 4612 1876 4678 Car.
1940 4612 2291 4679 Lavaterus
2343 4623 2411 4679 et
2466 4636 2567 4681 se-

620 4696 940 4763 cretarius
982 4696 1114 4761 Aes
1386 4707 1503 4763 etc.
1595 4696 1782 4764 Salvi
1825 4700 1958 4765 sint
2000 4699 2236 4765 iratres
2280 4711 2347 4764 et
2388 4721 2567 4786 sym-

614 4792 874 4867 mystae
912 4782 1138 4847 nostri.

1754 4869 2182 4956 Bullingerus
2223 4877 2394 4938 tuus.

830 5009 1029 5016 ——.-.-.-—-

619 5076 792 5131 1461.
823 5080 877 5142 1)
915 5083 964 5132 et
994 5074 1213 5201 ὅέίᾱοιη
1247 5076 1438 5132 letalis.
1499 5076 1647 5132 Obiit
1681 5074 1739 5130 d.
1771 5075 1822 5130 6.
1867 5075 2049 5145 April.
2086 5075 2236 5132 1551.
2303 5075 2565 5146 (Pressa,

616 5145 680 5199 'V
757 5285 768 5295 ι
828 5183 886 5279 2')
925 5151 1108 5270 iuna}
1148 5229 1304 5284 papa
1349 5214 1563 5295 hyetos·
1597 5214 1745 5269 maie
1791 5214 1946 5270 Hier.
1987 5211 2297 5270 stanuum
2340 5220 2392 5270 et
2436 5215 2562 5271 Alb.

622 5283 893 5338 Bormum
921 5355 928 5364 ·
999 5286 1024 5339 i
1050 5299 1225 5366 98900
1255 5282 1332 5339 (ιά
1365 5284 1652 5366 concibant
1685 5283 1996 5365 inspirarent.
2079 5283 2368 5351 Pontificio
2408 5283 2566 5340 breve

611 5353 673 5407 d.
691 5350 775 5406 22.
800 5350 951 5406 Man
982 5360 1216 5409 comune
1234 5358 1574 5423 conqveqatts
1606 5352 1869 5410 traducum
1905 5360 1998 5408 est.
2053 5353 2303 5419 (Ruchat
2322 5353 2392 5408 V.
2412 5351 2562 5421 426.)

2854 602 3146 688 Quaeso,
3192 604 3455 671 domine
3471 655 3489 685 ,
3548 623 3636 668 ne
3677 622 3939 671 causam
3983 620 4196 669 meam
4239 601 4312 667 in
4357 599 4628 666 Polonia

2682 689 3004 776 agendam
3046 696 3315 775 propter
3359 688 3649 756 debitum
3692 689 3777 754 D.
3831 686 4130 756 Floriani
4168 685 4557 772 neglexeris.
4579 689 4627 764 ⁸)

3456 953 3492 958 ..-.
3506 952 3523 957 -
3557 952 3850 959 -----———————-

3560 1132 3750 1205 14⁶2.

3137 1270 3662 1338 VERMILIUS
3707 1269 4176 1338 HUBER'PO.

2855 1442 3094 1511 Buceri
3137 1442 3365 1509 obitum
3407 1445 3666 1509 nunciat
3706 1447 3760 1507 et
3802 1443 3989 1522 deflet.

2681 1615 2792 1679 (Ex
2862 1613 3174 1684 apographo
3239 1613 3368 1679 Cod.
3433 1612 3696 1666 Thomani
3760 1612 4236 1735 Affentoratensis
4305 1612 4636 1667 continentis

2683 1684 2856 1736 Varia
2891 1683 2958 1735 ad
2995 1682 3119 1737 hist.
3166 1684 3293 1736 eccl.
3332 1685 3560 1751 Argent.
3598 1698 3631 1734 a
3673 1682 3754 1735 Io.
3860 1682 4093 1735 enckero
4129 1681 4370 1735 collecta.
4428 1681 4554 1734 Vol.
4594 1681 4635 1734 1.

2681 1753 2773 1806 fol.
2792 1750 2913 1805 207.
2986 1752 3220 1805 Librarii
3257 1767 3473 1804 errores
3508 1750 3634 1803 hinc
3667 1751 3795 1803 inde
3831 1751 3898 1804 de
3939 1749 4251 1803 rehendisse
4286 1750 4444 1804 nobis
4479 1750 4633 1803 vide-

3262 1837 3399 1885 mur,
3436 1819 3696 1873 asterisco
3732 1768 4046 1882 notandos.)
4213 1847 4224 1856 ν

2857 1972 2926 2039 S.
2982 1973 3066 2038 D.
3168 1971 3453 2039 Credere
3522 1973 3796 2039 fortasse
3885 1992 4143 2057 posses,
4216 1972 4491 2039 Huberte
4561 1974 4636 2038 in

2685 2058 2952 2126 Christo
2996 2059 3327 2125 carissime
3371 2059 3575 2124 118101
3615 2060 3901 2143 itemque
3945 2057 4321 2125 venerande
4360 2058 4636 2145 collega,

2683 2145 2856 2228 quod
2902 2144 2983 2209 ad
3025 2153 3093 2210 te
3137 2145 3454 2211 hactenus
3499 2145 3765 2210 minimo
3809 2145 4197 2228 scripserim,
4245 2145 4343 2211 tui
4386 2165 4639 2211 memo—

2683 2233 2849 2296 riam
2907 2251 2988 2295 ex
3047 2232 3264 2296 animo
3316 2250 3461 2296 meo
3527 2229 3828 2295 deletam.
3932 2231 4184 2296 Verum
4240 2229 4417 2295 istud
4474 2251 4638 2296 cave

2684 2327 2905 2401 putes,
2963 2318 3019 2383 si
3064 2314 3220 2400 quid
3266 2317 3332 2380 in
3380 2329 3442 2381 te
3501 2315 3896 2383 christianae
3955 2317 4248 2382 caritatis
4304 2316 4639 2399 reliquum

2683 2411 2801 2480 est,
2834 2411 2910 2467 ut
2950 2402 3232 2468 multum
3277 2422 3420 2467 0000
3463 2401 3734 2481 00811110,
3781 2411 3850 2466 01
3891 2401 3972 2467 (10
4014 2410 4128 2468 tua
4162 2422 4317 2486 erga
4353 2422 4460 2467 me
4496 2405 4640 2467 sin·-

2681 2488 2898 2573 gulari
2943 2487 3397 2553 benevolentia
3446 2488 3610 2552 nihil
3655 2489 4073 2553 immutatum
4133 2508 4273 2554 esse
4327 2486 4634 2554 arbitror.

2683 2576 2903 2639 Antea
2946 2594 3102 2639 sane
3147 2593 3277 2638 non
3322 2573 3683 2639 scribebam
3742 2574 3892 2657 quia
3935 2573 4202 2640 vivebat
4257 2584 4440 2650 tuus,
4498 2574 4637 2640 imo

2679 2680 2886 2737 meus,
2931 2659 3236 2725 Bucerus.
3302 2657 3443 2738 Ille,
3492 2660 4082 2742 compertissimum
4116 2658 4182 2723 id
4225 2659 4451 2740 habeo,
4496 2680 4638 2725 non

2679 2745 2903 2811 deerat
2944 2746 3181 2812 officio:
3233 2742 3315 2809 ad
3350 2753 3417 2809 te
3454 2744 3835 2829 cumprimis
3870 2753 3938 2810 ct
3959 2743 4041 2810 ad
4075 2745 4235 2811 alios
4270 2747 4338 2809 in
4365 2744 4639 2812 Christo

2677 2832 2914 2897 fratres
2970 2830 3488 2914 Argentinenses
3546 2837 3858 2914 perpetuo
3914 2829 4270 2909 scribebat,
4345 2841 4411 2895 et
4466 2831 4636 2896 mihi

2676 2915 2952 2982 subinde
2988 2919 3144 2981 est*
3229 2916 3740 2982 Amantissimus
3767 2920 3815 2995 ¹)
3860 2916 4106 3001 collega
4149 2936 4317 2999 quae
4359 2937 4638 3000 ageren-

2678 3012 2788 3067 tur
2836 3023 2952 3085 per
2988 3001 3209 3067 literas
3260 3001 3607 3086 indicabat.
3697 3001 3918 3083 Quare
3957 3023 4159 3086 quum
4205 3002 4285 3068 ab
4330 3022 4407 3067 eo
4450 3001 4638 3068 istud

2677 3110 2885 3173 genus
2962 3085 3152 3152 officii
3214 3108 3409 3169 quam
3466 3087 3965 3171 diligentissime
4030 3089 4237 3155 obiret
4292 3092 4417 3167 ¹¹²),
4483 3108 4637 3154 11108

2677 3193 2876 3258 opera
2912 3193 3044 3238 808
3090 3194 3250 3256 opus
3287 3193 3430 3239 esse
3473 3173 3773 3239 iudicavi.

2847 3259 3100 3324 Verum
3154 3280 3331 3325 nuuc
3385 3259 3497 3324 ille
3558 3258 3641 3324 ad
3683 3256 3904 3325 De'um
3962 3267 4257 3325 nostrum
4318 3267 4383 3324 et
4427 3258 4629 3332 Chri-

2675 3353 2850 3411 stum
2893 3345 3114 3411 Iesum
3174 3345 3241 3409 in
3311 3366 3467 3427 pace
3526 3346 3868 3430 migravit,
3928 3345 4264 3411 communi
4328 3345 4626 3413 omnium

2677 3431 2996 3498 bonorum
3053 3430 3235 3496 luctu
3295 3439 3363 3496 et
3412 3450 3554 3496 meo
3611 3429 3976 3496 incredibili
4031 3450 4342 3496 moerore.
4443 3430 4628 3498 Adeo

2675 3539 2820 3584 sum
2862 3515 2945 3583 ob
2987 3515 3169 3581 illius
3229 3525 3507 3581 mortem
3572 3516 3815 3584 fractus
3873 3525 3942 3581 et
3999 3524 4481 3595 consternatus,
4547 3527 4628 3582 ut

2674 3603 2823 3687 plus
2867 3623 3060 3686 quam
3107 3599 3375 3668 dimidia
3415 3608 3602 3685 parte
3646 3602 3793 3680 mei,
3839 3610 3907 3669 et
3948 3624 4024 3668 08
4067 3601 4332 3685 quidem
4366 3602 4625 3686 potiori,

2673 3687 2836 3754 mihi
2902 3686 3128 3754 videar
3204 3687 3574 3754 mutilatus:
3647 3688 4066 3771 quamobrem
4140 3689 4472 3754 aerumnis
4547 3709 4627 3755 80

2673 3773 2982 3858 lacrymis
3025 3794 3234 3857 paene
3278 3774 3619 3854 conficior,
3675 3783 3741 3838 et
3783 3795 3939 3858 prae
3984 3771 4223 3839 doloris
4267 3773 4628 3841 acerbitate

2673 3881 2780 3926 me
2856 3859 3138 3944 amplius
3205 3859 3379 3944 apud
3444 3880 3548 3924 me
3611 3861 3826 3944 ipsum
3894 3880 4035 3925 esse
4106 3880 4240 3923 non
4321 3859 4626 3926 arbitror.

2674 3943 2859 4012 Obiit
2916 3945 3026 4010 ille
3071 3945 3318 4028 pridias
3352 3943 3386 3975 ⁴*
3440 3945 3766 4012 Calendas
3808 3945 4116 4011 Martias:
4180 3945 4291 4029 qui
4355 3951 4626 4012 strenue

2674 4030 2843 4096 bella
2903 4030 3169 4096 Domini
3227 4031 3561 4115 permulta
3617 4031 3800 4107 iniit,
3866 4031 3934 4095 in
4002 4050 4158 4114 pace
4202 4031 4386 4096 Deus
4433 4030 4628 4097 illum

2674 4115 2756 4181 ad
2790 4138 2859 4182 se
2903 4117 3179 4196 vocavit,
3225 4137 3437 4200 neque
3480 4137 3715 4199 passus
3758 4125 3858 4181 est
3900 4125 3973 4181 ut
4017 4117 4083 4180 in
4124 4137 4359 4181 manus
4400 4117 4625 4182 inimi-

2669 4223 2892 4268 corum
2926 4200 3262 4269 incideret.
3349 4201 3545 4268 Felix
3585 4202 3695 4266 ille
3759 4202 4023 4286 quidem
4079 4223 4258 4267 nunc
4315 4210 4443 4280 est,
4503 4201 4628 4268 sed

2671 4308 2791 4354 uos
2833 4285 3114 4354 deflendi
3158 4310 3415 4367 sumus,
3475 4288 3585 4371 qui
3627 4288 3883 4354 casibus
3939 4288 4344 4373 gravissimis
4388 4297 4457 4352 et
4497 4289 4626 4353 mi-

2672 4374 2862 4439 seriis
2916 4374 3194 4440 infinitis
3251 4374 3468 4440 adhuc
3526 4395 3753 4440 sumus
3818 4375 4112 4459 expositi.
4201 4372 4385 4438 Deus
4446 4374 4626 4440 hunc

2670 4471 2968 4527 nostrum
3048 4481 3382 4543 nunquam
3452 4460 3612 4526 satis
3694 4458 4031 4527 laudatum
4096 4466 4350 4543 patrem
4424 4468 4624 4543 atque

2671 4544 3002 4611 doctorem
3038 4544 3123 4610 ad
3153 4543 3412 4628 aliquod
3447 4553 3707 4629 tempus
3741 4545 3920 4612 dedit
3952 4544 4386 4612 commodato:
4425 4543 4623 4611 modo

2669 4652 2872 4716 quum
2915 4631 3011 4697 illi
3057 4630 3273 4696 visum
3317 4640 3419 4696 est
3474 4631 3555 4696 ad
3600 4653 3671 4698 se
3722 4632 4072 4698 revocavit.
4159 4630 4472 4698 Nostrum
4519 4643 4624 4698 est

2669 4717 2808 4784 eius
2842 4717 3081 4783 iudicia
3114 4737 3248 4784 non
3290 4737 3615 4798 accusare,
3659 4717 3772 4783 sed
3810 4717 3889 4782 ad
3925 4714 4439 4783 misericordiam
4476 4717 4620 4784 eius

2670 4801 3156 4888 provocandam
3218 4803 3516 4886 precibus
3576 4804 3754 4871 omni
3822 4802 4040 4869 studio
4107 4811 4302 4887 atque
4378 4812 4622 4870 conatu

2671 4889 2863 4955 inviti
2899 4894 2934 4928 ¹·
2956 4887 3009 4974 ³)
3055 4888 3179 4955 hoc
3222 4889 3495 4955 intentis
3553 4892 3722 4955 votis
3784 4887 4064 4972 petendo
4108 4895 4186 4954 ut
4226 4909 4345 4971 pro
4387 4888 4619 4954 militi-

2874 5074 2935 5141 3)
2979 5075 3198 5147 &caliga
3245 5077 3490 5160 Polonuq
3540 5093 3578 5132 a
3631 5075 4013 5133 stria-eunom
4061 5074 4316 5145 pluribus
4369 5082 4619 5133 mutuum

2667 5151 2950 5280 W?
2967 5151 3523 5297 adamim*

2873 5282 2933 5350 2)
2969 5285 3227 5339 obiretur.

2872 5351 2933 5422 3)
2969 5352 3146 5408 inniti.
