4900 6167
268 419 339 478 77
2002 421 2159 481 1551
2208 415 2494 483 HAR'I'.
2701 420 2714 434 ’
4163 423 4246 486 78

262 611 449 687 eaput
486 602 813 755 exvglougo
850 604 1085 670 morbo
1128 604 1374 685 debile,
1432 626 1517 672 ex
1574 626 1703 690 quo
1759 606 2051 672 nondum
2096 608 2199 671 in·

264 701 432 774 Ψθ
472 710 548 754 ¹¹⁰
660 711 747 755 ¹²¹·
791 723 2203 742 -----------

265 775 766 842 Gonneusionem
808 775 963 860 legi.
1052 776 1185 844 Hie
1236 777 1444 856 dolet,
1498 787 1577 843 ut
1626 789 1695 842 et
1734 787 1932 843 antea
1972 776 2199 855 doluit,

262 860 423 944 quod
454 862 730 928 eoeloeia
763 870 1007 941 neena,
1044 871 1361 948 tanquam

265 947 483 1025 tineus,
529 957 905 1031 oontempta
938 959 1056 1013 est.
1088 951 1136 1027 ¹)
1200 949 1507 1015 Parvitas
1540 957 1766 1015 nostra
1798 950 2013 1033 potuit
2045 971 2200 1015 oon-

264 1033 484 1099 temni:
542 1033 767 1100 fervor
820 1034 903 1098 ad
962 1034 1307 1102 veritatem
1365 1057 1485 1102 nee
1538 1035 1766 1101 debuit
1805 1056 1928 1101 nee
1970 1036 2196 1118 potuit.

264 1119 393 1184 Imo
433 1120 679 1202 potuit,
740 1120 899 1203 quia
948 1120 1045 1186 sie
1093 1123 1337 1187 evenit.
1427 1119 1562 1187 Sed
1616 1121 1740 1187 hae
1780 1120 1865 1185 de
1907 1142 1981 1185 re
2023 1123 2198 1198 satis,

262 1206 399 1287 quia
438 1205 610 1289 quod
644 1205 897 1273 factum
939 1216 1040 1270 est
1080 1208 1403 1272 infectum
1446 1206 1632 1271 reddi
1676 1228 1807 1272 non
1844 1219 2076 1289 potest.
2116 1244 2193 1254 —-

270 1329 333 1337 —
378 1326 455 1337 -
492 1327 583 1339 —
624 1327 711 1340 -
756 1291 1047 1357 Basileao
1099 1297 1191 1358 12.
1238 1293 1467 1357 Martii
1522 1298 1698 1358 1551.

1070 1429 1254 1494 Tuus
1298 1426 1633 1496 Osualdus
1678 1429 2044 1514 Myconius,

1395 862 1479 930 ad
1512 866 1859 929 veritatem
1888 884 2021 929 non
2056 884 2202 947 per-

1122 1922 1314 1994 14⁶6,

708 2059 1207 2129 PARELLUS
1251 2061 1726 2128 HALLERO.

414 2233 1482 2315 Quddinwnmlvooeomensi
1535 2240 1741 2301 adum
1803 2236 2195 2300 sitan-idion

254 2321 2195 2403 exponit,itatamenutpromoreoalamuminsmnonesn

255 2404 656 2487 ταρακτικὸν
698 2427 1022 2474 acmen
1062 2406 1235 2472 sinat
1276 2408 1465 2488 quasi
1508 2406 2062 2474 concionabundus.

254 2575 353 2640 (Ex
385 2577 726 2646 autographo
772 2577 912 2631 Bibl.
958 2577 1320 2660 Zofingensie‚
1366 2578 1508 2701 Epp.
1544 2578 1780 2632 Reform.
1831 2577 1983 2631 Tom.
2018 2576 2059 2630 1.
2098 2577 2190 2630 sol.

825 2644 944 2699 159.
984 2675 1045 2685 —-
1083 2646 1296 2701 Simler.
1334 2647 1422 2700 Vo
1496 2645 1610 2714 74.)

254 2831 572 2899 Eeelesiae
616 2833 976 2901 Beruensis
1017 2835 1525 2920 vigilantissimo
1578 2844 1644 2900 et
1685 2833 2001 2900 fidissimo
2044 2855 2191 2918 pas·

407 2920 541 2985 tori
582 2919 819 2987 Ioanni
862 2921 1136 2987 Hallero
1179 2942 1371 2988 servo
1420 2920 1677 2986 Christi
1722 2922 1961 2986 eximio
2003 2922 2192 2986 fratri

405 3014 478 3071 et
520 3015 928 3092 symmystae
972 3006 1323 3073 admodum
1368 3004 2018 3158 observandcssemae.

407 3227 484 3295 S.
578 3227 882 3296 edvium
936 3238 1006 3295 et
1058 3249 1287 3296 omnes
1327 3231 1441 3312 qui
1482 3237 1935 3295 convenerunt
1975 3239 2190 3313 pasto-

254 3333 346 3380 res
369 3313 419 3400 ¹)
464 3314 835 3382 resalutant
892 3323 959 3382 te
1015 3336 1212 3399 quam
1270 3314 1717 3381 amantissime
1775 3323 1842 3381 et
1885 3337 2191 3383 reveren·

252 3398 490 3466 tissime
506 3451 523 3480 ,
582 3411 651 3466 et
702 3401 1144 3486 gratissimam
1203 3400 1582 3467 habuerunt
1625 3411 1807 3467 tuam
1853 3402 2191 3469 salutatio·

252 3504 416 3551 nem:
455 3484 575 3552 sed
615 3487 813 3571 louge
856 3488 1108 3572 gratior
1149 3496 1265 3553 tua
1306 3487 1680 3570 praesentia
1722 3489 1968 3555 fuisset.
2055 3489 2189 3554 Ve-

251 3589 383 3636 rum
426 3593 567 3639 non
619 3572 715 3637 ita
773 3572 992 3638 visum
1047 3573 1173 3638 fuit
1214 3572 1500 3639 Domino
1555 3583 1632 3637 ut
1687 3581 1761 3640 tu
1817 3583 1885 3640 et
1942 3575 2194 3642 virm

252 3653 348 3721 hie
398 3657 650 3724 essetis.
751 3657 954 3723 Faxit
1021 3678 1143 3724 sua
1197 3656 1485 3724 bonitate
1538 3665 1613 3723 ut
1666 3669 2016 3744 utrumque
2069 3660 2191 3727 ali-

253 3743 497 3823 quando
554 3742 915 3810 habeamus
968 3754 1389 3828 praesentem
1446 3753 1514 3809 et
1566 3746 1927 3811 convenire
1969 3756 2190 3814 sanote

252 3847 462 3896 omnes
504 3829 864 3896 valeamus.
954 3834 1123 3896 Aeta
1174 3829 1360 3895 fuere
1413 3832 1638 3896 omnia
1681 3829 2029 3897 admodum
2072 3853 2189 3915 pa-

252 3921 394 3990 cate,
440 3925 513 3981 et
552 3916 717 3981 moti
764 3915 1159 3984 videbantur
1207 3917 1412 3982 animi
1471 3916 1555 3981 ad
1609 3937 1687 3982 ea
1746 3938 1912 4001 quae
1953 3937 2190 4001 propo-

253 3999 585 4068 nebantur.
694 4001 1022 4069 Existimo
1093 4023 1211 4086 per
1272 4001 1714 4085 Philippinwm
1728 4053 1744 4083 ,
1808 4023 1927 4086 per
1993 4024 2190 4087 quem

252 4087 521 4236 ffiribm’
574 4108 709 4154 non
759 4086 980 4168 licuit,
1038 4098 1103 4155 te
1166 4087 1571 4154 intellexisse
1629 4108 1794 4172 quae
1857 4090 2193 4172 proposita

313 4172 500 4238 erint.

410 4259 805 4327 Aeeuratius
838 4261 1202 4343 inspectum
1238 4267 1344 4326 est
1385 4258 1542 4344 quid
1587 4257 1791 4324 altero
1835 4261 2190 4345 coniugum

254 4341 421 4427 lepra
474 4366 630 4430 pere
838 4344 927 4410 sit
980 4344 1380 4412 censendum
1399 4397 1414 4424 ,
1468 4355 1543 4432 et
1594 4345 1661 4409 id
1719 4345 1803 4411 ob
1860 4353 2190 4430 pastorem

255 4431 426 4496 euius
465 4451 639 4497 uxor
720 4451 952 4517 eprosa
1008 4432 1140 4496 iam
1196 4432 1468 4498 exclusa
1511 4438 1656 4497 erat
1712 4453 1752 4496 a
1803 4434 2189 4499 eommereio

192 4567 197 4574 .
252 4514 540 4597 aliorum,
583 4527 653 4583 et
693 4526 915 4584 tamen
960 4517 1063 4583 vir
1102 4537 1384 4600 puerum
1428 4539 1512 4584 ex
1556 4538 1634 4583 ea
1672 4516 1934 4597 habuit,
1988 4528 2056 4585 et
2096 4521 2193 4584 ita

254 4600 583 4669 videbatur
637 4602 721 4670 ad
778 4623 1050 4669 uxorem
1107 4602 1411 4670 aeeedere
1479 4614 1556 4670 ut
1610 4602 1941 4670 interdum
1996 4605 2191 4670 datur

254 4708 500 4755 earoere
543 4688 846 4756 detentis.
934 4689 1030 4754 Et
1078 4691 1321 4772 pastori
1366 4688 1727 4756 suadebant
1766 4690 2068 4756 nonnulli
2115 4701 2191 4756 ut

256 4777 457 4855 potius
506 4785 762 4859 peteret
817 4774 1174 4842 divortium
1245 4774 1389 4839 fieri
1445 4796 1649 4858 quum
1695 4776 1844 4840 iam·
1884 4784 2191 4860 separata

257 4872 414 4926 esset
461 4882 649 4928 uxor.
747 4860 888 4927 Nos
944 4861 1071 4927 etsi
1127 4860 1436 4926 novimus
1486 4881 1674 4944 posse
1727 4862 2189 4947 magistratum

256 5129 815 5214 m-HHoem
861 5134 1345 5218 *equorum
1395 5134 1707 5205 quodtpaeo
1748 5138 2058 5193 insonum
2098 5153 2189 5194 res

256 5203 1844 5271 mmetslbnmmuolostrmdafuemt
1877 5206 2187 5274 (etlsso‘reh.

259 5268 847 5415 iffi·q)826)wmdo
879 5342 934 5397 d.
967 5341 1019 5396 4.
1053 5340 1569 5399 amadan-ata.

2303 626 2439 670 non
2481 604 2701 672 minus
2742 624 2940 688 quam
2961 606 3214 684 Mosen,
3259 616 3328 672 et
3369 615 3445 671 ut
3479 604 3588 671 hio
3620 603 3882 671 duritiei
3923 614 3994 671 et
4033 627 4258 674 ιιοοοο·

2303 691 2484 756 sitati
2526 689 2780 774 aliquid.
2813 691 3121 768 indulsit,
3177 693 3481 775 quamvis
3536 691 3586 755 ii
3640 693 3751 775 qui
3801 691 4055 758 indulto
4109 705 4252 759 ute·-

2305 775 2549 841 bantur
2591 787 2858 860 peceato
2902 797 3032 842 non
3080 788 3418 856 vacarent,
3478 776 3571 841 ita
3622 776 3810 841 illum
3855 798 4074 861 posse:
4135 778 4252 845 sed

2303 883 2510 945 quum
2554 874 2777 947 pastor
2834 865 3056 947 gregis
3109 865 3321 930 forma
3378 884 3521 929 esse
3580 861 3812 927 debeat
3867 879 3933 928 et
3989 884 4119 928 non
4164 866 4252 930 sit

2302 949 2373 1012 in
2433 969 2512 1012 eo
2565 949 2909 1013 ferendum
2961 948 3134 1031 quod
3192 951 3260 1014 in
3319 949 3449 1013 alio
3507 947 3852 1025 toleratur,
3910 949 4251 1033 negotium

2304 1035 2603 1100 exactius
2659 1035 3070 1099 tractandum
3125 1035 3198 1100 in
3256 1043 3514 1119 pastore
3571 1034 3786 1099 visum
3849 1035 3992 1099 fuit.
4092 1033 4251 1101 Ideo

2303 1121 2609 1184 omnibus
2651 1101 2968 1202 quantuffl
3028 1120 3217 1186 licuit
3272 1120 3611 1203 expensis,
3671 1120 3886 1184 visum
3951 1120 4074 1184 fuit
4120 1142 4251 1187 nou

2303 1206 2513 1287 magis
2557 1205 2638 1270 ob
2681 1206 2930 1288 lepram
2974 1207 3349 1291 coniugium
3401 1204 3861 1281 dirimendum,
3919 1204 4093 1288 quod
4150 1227 4251 1271 se-

2302 1291 2433 1355 mel
2480 1313 2520 1354 a
2542 1290 2828 1357 Domino
2869 1294 3203 1357 firmatum
3248 1302 3366 1372 est,
3412 1312 3610 1375 quam
3654 1290 3737 1356 ob
3779 1290 3978 1355 alium
4023 1312 4252 1373 quem·

2304 1377 2404 1441 vis
2447 1379 2766 1454 morbum,
2814 1398 2942 1459 quo
2985 1398 3113 1442 non
3160 1378 3315 1443 lieet
3356 1378 3547 1442 alteri
3594 1377 3946 1461 eoniugum
3991 1379 4086 1441 uti
4129 1397 4252 1445 sua

2301 1476 2489 1546 parte
2534 1485 2650 1547 per
2695 1465 2992 1528 morbum
3037 1464 3270 1529 affecta
3310 1464 3499 1528 male.
3589 1462 3785 1544 Quod
3828 1465 3882 1527 si
3927 1482 4126 1528 sanus
4166 1462 4252 1528 ad

2302 1548 2628 1632 leprosum
2678 1548 2981 1615 secedere
3024 1550 3207 1626 velit,
3250 1549 3418 1626 lieet,
3469 1547 3584 1614 sed
3627 1546 3996 1615 eonditione
4039 1549 4252 1632 lepro-

2301 1655 2556 1700 sorum:
2617 1636 2859 1717 alioqui
2902 1636 3071 1699 ferat
3113 1645 3386 1718 uterque
3430 1654 3700 1700 manum
3744 1634 4013 1699 Domini
4058 1647 4135 1700 ιιι
4176 1635 4250 1700 in

2300 1719 2429 1784 alio
2472 1720 2733 1800 morbo,
2789 1730 2856 1785 et
2910 1720 3213 1804 precibus
3269 1741 3411 1786 sese
3455 1719 3600 1785 Deo
3656 1720 4085 1799 commendet,
4131 1741 4251 1787 nee

2299 1805 2582 1871 tentabit
2632 1806 2997 1871 Dominum
3070 1806 3307 1890 aliquis
3364 1807 3718 1890 coniugum
3739 1857 3753 1882 ,
3830 1815 4252 1889 posteaquam

2296 1889 2655 1956 remedium
2690 1893 3205 1958 incontinentiae
3239 1892 3562 1975 quaesivit
3594 1912 3678 1956 ex
3716 1890 3934 1969 verbo,
3971 1901 4039 1957 et
4072 1891 4250 1959 aliud

2301 1997 2431 2041 non
2477 1979 2681 2060 possit
2721 1998 3031 2060 quaerere
3075 1998 3196 2043 nee
3229 1979 3520 2062 quaesito
3556 1978 3688 2042 uti:
3733 1976 3993 2042 fidelem
4015 1977 4251 2043 Domi·

2297 2084 2463 2127 num
2519 2084 2648 2127 non
2710 2085 3055 2146 passurum
3116 2065 3360 2129 tentari
3416 2083 3619 2146 supra
3673 2062 3740 2127 id
3795 2062 3969 2146 quod
4015 2075 4247 2147 potest.

2301 2148 2552 2214 Verum
2609 2159 2698 2213 ut·
2736 2150 2808 2213 in
2866 2151 2992 2215 viis
3049 2151 3187 2216 suis
3244 2171 3379 2215 non
3431 2147 3722 2214 offendat
3761 2149 3821 2213 is
3864 2151 3974 2233 qui
4019 2170 4250 2222 seeun-

2300 2234 2456 2300 dum
2513 2235 2784 2301 verbum
2843 2234 3112 2300 Domini
3158 2235 3433 2313 insedit,
3498 2236 3819 2301 facturum
3874 2235 4074 2300 etiam
4133 2256 4251 2318 per

2298 2320 2568 2404 angelos
2613 2321 2847 2386 Deum.

2473 2404 2608 2472 Sed
2644 2408 2864 2472 omnia
2898 2427 3075 2471 nune
3108 2407 3554 2490 perstringere
3576 2427 3711 2470 non
3745 2425 4010 2489 possum
4046 2426 4250 2488 quum

2296 2491 2490 2575 plene
2536 2503 2828 2557 nostrate
2871 2492 3104 2576 lingua
3149 2513 3280 2559 non
3323 2492 3462 2557 sint
3505 2489 3773 2575 digesta.
3862 2490 4084 2572 Quum
4130 2512 4248 2557 au·

2294 2588 2429 2643 tem
2477 2577 2931 2662 eollegerimus
2974 2578 3226 2656 omnia,
3279 2590 3354 2642 ut
3404 2578 3724 2643 memoria
3769 2576 4030 2643 dabitur
4073 2598 4248 2643 aese-

2296 2664 2442 2747 qui,
2504 2664 2561 2729 si
2618 2685 2754 2729 non
2798 2664 3073 2748 indigna
3127 2663 3300 2729 leotu
3341 2662 3751 2743 iudioaveris,
3792 2663 4013 2728 omnia
4055 2662 4138 2728 ad
4182 2673 4250 2729 te

2295 2752 2652 2826 mittemus,
2699 2770 2783 2814 ne
2817 2759 2885 2814 te
2920 2770 3096 2815 nune
3131 2748 3377 2815 diutius
3410 2769 3702 2814 remorer
3736 2768 3935 2833 super
3965 2749 4251 2835 longiori

2296 2836 2592 2901 absentia
2630 2835 2869 2912 mariti,
2909 2845 3024 2900 aut
3056 2834 3458 2919 impotentia,
3494 2853 3659 2917 quae
3693 2845 3848 2900 ante
3875 2835 4251 2920 coniugium

2295 2941 2438 2987 esse
2482 2941 2613 2986 non
2657 2931 2874 3002 potest
2914 2930 2983 2986 et
3024 2940 3192 3003 quae
3235 2940 3469 2985 verum
3515 2921 3812 3002 sequitur
3853 2921 4250 3005 ooniugium,

2297 3005 2376 3072 de
2421 3006 2739 3071 maleficio
2782 3005 3062 3084 affectis,
3122 3005 3202 3070 de
3245 3006 3618 3089 pastoribus
3661 3008 3772 3089 qui
3816 3008 4031 3089 potius
4075 3007 4251 3091 agri.-

2293 3092 2477 3159 oolae
2519 3101 2678 3158 sunt
2721 3111 2918 3175 quam
2961 3103 3276 3175 pastores,
3296 3094 3357 3174 ²)
3411 3091 3493 3157 de
3536 3092 3619 3158 iis
3661 3093 3775 3174 qui
3818 3093 3892 3156 in
3934 3093 4249 3158 oonsisto·

2295 3179 2414 3244 riis
2459 3189 2619 3244 sunt
2661 3177 3010 3262 deligendi,
3028 3181 3086 3254 ⁸)
3132 3185 3201 3242 et
3247 3175 3328 3242 de
3387 3176 3960 3261 superstitionibus
4002 3179 4249 3260 passim

2295 3264 2709 3349 abrogandis,
2768 3275 2836 3330 et
2884 3283 3017 3329 nen
3074 3262 3365 3329 ferendis
3419 3263 3504 3330 iis
3558 3263 3670 3346 qui
3729 3264 3798 3328 in
3842 3262 3998 3329 loeis
4041 3271 4250 3347 agunt

2295 3351 2406 3416 ubi
2467 3349 2881 3433 praedicatur
2950 3349 3369 3434 evangelium
3439 3359 3508 3415 et
3577 3350 3915 3433 papismus
3974 3347 4248 3434 abroga-

2294 3444 2406 3502 tus
2447 3444 2565 3502 est.

2466 3522 2559 3587 Et
2591 3531 3010 3605 posteaquam
3059 3521 3183 3586 hoe
3238 3521 3464 3606 attigi,
3515 3541 3599 3587 ne
3653 3520 3933 3585 ulterius
3976 3540 4245 3604 progre-

2294 3607 2455 3686 diar,
2500 3628 2704 3691 quum
2745 3607 2870 3673 hoo
2928 3616 3248 3674 statutum
3308 3608 3460 3673 istie
3517 3606 3606 3671 sit
3661 3617 3729 3671 et
3770 3617 4071 3672 servetur
4110 3624 4246 3671 non

2292 3703 2554 3759 tantum
2599 3693 2712 3758 ubi
2756 3692 2874 3759 soli
2932 3704 3249 3777 praesunt
3290 3693 3665 3759 Beruenses
3682 3743 3697 3770 ,
3759 3712 3987 3757 verum
4044 3692 4248 3757 etiam

2293 3778 2468 3864 apud
2531 3800 2644 3845 eos
2709 3779 2822 3863 qui
2888 3780 3086 3845 etiam
3151 3780 3430 3846 subsunt
3491 3777 3656 3843 Frib
3819 3777 4079 3843 nsibus:
4146 3785 4250 3846 est

2292 3886 2504 3951 pagus
2546 3867 2618 3932 in
2706 3866 3071 3931 raefeotura
3110 3863 3685 3941 Grandissonensi,
3828 3864 4011 3929 neisa
4053 3884 4245 3931 voea-

2291 3960 2403 4017 tur
2417 4001 2432 4030 ‚
2489 3953 2579 4017 ibi
2624 3973 2664 4017 a
2708 3961 2940 4036 rogata
2993 3951 3196 4017 missa
3241 3948 3660 4033 evangelium
3703 3947 4136 4032 praedicatur,
4179 3957 4250 4015 et

2291 4045 2518 4103 tamen
2559 4038 2694 4104 illie
2737 4039 2874 4122 agit
2916 4035 3336 4114 sacrificulus,
3380 4035 3494 4118 qui
3537 4054 3672 4099 non
3713 4033 3908 4101 modo
3950 4056 4084 4101 non
4128 4057 4246 4102 au-

2294 4123 2391 4188 dit
2433 4144 2514 4189 ev
2649 4122 2851 4188 elium
2897 4130 2965 4187 et
3006 4120 3358 4205 pontifioiis
3415 4120 3690 4187 interest
3748 4121 4248 4187 abominationi-

2294 4208 2419 4274 bus
2462 4229 2547 4291 qu
2676 4208 2841 4274 nulli
2885 4229 2969 4273 ex
3013 4227 3181 4292 pago
3225 4206 3406 4283 lieet,
3459 4227 3692 4272 verum
3736 4208 3932 4272 etiam
3977 4208 4247 4273 missam

2293 4297 2529 4360 missat
2569 4297 2641 4360 in
2683 4315 2850 4380 pago
2893 4314 3090 4378 quem
3132 4292 3550 4363 Provinciam
3586 4291 3830 4359 dieunt.
3853 4296 3908 4364 ⁴)
3974 4290 4051 4359 Si
4095 4315 4246 4360 eum

2293 4381 2567 4465 antiquo
2610 4381 2937 4465 praefecto
2981 4378 3538 4445 Grandissonensi
3562 4381 3610 4458 ⁸)
3668 4398 3898 4463 ageres
3949 4386 4018 4444 et
4059 4400 4248 4446 eura·

2292 4487 2401 4533 res
2445 4477 2695 4550 pestem
2752 4465 2931 4530 illam
2989 4485 3106 4548 per
3160 4473 3466 4531 senatum
3509 4462 3906 4549 ablegatam,
3965 4467 4248 4532 serviret

2498 4720 2555 4784 Β)
2593 4720 2682 4775 De
2714 4721 2803 4775 lois
2833 4721 2976 4777 „0061
3009 4721 3071 4776 in
3106 4722 3376 4778 articam

2498 4789 2560 4856 3)
2601 4788 2686 4857 Cf.
2725 4789 2963 4846 Rudent.
3000 4791 3072 4843 V.
3109 4788 3215 4845 423
3262 4790 3363 4846 ubi
3404 4789 3579 4846 ᾶοοειι
3628 4789 3891 4846 dieantur
3932 4789 4244 4845 ωκειζςεονίο·

2291 4875 2594 4917 assessores
2627 4859 2935 4915 constituti:
2971 4865 3082 4914 trec
3116 4860 3320 4915 ”dicet
3351 4859 3661 4915 συνναίων-αἳ
3688 4859 3978 4930 principis,
4013 4863 4122 4913 troo
4155 4856 4243 4913 de·

2290 4931 2459 5001 hyatu·
2489 4928 2644 4982 urbis
2678 4944 2720 4982 s.
2758 4943 2825 4982 ιι·
2859 4928 3078 4997 eolleyio
3111 4929 3226 4979 τῶν
3263 4926 3510 4997 XXIV„
3537 4944 3712 4997 porro
3754 4943 3900 4983 anus
3944 4942 4011 4981 ex
4053 4926 4243 4981 αἰκία·
4318 4973 4327 4983 .

2291 5003 2411 5069 tris,
2444 5011 2684 5067 praeses,
2717 4999 3042 5053 secretarius
3076 5003 3130 5054 et
3160 5001 3214 5052 is
3245 5012 3402 5068 quem
3432 4997 3704 5053 meabant
3748 4997 3800 5051 le
3835 4995 4051 5051 Santier
4084 4995 4154 5049 de
4188 4996 4243 5050 la

2289 5066 2622 5137 seigneurie.
2695 5064 2905 5121 Restio
2935 5072 3056 5122 erat
3087 5081 3298 5122 anma-

2493 5132 3174 5202 4)Granson‚00net⁰oe,
3345 5135 3358 5149 ⁶
3480 5134 3794 5190 inditione
3853 5132 4254 5202 Vadam&

2289 5210 2464 5260 meum
2500 5205 2643 5270 sita,
2684 5200 2985 5259 Ρνουὺιοία
3029 5207 3182 5260 viem
3465 5202 3912 5260 Nouem-neam
3948 5203 4248 5271 proximas

2286 5276 2349 5332 in
2379 5273 2644 5329 §umore
2674 5277 2839 5327 ten-a.
3751 5315 3762 5338 ,

2494 5340 2557 5408 ὅ)
2595 5338 2711 5397 Iac.
2760 5339 3004 5397 Mola.
3076 5340 3341 5407 (Reuehat.
3373 5341 3471 5400 IV.
3503 5337 3647 5403 48⁷.)
