4900 6167
276 421 371 488 1⁹8

271 601 805 758 ffissupofflm
848 600 1119 754 vlissibhs.
1190 599 1582 754 Namwglegm
1594 601 2185 770 qcllleoegltdggsozuodd

272 777 335 843 de
370 797 433 841 re
474 775 650 840 robis
692 772 1225 840 constituendum
1292 774 1435 839 erit.
1524 773 1847 838 Damnari
1904 773 2187 838 fatemur

270 797 605 929 incredhlos
640 867 904 943 propter
936 857 1480 936 incredulitatem,
1525 866 1594 923 et
1625 857 1891 943 culpam
1923 878 2187 923 omnem

269 946 798 1015 condemnationis
840 945 915 1009 in
957 944 1292 1010 hominem
1335 943 1681 1010 reiicimus.
1754 943 1837 1009 In
1877 945 2187 1028 reproba-

267 1035 411 1099 tione
449 1043 666 1097 autem
713 1030 919 1096 solam
962 1043 1333 1114 spectamus
1377 1030 1508 1096 Dei
1549 1030 1974 1108 voluntatem,
2019 1049 2186 1113 quae

269 1119 381 1186 sola
415 1126 515 1183 est
547 1118 839 1182 iustitiae
874 1117 1122 1201 regula,
1168 1128 1236 1180 et
1270 1137 1420 1183 cum
1453 1114 1670 1181 Paulo
1704 1116 2182 1181 exclamamus:

269 1203 319 1271 Ο
352 1202 648 1268 altitudo!
736 1202 863 1267 Ille
918 1224 1077 1268 vero
1134 1202 1399 1268 clamat:
1468 1199 1690 1266 Deum
1747 1201 1870 1267 hoc
1912 1210 2101 1285 pacto
2144 1221 2185 1266 a

267 1290 421 1358 nobis
460 1289 775 1355 constitui
816 1296 1110 1353 autorem
1156 1288 1399 1372 peccati
1445 1298 1512 1352 et
1553 1287 1762 1352 veluti
1802 1297 2182 1374 tyrannum,

268 1377 351 1442 cui
388 1374 665 1441 sufficiat
719 1395 838 1458 pro
879 1376 1134 1439 ratione
1177 1373 1502 1440 voluntas.
1590 1371 1668 1439 Si
1732 1394 1928 1456 quem
1986 1374 2183 1452 enim,

265 1461 462 1544 inquit,
507 1461 695 1526 Deus
738 1459 1067 1542 reprobat,
1112 1460 1235 1525 hoc
1277 1459 1435 1525 facit
1475 1459 1628 1543 quia
1660 1458 1856 1524 simul
1900 1460 2183 1543 praesci-

266 1548 344 1612 vit
378 1546 514 1611 fore
555 1555 635 1611 ut
688 1547 971 1630 gratiam
1025 1545 1123 1610 illi
1165 1545 1447 1610 oblatam
1466 1597 1483 1623 ,
1550 1565 1747 1630 quam
1790 1546 2005 1629 potuit
2044 1565 2183 1609 am-

263 1632 445 1718 plecti,
491 1631 761 1698 reiiciat.
839 1632 1056 1715 Atqui,
1102 1632 1159 1697 si
1194 1632 1378 1698 Deus
1419 1632 1658 1698 idcirco
1691 1632 1998 1714 reprobat
2029 1631 2186 1714 quia

264 1719 519 1802 praescit
583 1717 1113 1785 incredulitatem
1128 1768 1144 1797 ,
1216 1717 1455 1784 idcirco
1522 1718 1721 1783 etiam
1794 1716 1980 1802 eligit
2032 1717 2187 1800 quia

262 1803 578 1889 praevidet
618 1804 835 1884 fidem,
880 1824 1085 1887 quum
1121 1815 1341 1870 tamen
1384 1815 1656 1880 constet,
1702 1824 1823 1869 nos
1860 1825 1994 1869 non
2030 1802 2187 1888 eligi

264 1899 501 1974 propter
544 1890 742 1956 fidem
760 1942 775 1966 ,
830 1889 947 1956 sed
1007 1889 1154 1955 ideo
1213 1888 1481 1955 credere
1525 1890 1678 1972 quia
1719 1889 1912 1958 electi
1954 1892 2185 1968 simus,

265 1975 477 2059 alioqui
544 1997 628 2041 ex
696 1974 881 2041 nobis
924 1975 1240 2059 penderet
1301 1974 1563 2055 electio,
1620 1996 1753 2039 non
1812 1997 1894 2039 ex
1954 1975 2186 2060 gratia.

262 2061 535 2127 Dicimus
579 2082 737 2146 ergo
781 2081 933 2126 eum
976 2064 1089 2144 qui
1130 2061 1648 2145 reprobationem
1706 2060 1899 2126 tollat
1935 2062 2188 2127 nullam

264 2146 617 2214 electionem
662 2156 950 2213 statuere
985 2167 1206 2230 posse:
1253 2145 1530 2214 dicimus
1570 2148 1745 2212 inter
1779 2167 2011 2212 causas
2055 2145 2187 2213 dis-

266 2233 703 2317 tinguendum:
788 2232 1067 2299 dicimus
1134 2231 1241 2299 hic
1314 2232 1478 2297 nihil
1550 2231 1976 2298 tribuendum
2045 2254 2189 2300 esse

264 2330 495 2385 nostrae
544 2320 819 2385 rationis
861 2318 1131 2385 iudicio:
1176 2318 1451 2384 dicimus
1484 2320 1728 2400 peccati
1767 2321 1984 2385 varios
2024 2320 2189 2385 fines

265 2403 767 2483 mnsiderandos,
830 2426 986 2470 nam
1044 2413 1121 2471 ut
1176 2416 1277 2470 est
1339 2414 1678 2488 peccatum
1732 2404 1873 2471 eius
1927 2405 2033 2471 cul
2082 2426 2189 2470 am

263 2510 491 2556 omnem
528 2491 600 2556 in
637 2490 983 2556 hominum
1016 2490 1502 2575 improbitatem
1537 2510 1680 2556 esse
1712 2491 2016 2556 conferen
2063 2511 2190 2570 am,

264 2583 325 2640 ut
360 2588 574 2642 autem
616 2576 860 2659 pendet
910 2597 951 2641 a
995 2575 1447 2660 reprobatione
1500 2577 1763 2643 decerni
1816 2598 1857 2642 a
1901 2575 2047 2642 Deo
2107 2578 2191 2643 ad

298 2661 511 2727 loriam
573 2663 781 2745 ipsius
850 2661 1377 2746 amplificandam
1454 2661 1773 2727 malorum
1837 2662 2190 2746 suppliciis.

264 2682 543 2813 ficimus
581 2747 862 2831 denique
915 2749 982 2812 in
1041 2748 1336 2832 reprobis
1388 2756 1524 2812 tres
1581 2768 1724 2814 esse
1780 2748 2025 2833 gradus
2069 2749 2192 2815 hoc

265 2832 465 2899 ordine
501 2832 1038 2900 considerandos:
1084 2832 1627 2917 reprobationem,
1664 2832 2195 2901 incredulitatem

266 2918 352 2983 vel
390 2919 833 3004 ignorantiam
876 2920 1036 2998 Dei,
1079 2929 1356 2985 mortem
1401 2927 1772 2999 aeternam,
1815 2920 2049 3004 quibus
2091 2928 2192 2986 to·

263 3003 438 3070 tidem
458 3004 900 3088 respondeant
932 3006 1004 3071 in
1039 3006 1283 3082 electis,
1320 3026 1582 3090 nempe:
1623 3007 1913 3090 gratuita
1941 3007 2189 3082 electio,

266 3088 422 3170 fides,
462 3091 603 3156 vita
636 3100 920 3156 aeterna.
994 3090 1284 3158 Obsecro
1322 3101 1409 3171 te,
1445 3092 1537 3156 mi
1582 3102 1785 3176 pater,
1829 3103 1905 3156 ut
1940 3093 1998 3157 si
2032 3091 2191 3176 quid

264 3173 355 3273 bic
393 3197 431 3241 a
469 3198 578 3242 me
620 3177 1159 3277 praetermissum
1176 3228 1192 3255 ,
1257 3178 1313 3244 si
1369 3176 1525 3261 quid
1568 3179 1871 3277 ambigue
1913 3187 2031 3242 aut
2072 3176 2192 3243 du-

264 3282 397 3412 mi
421 3271 1333 3430 “afflffifflmfflffitssff
1365 3262 2194 3416 mssffiffiffiffi

411 3436 585 3499 enim
623 3433 825 3520 digna
858 3445 957 3500 est
999 3435 1322 3520 singulari
1354 3443 1473 3501 tua
1504 3436 1765 3519 pietate,
1806 3433 2190 3513 eruditione,

264 3517 500 3600 iudicio,
544 3529 615 3586 et
657 3519 963 3586 omnibus
1005 3522 1295 3588 ecclesiis
1338 3530 1603 3606 gratum
1646 3520 1896 3599 feceris,
1942 3522 2191 3604 opinor,

263 3603 311 3666 si
364 3605 463 3671 vel
518 3606 933 3672 infirmorum
1002 3628 1201 3674 causa
1264 3608 1336 3672 in
1404 3607 1526 3672 hac
1590 3627 1663 3671 re
1733 3606 2194 3674 constituenda

262 3693 1435 3846 ¹²⁰⁸⁰s221²⁰2¹1¹2212⁰⁶351³1ffl2⁰22mr3¹12¹30
1450 3694 2039 3845 fflffi‘zffisstm
2096 3779 2193 3843 ,εἰ

262 3861 498 3946 culpam
541 3884 804 3929 omnem
848 3865 905 3931 is
947 3866 1091 3947 ipse
1134 3865 1460 3930 sustineat
1500 3874 1785 3948 oportet,
1829 3865 1941 3948 qui
1984 3871 2192 3930 totam

264 3943 412 4015 hanc
467 3951 978 4016 controversiam
1032 3950 1258 4016 movit.
1347 3951 1491 4035 Ego
1547 3972 1703 4016 vero
1763 3972 1965 4034 quum
2023 3950 2193 4015 nihil

266 4032 408 4100 facio
450 4035 781 4114 libentius,
825 4058 1021 4120 quam
1064 4058 1267 4120 quum
1304 4036 1386 4102 ad
1424 4049 1488 4102 te
1531 4036 1761 4114 scribo,
1807 4046 1948 4101 tum
1990 4037 2188 4102 etiam

262 4124 495 4185 tantum
535 4121 699 4186 mihi
744 4122 1038 4205 persuasi
1081 4123 1163 4187 de
1206 4123 1448 4187 eximia
1498 4130 1614 4187 tua
1671 4123 2081 4189 humanitate
2124 4129 2192 4186 et

263 4201 693 4273 benevolentia
735 4228 895 4293 erga
935 4228 1042 4273 me
1085 4209 1408 4293 singulari
1426 4260 1443 4286 ,
1489 4217 1564 4274 ut
1607 4228 1869 4291 sperare
1912 4207 2188 4274 audeam

262 4287 368 4356 has
436 4293 689 4372 literas,
767 4294 1068 4377 quamvis
1133 4294 1492 4378 longiores,
1576 4293 1695 4359 tibi
1766 4305 1989 4360 tamen
2068 4315 2191 4359 nec

263 4373 531 4460 ingratas
575 4401 696 4446 nec
740 4378 1131 4446 iniucundas
1174 4380 1343 4446 fore:
1389 4401 1558 4464 quae
1599 4401 1684 4445 ne
1726 4401 1834 4445 me
1876 4401 2025 4465 spes
2066 4379 2188 4445 fal·

265 4458 348 4525 lat
383 4472 447 4528 te
486 4465 685 4531 etiam
740 4472 934 4548 atque
999 4465 1198 4529 etiam
1243 4486 1419 4550 rogo.
1509 4467 1836 4532 Dominus
1878 4466 2065 4532 Iesus
2123 4473 2189 4530 te

265 4560 579 4617 conservet
621 4551 930 4618 ecclesiae
970 4570 1126 4616 suae
1143 4603 1158 4628 ,
1203 4552 1294 4615 mi
1341 4561 1546 4636 pater.
1613 4552 1699 4617 D.
1754 4551 2020 4630 Vinius,
2066 4550 2187 4616 Ri-

266 4627 462 4714 bima,
503 4636 873 4721 caeterique
915 4637 1151 4702 fratres
1193 4656 1456 4702 mecum
1501 4645 1704 4704 totam
1749 4645 2037 4704 vestram
2083 4657 2189 4704 ec-

264 4717 503 4787 clesiam
545 4724 860 4789 salutant.
931 4723 1119 4790 Uxor
1160 4742 1418 4805 quoque
1461 4745 1609 4790 mea
1651 4731 1717 4788 te
1759 4722 2007 4790 salutat
2038 4743 2188 4788 cum

267 4809 387 4870 tota
425 4808 688 4874 familia.
777 4809 963 4874 Bene
1008 4807 1173 4874 vale.
1263 4808 1616 4875 Lausanae
1670 4816 1905 4894 quarto
1948 4808 2188 4876 Galen·

270 4885 367 4955 das
408 4892 790 4961 Novembris
840 4899 1020 4959 1551.

1045 5030 1425 5098 Theodorus
1470 5031 1647 5098 Beza
1689 5033 1885 5116 plane
1933 5039 2097 5097 tuus.

1022 5261 1031 5266 .
1056 5260 1213 5266 ——---
1242 5259 1425 5266 --nqn—

458 5422 673 5482 Calbim·
704 5439 892 5496 opera.
968 5424 1087 5480 Vol.
1116 5425 1212 5480 XI
1232 5427 1286 5479 V.

1972 416 2141 480 1561-
2181 412 2508 488 OO'I'OB·

4123 423 4248 502 ,194

3176 600 3364 674 1541.

2743 756 3290 828 GARNERIUS
3337 756 3774 826 ΟΔΙΝἹΝΟ.

2461 925 2571 993 Ea:
2613 926 2860 996 Hassia
2898 930 3102 997 redux
3157 949 3317 995 nova
3373 932 3683 1031 medam
3740 933 3925 1015 affert
3965 952 4043 999 ea:
4083 932 4241 999 Ger·

2286 1013 2528 1092 mania,
2573 1015 2849 1081 maxime
2889 1016 2968 1082 de
3012 1013 3665 1102 Maydeburqembus.
3744 1016 3902 1083 Item
3940 1018 4242 1086 nonnuna

2287 1098 2863 1183 Aryentoratensia.

2286 1271 2399 1340 (Ex
2435 1271 2774 1342 autographo
2810 1270 2938 1326 eod.
2975 1271 3117 1326 Bibl.
3146 1270 3328 1396 {Rhegi
3367 1273 3582 1408 'tianae
3600 1271 3819 1328 Vratisl.
3855 1275 4004 1330 Tom.
4041 1275 4138 1330 111.
4175 1276 4242 1331 B.

3168 1358 3202 1395 0
3225 1382 3239 1396 .
3345 1383 3361 1398 .

2459 1510 2845 1578 Clarissimo
2902 1512 3046 1579 viro
3090 1518 3159 1578 et
3201 1513 3442 1579 eximio
3485 1514 3882 1580 christianae
3929 1514 4242 1582 ecclesiae

2289 1596 2537 1663 doctori
2595 1598 2681 1664 D.
2740 1597 2972 1664 Ioanni
3030 1597 3309 1665 Calvino
3362 1598 3627 1665 domino
3696 1622 3814 1667 suo
3883 1601 3952 1666 in
4012 1601 4243 1685 primis

2290 1681 2714 1750 observando.

3736 1772 4069 1839 Genevae.

2464 1905 2535 1972 S.
2597 1906 2674 1972 P.
2753 1906 2948 1973 Nunc
3014 1906 3241 1972 multis
3311 1915 3662 1989 occupatus
3728 1910 3958 1992 paucis
4027 1916 4246 1975 tecum

2503 2043 2520 2072 ,
2576 2003 2765 2077 pater
2822 2013 2899 2059 ac
2959 2000 3343 2076 praeceptor
3394 1992 3466 2058 in
3527 1992 3796 2061 Christo
3850 1993 4245 2063 venerande.

2291 2014 2524 2163 §uper
2592 2078 2770 2145 enim
2839 2077 2924 2143 ab
2990 2078 3433 2145 illustrissimo
3497 2080 3792 2164 principe
3845 2081 4250 2166 Landqravio

2290 2166 2546 2232 iuniore
2570 2163 2618 2251 ι)
2676 2171 2950 2231 vocatus
3007 2164 3195 2230 illum
3252 2165 3527 2244 accessi,
3595 2187 3748 2232 cum
3804 2187 3932 2250 quo
3990 2166 4248 2236 dnobus

2292 2252 2572 2336 integris
2628 2250 2965 2316 mensibus
3019 2251 3156 2335 egi,
3233 2272 3367 2315 non
3433 2251 3706 2316 frustra:
3779 2273 3956 2320 nunc
4025 2260 4250 2318 autem

2293 2337 2583 2421 primum
2635 2356 2973 2416 reversus,
3047 2335 3342 2402 nondum
3396 2336 3589 2419 plane
3644 2337 3808 2403 mihi
3872 2344 3990 2404 aut
4042 2337 4249 2404 musis

2292 2424 2642 2489 restitutus
2684 2444 2849 2489 sum.
2935 2422 3295 2488 Praeterea
3334 2422 3442 2488 hic
3485 2443 3742 2491 mecum
3787 2422 4000 2491 adhuc
4038 2423 4250 2490 habeo

2294 2509 2725 2575 conductores
2767 2507 2878 2590 qui
2921 2529 3028 2573 me
3070 2507 3202 2574 huc
3245 2508 3668 2586 reduxerunt,
3711 2530 3871 2592 quos
3913 2509 4249 2576 remittere

2293 2614 2453 2659 mox
2512 2593 2713 2660 debeo
2768 2603 3038 2660 onustos
3080 2593 3557 2678 quodammodo
3610 2594 3835 2660 literis.
3921 2594 4101 2660 Illud
4147 2596 4251 2658 in-

2294 2680 2528 2764 primis
2594 2678 2808 2746 dicam
2881 2678 3054 2763 quod
3117 2680 3191 2744 in
3246 2700 3326 2745 ea
3381 2678 3652 2764 regione
3719 2700 3825 2745 me
3890 2680 4251 2764 plurimum

2296 2765 2701 2833 consolatum
2768 2772 2887 2831 est.
2988 2765 3251 2851 Religio
3309 2766 3577 2830 omnino
3647 2765 3832 2833 salva
3886 2772 4113 2833 manet
4177 2765 4252 2830 in

2296 2859 2437 2916 tota
2477 2851 2752 2917 Hassia:
2799 2850 2894 2915 nil
2938 2849 3293 2934 quidquam
3336 2859 3664 2916 mutatum
3708 2860 3811 2917 est
3851 2851 3941 2917 ibi
3984 2860 4253 2936 propter

2295 2937 2591 3002 Interim.
2679 2937 2905 3002 Habet
2955 2945 3298 3020 praeterea
3354 2936 3468 3001 illa
3509 2938 3690 3020 regio
3746 2935 3950 3003 bonos
4003 2938 4145 3020 pios
4187 2943 4256 3001 et

2293 3021 2517 3089 doctos
2559 3024 3050 3089 concionatores
3093 3043 3229 3087 non
3272 3042 3528 3105 paucos,
3576 3023 3688 3106 qui
3742 3023 4025 3088 fideliter
4067 3022 4250 3088 labo-

2296 3114 2450 3174 rant
2491 3110 2563 3174 in
2604 3108 2799 3174 vinea
2840 3106 3145 3186 Domini,
3202 3130 3477 3191 quorum
3524 3107 3693 3174 bona
3733 3129 3890 3192 pars
3945 3109 4134 3174 novit
4188 3115 4255 3174 te

2296 3216 2500 3278 quum
2545 3194 2627 3260 de
2670 3194 2833 3259 facie
2870 3202 3016 3259 tum
3051 3193 3132 3259 de
3167 3193 3451 3272 nomine,
3496 3195 3597 3259 tui
3640 3192 3962 3277 siquidem
3997 3191 4253 3261 labores

2297 3280 2560 3347 obscuri
2625 3300 2763 3345 non
2847 3287 3003 3346 sunt
3073 3278 3249 3364 apud
3316 3279 3481 3344 illos.
3591 3279 3720 3343 Pro
3767 3287 3946 3346 terea
4017 3300 4253 3364 nuper,

2343 3388 2503 3432 uum
2580 3388 2713 3432 una
2784 3373 3007 3432 essent
3073 3364 3455 3450 congregati
3518 3364 3767 3432 Oasse'
3870 3367 3944 3431 in
4008 3364 4114 3432 die
4178 3363 4254 3432 S.

2296 3389 2792 3518 {artholomasi
2844 3451 3160 3536 principis
3225 3452 3412 3518 iussu
3428 3502 3446 3531 ,
3520 3450 3783 3536 quando
3845 3451 3980 3517 illis
4034 3449 4255 3517 oblata

2298 3547 2402 3604 est
2449 3535 2758 3605 mauritii
2800 3544 2869 3602 et
2907 3536 3244 3619 Bipontini
3285 3557 3441 3603 vere
3481 3536 3779 3604 mascula
3810 3536 3965 3603 fidei
4005 3536 4256 3604 confes-

2298 3624 2413 3701 sio,
2461 3630 2778 3709 rogarunt
2814 3644 2922 3689 me
2960 3644 3187 3688 omnes
3243 3644 3380 3688 una
3421 3630 3496 3689 ut
3537 3631 3604 3688 te
3646 3625 3941 3705 ipsorum
3984 3622 4253 3688 nomine

2296 3710 2654 3777 salutarem
2718 3730 2837 3793 per
2903 3710 3337 3788 occasionem,
3404 3707 3573 3792 quod
3631 3719 3697 3773 et
3747 3729 3855 3773 me
3922 3707 4252 3780 facturum

2297 3794 2644 3879 spopondi,
2687 3802 3046 3879 petuntque
3087 3804 3235 3860 tuas
3293 3803 3361 3860 et
3412 3795 3707 3860 omnium
3759 3799 4062 3859 nostrum
4104 3811 4252 3859 ora·

2297 3883 2510 3947 tiones
2528 3933 2543 3959 ,
2605 3901 2732 3965 quo
2775 3880 3059 3947 viriliter
3102 3888 3298 3964 atque
3341 3889 3715 3946 constanter
3756 3899 4030 3962 pergere
4072 3879 4252 3946 vale-

2296 3977 2412 4032 ant
2455 3968 2526 4032 in
2568 3967 2832 4050 incepto
2873 3987 3086 4050 opere.
3174 3966 3269 4031 Et
3312 3985 3467 4030 vere
3522 3965 3704 4050 digni
3749 3976 3905 4030 sunt
3947 3985 4065 4049 pro
4107 3965 4251 4048 qui-

2296 4052 2419 4120 bus
2464 4051 2736 4119 ecclesia
2776 4060 2936 4117 oret.
3024 4052 3259 4136 Longe
3315 4072 3472 4135 ergo
3527 4051 3765 4116 melius
3821 4050 4044 4135 agitur
4099 4072 4251 4118 cum

2292 4139 2429 4205 illis
2472 4139 2705 4205 Hessis
2756 4160 2956 4222 quam
3014 4135 3355 4203 nobiscum
3372 4187 3389 4216 ,
3449 4144 3519 4201 et
3572 4136 3668 4201 illi
3711 4137 4031 4203 feliciores
4089 4143 4250 4202 sunt

2293 4224 2482 4291 nobis
2526 4224 3122 4306 Argentinensibus
3160 4222 3285 4288 hac
3329 4222 3400 4286 in
3442 4231 3645 4306 parte.
3667 4222 3725 4307 2)

2466 4311 2572 4376 De
2629 4309 2997 4395 Madburgo
3013 4313 3074 4386 ⁸)
3135 4317 3386 4374 certum
3444 4315 3546 4374 est
3594 4306 3767 4392 quod
3819 4305 4035 4374 adhuc
4077 4308 4248 4374 obsi·

2293 4396 2490 4462 detur
2507 4447 2521 4474 ‚
2580 4395 2694 4462 sed
2741 4396 2923 4461 brevi
2978 4393 3273 4461 solvetur
3326 4393 3590 4460 favente
3630 4392 3794 4459 Deo.
3883 4392 4057 4458 Nam
4116 4414 4250 4477 pax

2289 4481 2390 4547 illi
2431 4482 2708 4548 offertur
2749 4481 2831 4547 ab
2873 4480 3170 4547 hostibus
3224 4481 3450 4562 aequis
3492 4500 3569 4546 ac
3611 4476 4054 4546 tolerabilibus
4096 4500 4249 4545 con-

2293 4566 2668 4634 ditionibus.
2759 4564 3003 4631 Omnia
3044 4570 3243 4632 erunt
3284 4565 3416 4630 illis
3458 4566 3661 4644 salva,
3707 4564 3823 4631 sed
3857 4564 4248 4632 Mauritium

2292 4653 2614 4738 recipient
2654 4653 2726 4718 in
2770 4652 3050 4719 civitatis
3094 4659 3545 4736 promotorem.
3615 4651 3723 4717 De
3769 4650 4040 4717 Caesare
4080 4653 4247 4717 fere-

2293 4740 2509 4822 batur,
2543 4739 2732 4805 illum
2768 4739 3089 4821 accepisse
3123 4738 3253 4803 iter
3286 4736 3550 4801 Italiam
3588 4758 3818 4804 versus
3853 4744 4246 4821 anteaquam

2293 4825 2643 4912 egrederer
2699 4823 2937 4890 aulam.
3039 4825 3137 4889 At
3200 4830 3427 4906 postea
3482 4823 3555 4887 in
3619 4823 3854 4889 itinere
3914 4819 4244 4928 diversum

2292 5065 2468 5119 1541.
2505 5064 2561 5134 1)
2604 5062 2952 5119 Guaielmum
3007 5063 3237 5119 innuere
3293 5062 3511 5117 videtur
3573 5059 3727 5116 Pto-72·
3812 5063 3823 5075 ‘
3870 5059 4047 5126 filium
4105 5065 4245 5118 nats

2292 5136 2610 5216 maximam,
2644 5147 2758 5188 non
2790 5148 2917 5187 vero
2942 5132 3285 5187 Μυσία-ειη
3319 5133 3606 5187 iuniorem.
3678 5128 3713 5183 1
3813 5143 3864 5182 a·
3908 5127 4044 5183 1532
4075 5137 4243 5186 natus

2292 5209 2427 5271 ‘mi'
2461 5204 2561 5409 ’.ἐξ
2583 5200 2954 5397 &bazan-90
2984 5285 3044 5326 se
3075 5269 3257 5339 {pm
3291 5284 3461 5339 usque
3495 5266 3837 5323 adnumerat.

3759 5419 3827 5473 13
