4900 6167
677 449 798 510 551

673 632 839 700 Huc
914 631 1192 717 denique
1261 631 1547 715 pertinet
1621 627 1817 697 illud:
1894 630 2260 715 Propterea
2347 648 2633 713 namque

675 739 925 803 magna
975 737 1176 803 opera
1216 715 1492 783 Domini
1510 767 1525 794 ,
1581 724 1660 782 ut
1709 717 1881 782 miro
1938 724 2006 783 et
2064 713 2380 781 ineffabili
2438 713 2634 781 modo

673 824 814 871 non
855 804 973 869 fiat
1014 810 1275 889 praeter
1317 802 1459 868 eius
1491 801 1919 881 voluntatem,
1963 800 2138 886 quod
2172 800 2372 868 etiam
2405 809 2635 867 contra

675 891 758 957 fit
814 889 958 956 eins
1011 888 1438 957 voluntatem.
1541 885 1678 954 Sed
1730 908 1967 973 parum
2025 887 2385 971 prudenter
2439 886 2630 965 facio,

680 974 793 1059 qui
863 985 930 1042 te
1000 975 1237 1041 horum
1306 973 1725 1052 admoneam,
1809 974 1914 1040 eui
1989 974 2213 1039 omnia
2264 974 2332 1039 A
2471 973 2632 1040 stini

678 1068 838 1129 sunt
878 1061 1240 1128 notissima.
1326 1059 1412 1125 In
1460 1058 1721 1127 Calvino
1776 1080 1911 1125 non
1966 1059 2202 1142 probas
2255 1080 2342 1142 qu
2471 1059 2631 1125 scri-

678 1145 825 1213 bat:
849 1150 905 1219 ²)
994 1146 1217 1213 Deum
1258 1167 1395 1212 non
1433 1145 1626 1211 modo
1670 1145 1863 1229 primi
1918 1145 2203 1212 hominis
2244 1164 2471 1212 casum
2490 1196 2507 1226 ,
2565 1155 2633 1209 ot

677 1233 751 1297 in
794 1252 872 1298 eo
912 1240 1326 1317 posterorum
1380 1230 1642 1297 ruinam
1695 1229 2102 1315 praevidisse
2115 1280 2132 1308 ,
2178 1229 2294 1296 sed
2353 1229 2629 1296 arbitrio

681 1317 880 1384 etiam
925 1338 1042 1384 suo
1086 1316 1515 1401 dispensasse.
1605 1314 1799 1399 Quod
1843 1327 2021 1383 certe
2063 1316 2192 1382 nisi
2237 1313 2629 1383 concesseri-

677 1424 846 1483 mus,
889 1423 1153 1488 omnem
1196 1402 1679 1487 providentiam
1721 1411 1790 1468 et
1830 1421 1905 1469 sa
1951 1402 2220 1468 ientiam
2242 1400 2372 1468 Dei
2416 1422 2454 1467 e
2497 1422 2630 1467 me-

678 1487 789 1555 dio
832 1487 1157 1556 tollemus.
1246 1488 1571 1573 Equidem
1627 1508 1761 1554 non
1817 1488 1887 1556 vi
1932 1508 2008 1553 eo
2021 1539 2037 1566 ,
2096 1486 2419 1571 quomodo
2465 1487 2628 1554 haec

677 1572 1049 1640 Salomonis
1092 1574 1423 1640 sententia
1477 1574 1699 1640 minus
1748 1573 2081 1658 quidpiam
2123 1571 2626 1656 complectatur:

677 1658 925 1727 Omnia
992 1668 1261 1746 propter
1328 1667 1539 1726 semet
1606 1660 1825 1745 ipsum
1895 1667 2201 1744 operatus
2264 1666 2366 1724 est
2420 1657 2625 1733 Deus,

677 1745 877 1811 etiam
945 1746 1221 1830 impium
1293 1743 1376 1811 ad
1447 1743 1618 1811 diem
1696 1744 1963 1811 malum.
2064 1744 2156 1811 Et
2220 1746 2346 1811 ista
2406 1743 2623 1809 Pauli:

677 1828 924 1897 Omnia
968 1853 1049 1897 ex
1093 1832 1226 1908 illo,
1271 1852 1393 1915 per
1433 1831 1641 1910 illum,
1687 1839 1757 1897 et
1796 1832 1865 1898 in
1910 1830 2116 1896 illum.
2201 1830 2388 1896 Alias
2430 1830 2628 1914 phra-

676 1937 782 1984 ses
851 1916 1087 2001 quibus
1143 1918 1356 1982 utitur
1424 1916 1842 1984 doctissimus
1904 1914 2238 1992 Calvinus,
2353 1918 2625 1982 uoniam

674 2003 920 2086 passim
965 2003 1034 2068 in
1079 2004 1280 2070 sacris
1322 2002 1533 2068 literis
1578 2013 1949 2082 occurrunt,
1991 2002 2237 2069 omitto.
2392 2022 2466 2068 ec
2511 2021 2624 2068 ve-

670 2109 747 2154 ro
790 2097 906 2154 aut
960 2089 1256 2173 ineptum
1312 2096 1430 2155 aut
1480 2087 1917 2174 periculosum
1974 2087 2278 2154 arbitrari
2334 2107 2623 2170 poem,

672 2174 730 2239 si
797 2194 951 2240 eum
1011 2172 1319 2258 loquendi
1385 2174 1651 2241 modum
1714 2174 2080 2254 imitemur,
2160 2195 2289 2258 quo
2351 2173 2625 2258 spiritus

672 2268 937 2327 sanctus
981 2261 1208 2326 utitur.
1299 2260 1398 2326 Ac
1456 2260 1585 2326 nisi
1644 2279 2204 2342 supervacaneum
2266 2257 2623 2337 videretur,

672 2357 739 2410 te
783 2345 985 2412 etiam
1030 2356 1227 2430 atque
1272 2347 1468 2413 etiam
1526 2365 1829 2432 rogarem
1846 2393 1861 2422 ,
1918 2354 1992 2412 ut
2035 2366 2271 2413 caveas
2328 2365 2413 2409 ne
2468 2344 2624 2429 quid

671 2429 921 2497 dissidii
966 2431 1141 2499 inter
1188 2453 1307 2499 vos
1354 2432 1593 2499 harum
1627 2452 1849 2497 rerum
1897 2452 2093 2499 causa
2134 2432 2419 2497 oriatur:
2468 2452 2624 2496 nam

669 2527 739 2582 et
781 2537 1045 2584 cursum
1090 2517 1418 2603 evangelii
1460 2515 1638 2584 haud
1679 2538 1913 2603 pamm
1957 2517 2315 2584 retardabit
2330 2568 2347 2594 ,
2392 2525 2461 2582 et
2504 2538 2621 2582 vos

669 2621 937 2670 causam
982 2624 1105 2669 sua
1158 2614 1393 2687 sponte
1445 2602 1774 2669 labentem
1823 2625 1954 2670 non
1999 2605 2092 2669 ita
2147 2602 2287 2683 diu,
2340 2603 2470 2668 nisi
2513 2623 2621 2668 me

667 2689 892 2753 omnia
925 2687 1184 2767 fallunt,
1230 2688 1650 2755 sustinebitis.
1716 2689 1995 2755 Liberos
2038 2701 2187 2755 tuos
2231 2691 2287 2755 si
2332 2689 2462 2755 huc
2496 2689 2622 2752 mi-

665 2772 851 2853 seris,
877 2777 928 2854 ⁸)
975 2785 1171 2840 erunt
1212 2774 1376 2841 mihi
1418 2775 1560 2841 loco
1596 2775 2088 2841 carissimorum
2121 2774 2421 2842 fratrum.
2490 2774 2621 2859 Egi

667 2879 819 2924 cum
867 2858 1230 2925 clarissimo
1286 2860 1433 2926 viro
1477 2858 1565 2926 D.
1618 2860 1809 2927 Gheeo
1860 2861 1940 2928 de
1987 2859 2190 2928 Coelio
2242 2860 2543 2936 Secundo,
2559 2863 2619 3010 *ἰ

666 2964 858 3027 quem
908 2943 1189 3012 arbitror
1232 2968 1352 3031 per
1393 2947 1619 3012 literas
1666 2945 1786 3012 tibi
1837 2946 2264 3032 significasse,
2310 2944 2464 3029 quid
2510 2965 2591 3010 ve

665 3029 897 3096 fecerit
940 3031 1052 3097 vel
1091 3032 1384 3099 facturus
1428 3033 1534 3099 sit.

837 3116 1026 3196 Vale,
1064 3118 1399 3185 carissime
1422 3117 1794 3203 Bndlinyere
1827 3127 1897 3184 et
1927 3119 2163 3183 fratres
2208 3137 2435 3182 omnes
2471 3138 2618 3183 meo

661 3202 928 3268 nomine
973 3202 1231 3270 salvere
1271 3204 1441 3283 iube,
1485 3206 1772 3270 maxime
1819 3225 1974 3271 vero
2019 3203 2382 3270 Dominum
2424 3223 2616 3286 prae·

656 3288 944 3371 positum
969 3289 1023 3371 ³)
1101 3288 1684 3370 humanissimum,
1773 3289 2100 3375 hospitem
2184 3309 2400 3353 meum
2422 3340 2438 3367 ,
2527 3289 2612 3355 D.

670 3371 1074 3454 Gualterum,
1138 3373 1222 3440 D.
1269 3375 1609 3442 Butlerum
1661 3383 2028 3443 nostratem
2070 3383 2189 3440 etc.
2280 3373 2449 3440 Vale
2493 3376 2615 3440 ite·

660 3479 831 3526 rum.
921 3460 1213 3526 Londini
1261 3466 1318 3527 3.
1365 3462 1560 3528 Iunii.

1644 3599 1769 3664 'rui
1814 3598 2305 3665 amantissimus

1847 3700 2118 3768 Bartho.
2164 3700 2523 3766 'l'raherom

863 3925 923 3990 2)
962 3925 1104 3982 last.
1141 3924 1253 3980 Ed.
1290 3923 1429 3979 1550
1460 3939 1505 3978 s.
1547 3921 1683 3978 1553
1721 3923 1855 3992 Gap.
1890 3923 2035 3978 XIV.
2073 3926 2120 3987 ς.
2157 3922 2191 3976 6
2323 3962 2336 3977 .

862 3993 921 4063 3)
958 3995 1146 4050 Filias
1178 3996 1297 4049 eius
1338 4001 1477 4049 aaut
1518 3995 1796 4048 movimus
1830 3991 2109 4047 Hem-'eus
2149 4008 2221 4048 m.
2450 3992 2616 4047 huius

649 4063 1540 4203 mzwgmgffimm
1574 4060 2122 4199 amma.
2082 4059 2615 4185 ‘'ptimss'ss'm

663 4131 927 4257 mobsv-
964 4218 1054 4256 am
1117 4137 1415 4256 eoncesw
1447 4199 1917 4280 Melanehthonem
1971 4197 2280 4281 'auditum
2295 4238 2308 4263 ,
2384 4170 2615 4280 de'm‘que

656 4284 760 4337 per
804 4270 854 4325 V
1017 4286 1180 4326 onam
1226 4277 1278 4324 et
1323 4269 1550 4324 Italiam
1598 4268 1814 4323 domum
1856 4266 2036 4323 redut.
2119 4264 2210 4322 De
2242 4267 2451 4337 Anylta
2498 4273 2614 4323 tun

654 4354 731 4465 lale
761 4342 997 4465 mn
1079 4341 1537 4471 εἐωωεέκυὲοεῗ)
1556 4352 1670 4392 noa
1715 4345 1794 4393 eet
1834 4336 1981 4407 quod
2025 4350 2358 4391 moneamus.
2396 4336 2613 4401 ’(Ηοοε.

862 4475 926 4544 4)
963 4447 1126 4532 eurio
1161 4449 1417 4531 nimirfim
1461 4474 1668 4544 aliquid
1713 4474 1954 4528 muneris
2003 4476 2073 4529 ob
2118 4473 2318 4528 librum
2353 4474 2612 4532 ndu-reo

654 4545 795 4617 Regi
829 4545 1150 4615 inscriptum
1188 4545 1539 4615 exspectabat
1575 4541 1836 4624 (Sinam).
1888 4541 2079 4597 Hm
2093 4542 2225 4598 Intro·
2237 4543 2430 4599 titulus
2462 4549 2612 4601 erat.-

653 4613 739 4668 De
774 4615 1133 4685 amplitudine
1167 4612 1570 4668 misericordiae
1607 4611 1706 4666 Dei
1743 4611 1919 4665 orafio
1953 4628 1987 4663 a
2021 4610 2266 4667 Mai-silio
2302 4612 2610 4668 Andreasio

650 4683 954 4746 Mantuano
988 4684 1175 4737 italico
1248 4683 1442 4736 rimum
1477 4696 1726 4735 sermone
1760 4680 2081 4749 conscripta,
2116 4697 2259 4735 nunc
2288 4681 2345 4735 in
2381 4682 2611 4737 latinum

654 4768 920 4808 conversa
956 4752 1142 4807 Coelio
1231 4752 1409 4806 oratio
1444 4749 1681 4805 Curione
1726 4747 1848 4819 [qai
1888 4751 2008 4803 eius
2045 4749 2197 4817 filius
2230 4757 2351 4805 erat
2382 4768 2434 4806 a.
2473 4750 2609 4806 1534

658 4820 851 4878 Catali
865 4820 1063 4891 mm]
1101 4820 1417 4889 interprete.
1471 4819 1608 4873 Item
1646 4819 1934 4873 Sermones
1968 4823 2083 4872 tres
2119 4818 2278 4874 Bern.
2313 4818 2503 4875 Ochini
2538 4820 2609 4875 de

651 4891 831 4945 officio
878 4889 1164 4945 christiani
1208 4889 1471 4958 principis
1515 4887 1707 4942 eodem
1751 4888 2073 4957 interprete.
2150 4887 2290 4942 Item
2325 4888 2609 4944 Declama-

649 4961 830 5014 tiones
866 4960 1110 5042 quinque
1143 4959 1200 5011 in
1236 4957 1307 5010 ali
1351 4964 1448 5012 uot
1481 4956 1551 5013 D.
1584 4955 1764 5010 Iacobi
1800 4957 1947 5011 locos
1986 4955 2035 5023 [i
2112 4957 2121 4970 '
2363 4959 2375 4970 '
2431 4959 2610 5028 apul.

652 5030 742 5082 Ad
792 5029 1026 5098 Anghae
1194 5042 1276 5080 em
1411 5025 1639 5079 nardum
1688 5025 1786 5080 v1.
1835 5026 1955 5080 Bas.
2006 4971 2187 5082 lgm?
2211 4962 2612 5094 wNiooron
2708 5028 2877 5084 rebat.

653 5094 932 5246 aasz?
954 5095 1158 5220 giam
1201 5095 1467 5245 ξρεέᾱαῖ
1494 5092 1878 5231 Βέέᾖὺζρενῶυΐ
1923 5093 2613 5248 Ξὲοἵᾷιῦνέῗωέεὲῑοξξξόοέζ

648 5238 876 5301 ccupat
926 5234 949 5296 (
1091 5272 1104 5286 .
1153 5231 1269 5300 Τις.
1317 5229 1503 5313 ρ..92)
1557 5247 1713 5312 quem
1747 5249 1860 5287 tam
1902 5238 2189 5303 amatore
2221 5237 2528 5297 maana,
2562 5239 2614 5289 et

645 5317 760 5371 quo
792 5297 1396 5439 αοῶειιὲἵὼαῗηὸῑῆἷξο
1432 5302 1493 5355 in
1527 5301 1749 5357 macula
1783 5304 2055 5358 coniectus
2084 5303 2213 5370 fuit.

2183 437 2712 506 EPISTOLAE
2764 440 2993 502 1748-
3026 440 3186 501 1750

4544 442 4650 505 552

3601 623 3788 696 1⁷4⁹.

3167 779 3777 849 U'I'ENHOVIUS
3822 778 4261 849 GALVINO.

2916 954 3148 1021 Tradit
3202 952 3511 1036 quaedam
3567 953 3912 1020 novissima
3965 953 4054 1020 ad
4113 958 4345 1021 statum
4400 954 4658 1021 eeclesiae

2735 1039 3109 1124 anglicanae
3162 1039 3632 1107 Mundam,
3741 1038 3895 1121 Ipse
3961 1059 3995 1103 e
4054 1040 4243 1125 pravi
4309 1039 4510 1106 morbo
4558 1041 4656 1105 vix

2733 1126 3080 1278 gement&
3135 1125 3418 1193 redditam
3473 1124 3549 1191 de
3596 1123 3790 1210 Royan·
3845 1124 4197 1192 valetudine
4239 1125 4416 1192 valde
4453 1124 4657 1192 solliei-

3053 1382 3161 1451 (Ex
3194 1384 3534 1453 autographo
3570 1382 3700 1438 Cod.
3739 1382 3900 1439 Goth.
3933 1381 4056 1451 404,
4090 1383 4180 1437 fol.
4218 1381 4364 1448 775.)

2904 1555 3290 1622 Clarissimo
3332 1555 3478 1621 viro
3522 1577 3598 1622 ac
3642 1556 3887 1639 pastori
3927 1555 4136 1622 multo
4226 1557 4239 1571 '
4294 1557 4307 1570 ‘
4379 1558 4656 1622 utissimo

2732 1639 2997 1740 domino
3042 1660 3118 1708 ac
3171 1641 3358 1707 fratri
3416 1661 3537 1708 suo
3596 1661 3749 1707 vere
3806 1640 4075 1708 colendo
4120 1642 4203 1708 D.
4285 1644 4479 1708 oanni
4520 1641 4656 1709 Oal-

2736 1748 2910 1794 vmo.
4173 1812 4502 1881 Genevae.

2903 1949 2974 2017 S.
3020 1950 3096 2016 P.
3158 1948 3705 2034 Quandoquidem
3743 1970 3882 2035 ego,
3921 1951 4025 2017 vir
4059 1951 4269 2015 multo
4304 1949 4655 2028 clarissime,

2729 2058 2815 2103 ex
2859 2035 3407 2121 periculosissima
3449 2056 3596 2101 mea
3639 2035 4050 2121 aegritudine
4068 2039 4160 2117 ,1)
4206 2035 4408 2102 veluti
4452 2032 4656 2118 postli-

2729 2122 2937 2188 minio
2993 2122 3157 2187 mihi
3213 2142 3359 2188 sum
3416 2121 3713 2188 redditus
3769 2130 3925 2206 (qno
3983 2122 4248 2187 nomine
4308 2120 4450 2186 Deo
4505 2120 4657 2205 patri

2728 2206 3003 2274 Domini
3048 2209 3255 2274 nostri
3291 2206 3445 2274 Iesu
3479 2207 3731 2274 Christi
3772 2227 3895 2293 ago
3932 2209 4208 2295 gratias)
4245 2229 4378 2271 non
4412 2224 4654 2290 possum

2728 2315 2908 2360 nune
2950 2293 3476 2378 praetermittere
3531 2294 3689 2379 quin
3742 2294 3969 2377 paucis
4027 2293 4261 2360 saltem
4316 2292 4398 2358 ad
4453 2303 4517 2360 te
4556 2310 4657 2375 per

2730 2400 2880 2445 eum
2925 2380 3037 2463 qui
3094 2380 3216 2446 has
3276 2378 3514 2460 defert,
3576 2402 3657 2446 ne
3703 2387 3777 2443 tu
3835 2380 3977 2445 iure
4030 2400 4287 2446 mecum
4349 2377 4428 2443 de
4472 2377 4657 2443 nimia

2728 2465 3134 2551 negligentia
3178 2465 3591 2551 expostulare
3635 2486 3851 2549 queas.
3940 2465 4148 2532 Porro
4189 2473 4436 2531 statum
4481 2463 4657 2529 eccle-

2729 2552 2864 2619 siae
2908 2559 3173 2617 nostrae
3194 2551 3251 2634 ²)
3297 2571 3379 2617 ex
3425 2551 3703 2618 Domino
3750 2550 4069 2618 Richaaedo
4089 2553 4143 2634 ⁸)
4191 2572 4263 2618 ac
4311 2552 4655 2617 etiamnum

2727 2657 2811 2703 ex
2853 2637 3430 2722 grammatophoro
3453 2642 3509 2716 ⁴)
3566 2636 3756 2703 facile
3807 2656 4174 2722 cognosces.
4262 2635 4528 2702 Oertum
4571 2641 4656 2699 est

2727 2720 3043 2790 Satanam
3090 2726 3366 2807 utrique,
3413 2722 3537 2790 hoe
3572 2733 3672 2789 est
3708 2722 4049 2789 Gallorum
4088 2732 4154 2789 et
4187 2722 4654 2790 Germanorum

2725 2808 3063 2889 ecclesiae,
3109 2829 3273 2893 quae
3315 2830 3449 2875 una
3491 2819 3618 2888 est,
3666 2809 4010 2894 animoque
4053 2809 4125 2874 in
4170 2808 4490 2875 ministris
4533 2826 4656 2871 om·

2725 2894 2921 2961 nibus
2987 2894 3392 2973 unitissima,
3467 2898 3793 2962 maximas
3861 2895 4163 2979 undequa
4210 2917 4291 2961 ue
4358 2895 4654 2961 facessere

2724 2980 3071 3047 molestias.
3093 2984 3149 3059 ⁶)
3220 2978 3355 3047 Sed
3397 3002 3588 3065 spero
3633 3003 3754 3046 nos
3794 2982 3868 3046 in
3901 2979 4166 3048 Christo
4271 2981 4489 3046 omino
4531 2997 4653 3043 om-

2724 3067 2836 3133 nia
2892 3065 3160 3134 tandem
3216 3068 3390 3133 mala
3449 3076 3866 3152 superaturos
3924 3088 4092 3146 esse,
4150 3066 4348 3133 modo
4404 3067 4459 3131 is
4502 3062 4655 3130 adsit

2722 3151 2864 3219 sine
2920 3153 3107 3218 cuius
3167 3151 3411 3219 auxilio
3472 3154 3716 3220 frustra
3767 3152 4132 3220 laboratur:
4201 3153 4301 3217 uti
4360 3153 4655 3217 hactenus

2721 3238 3110 3305 mirabiliter
3148 3238 3356 3304 adfuit
3413 3239 3485 3304 in
3520 3238 3712 3305 rebus
3748 3240 4077 3306 omnibus:
4125 3234 4653 3323 quemadmodum

2723 3344 2874 3390 eum
2920 3344 3177 3408 semper
3227 3324 3612 3391 adfuturum
3672 3324 3856 3391 nobis
3912 3325 4077 3391 nihil
4135 3335 4236 3393 est
4279 3324 4652 3390 addubitan-

2723 3408 2901 3488 dum,
2947 3410 3140 3475 modo
3184 3432 3315 3477 non
3352 3409 3639 3477 desimus
3676 3420 3901 3477 nostro
3936 3411 4164 3479 officie.
4238 3410 4377 3478 Nos
4420 3427 4651 3493 quoque

2722 3494 3024 3561 audimus
3053 3516 3176 3560 vos
3219 3496 3415 3565 isthic
3460 3506 3711 3564 vestras
3753 3519 3981 3565 cruces
4024 3516 4284 3583 gerere:
4334 3495 4504 3580 quod
4543 3493 4650 3560 mi·

2721 3602 2870 3646 rum
2915 3601 3075 3648 sane
3122 3603 3249 3647 non
3290 3590 3407 3658 est,
3456 3583 3612 3648 dum
3645 3583 3743 3650 ita
3785 3591 4123 3650 strenuam
4160 3586 4227 3649 in
4270 3579 4650 3649 aedificanda

2722 3666 2912 3733 domo
2935 3666 3204 3733 Domini
3241 3670 3497 3736 navatis
3532 3689 3813 3753 operam,
3852 3669 4023 3754 quod
4060 3670 4348 3736 ministri
4386 3668 4650 3734 Satanae

2722 3751 2895 3818 ferre
2932 3763 3282 3837 nequeunt,
3321 3756 3511 3822 sicuti
3547 3777 3666 3821 nec
3701 3756 3770 3821 in
3793 3754 4055 3823 Iudaeis
4089 3757 4260 3833 ferre
4298 3760 4646 3840 potuerunt

2721 3838 3000 3904 Interim
3046 3847 3255 3904 estote
3300 3861 3539 3925 quaeso
3594 3841 3762 3906 bono
3816 3843 4067 3923 animo,
4124 3843 4379 3926 pergite
4424 3861 4497 3906 eo
4539 3858 4650 3925 quo

2721 3924 3025 4009 coepistis
3076 3924 3242 4008 pede
3257 3978 3272 4004 ,
3328 3927 3547 3994 oeulos
3601 3927 3754 3992 fidei
3811 3935 4066 3994 vestrae
4124 3928 4539 3994 coniieientes
4589 3925 4648 3988 in

2723 4011 2958 4090 Iesum,
3005 4010 3111 4078 cui
3153 4012 3437 4091 servitis,
3481 4013 3592 4097 qui
3636 4012 3822 4079 vobis
3851 4016 4141 4098 reposuit
4184 4035 4489 4081 coronam
4528 4014 4648 4076 ius-

2720 4097 2942 4177 titiae,
3006 4117 3203 4180 quam
3249 4099 3317 4162 in
3361 4097 3465 4164 die
3507 4120 3627 4164 suo
3673 4098 3904 4165 reddet
3947 4098 4159 4179 vobis,
4222 4100 4338 4166 ubi
4401 4114 4646 4166 cursum

2723 4189 3019 4249 vestrum
3066 4182 3139 4247 in
3182 4182 3311 4249 fide
3354 4185 3983 4252 consummaveritis.
4057 4184 4251 4269 Quod
4298 4195 4372 4251 ut
4414 4180 4646 4251 faciatis

2721 4266 2940 4334 Deum
2983 4288 3141 4353 rogo
3186 4289 3269 4334 ex
3315 4271 3548 4351 animo,
3592 4291 3630 4336 o
3676 4279 3869 4356 toque
3924 4278 4002 4337 ut
4058 4291 4171 4338 vos
4229 4272 4313 4337 ad
4338 4268 4646 4338 ‚ecclesiae

2720 4375 2880 4420 suae
2952 4353 3303 4421 utilitatem
3368 4355 3479 4422 diu
3546 4377 3632 4422 no
3676 4357 3733 4424 is
3806 4367 4030 4424 servet
4098 4357 4476 4426 incolumes.
4572 4352 4647 4418 In

2714 4449 3049 4525 postremo
3102 4450 3432 4508 conventu
3487 4441 3996 4528 parlamentario
4015 4448 4070 4525 ὅ)
4139 4465 4338 4529 quem
4409 4447 4644 4518 vocant,

2714 4680 2976 4814 ffegael)
3016 4678 3106 4735 De
3151 4681 3337 4736 eadm
3370 4682 3562 4738 soraee
3595 4683 3673 4737 aa
3717 4682 4109 4754 mamm.
4184 4684 4417 4752 (sarecto
4454 4681 4649 4737 Lam

2922 4817 2958 4872 2

2923 4754 2985 4943 Σ)
3023 4818 3442 4943 ww
3475 4818 3665 4877 Lm·-

2922 4891 2984 5026 43
3017 4957 3119 5027 qm·
3148 4928 3322 5012 Μ’
3359 4954 3713 5028 Pramum,
3767 4957 3931 5016 onem·
3961 4965 4012 5014 et
4048 4959 4221 5017 Lases·
4247 4958 4499 5029 epistolas
4530 4954 4644 5021 affe·

2921 5095 2978 5158 5)
3088 5132 3105 5149 .
3142 5093 3222 5150 N.
3259 5093 3408 5149 1399.
3444 5093 3597 5148 1409.
3634 5094 3788 5150 1432.

2921 5163 2978 5231 6)
3046 5164 3138 5219 al.
3180 5163 3408 5246 Martiis
3449 5165 3706 5246 inchoate
3745 5164 3845 5219 cub
3886 5162 4044 5220 dude
4096 5164 4515 5247 Nor-thum
4552 5175 4642 5214 aa·

2793 5233 2921 5299 ····0,
2956 5230 4641 5358 afleamnqwooommeryaguwpmwffl«.

2717 5370 2906 5428 alcath.
2943 5299 4441 5442 ffffffliihfffffli‘mmm(
4518 5299 4640 5362 ω’
