4900 6167
76 442 77 445 Α
74 298 89 427 *ἴξ-

737 436 864 498 635
948 524 956 533 ἢ
1057 405 1066 416 “
2243 420 3237 490 EPISTOLAE1820—1825
4589 432 4693 493 636

1620 614 1811 684 1820.

976 772 1397 840 MINISTRI
1444 768 1994 836 BERNENSES
2042 768 2449 834 SENATUI

1433 872 1989 940 GENEVENSI.

914 1048 1151 1113 Paucis
1220 1048 1525 1127 neqotium
1598 1045 1833 1110 Servati
1911 1044 2276 1124 exepeditmt,
2364 1048 2567 1124 utpote
2645 1065 2684 1107 α

735 1135 982 1217 colleyis
1032 1132 1482 1198 Genevensibus
1520 1133 1653 1195 iam
1695 1132 1855 1195 satis
1898 1129 2290 1195 elucidatum.

864 1306 1029 1373 (Opp.
1068 1306 1101 1357 l.
1140 1305 1172 1357 I.
1210 1304 1408 1371 Incipit
1444 1322 1476 1356 a
1513 1303 1714 1355 verbis:
1776 1299 1897 1369 Qua
1936 1301 2112 1355 denuo
2149 1300 2389 1353 molestia
2427 1307 2554 1367 etc.)

1625 1898 1812 1966 1821.

1097 2052 1640 2119 VERGERIUS
1688 2052 2314 2119 BULLINGERO.

916 2228 1126 2291 Terret
1196 2246 1335 2289 cum
1414 2226 1731 2307 trayoedia
1806 2224 2187 2290 Servetiaua.
2303 2226 2684 2307 Refer-matio

734 2314 1141 2396 deformatur.
1250 2311 1687 2376 Turicensium
1742 2332 2104 2392 responsum
2157 2312 2365 2393 quoad
2412 2314 2685 2392 formam

734 2401 1146 2471 moderatum,
1205 2418 1275 2461 re
1316 2399 1460 2477 ipsa
1504 2404 1839 2461 extremum
1894 2399 2277 2477 supplicium
2318 2400 2683 2462 sumendum

733 2486 969 2551 suadet.
1064 2483 1239 2563 Quod
1282 2484 1410 2563 ipsi
1452 2483 1753 2566 displicet.
1840 2483 2042 2547 Italia
2084 2483 2164 2548 ab
2208 2486 2520 2565 evanyelio
2563 2486 2684 2549 sibi

734 2573 948 2636 time-re
988 2569 1235 2633 videtur
1267 2569 1480 2649 potius
1524 2589 1714 2649 quam
1758 2568 1921 2634 illud
1963 2571 2183 2651 cupide
2228 2570 2528 2651 amplecti.

735 2741 843 2808 (E'x
893 2739 1228 2808 autographo
1268 2740 1433 2792 Arch.
1472 2741 1649 2794 Turio.
1689 2741 1833 2795 Plut.
1873 2740 1969 2795 vl.
2007 2741 2132 2793 Vol.
2173 2739 2295 2807 170,
2344 2742 2470 2793 olim
2511 2741 2679 2793 Scrin.

736 2810 800 2864 B.
836 2811 978 2878 Epp.
1015 2809 1163 2861 Tom.
1198 2806 1292 2875 44,
1330 2809 1419 2860 fol.
1458 2806 1936 2943 562.vollpsg(1)·iptio
1973 2809 2330 2863 desideratur.
2372 2839 2433 2847 —
2471 2808 2682 2863 Simler.

730 3088 813 3097 ——-
858 3087 941 3096 -ι
992 3087 1063 3094 -η
1113 3084 1195 3093 —
1242 3082 1323 3093 n-
1370 3086 1452 3094 —
1512 3087 1595 3096 —
1658 3087 1739 3095 ——-
1802 3086 1880 3094 —
1944 3086 2021 3094 ..ν-.-
2086 3086 2167 3095 -
2215 3084 2294 3095 -ο
2340 3088 2423 3095 ——
2472 3085 2550 3094 —-
2600 3084 2677 3094 --

904 3135 1167 3200 Terruit
1210 3155 1315 3199 me
1358 3135 1698 3218 tragoedia
1742 3133 2147 3200 Servetiana.
2240 3134 2410 3197 Nam
2458 3135 2677 3217 singu-

725 3221 811 3288 lis
860 3221 1038 3286 horis
1084 3222 1399 3302 experior,
1445 3241 1572 3285 non
1620 3243 1805 3303 posse
1842 3240 2234 3304 quemquam
2280 3240 2488 3283 unum
2533 3241 2679 3283 ver-

726 3307 882 3373 bum
931 3308 1010 3370 de
1054 3307 1169 3371 illa
1211 3306 1444 3383 dicere,
1491 3307 1647 3387 quin
1692 3316 2098 3371 commoveat
2142 3305 2492 3369 multorum
2538 3306 2679 3369 ani-

727 3414 892 3458 mos
955 3392 1703 3475 Papistarumquidem,
1752 3402 1825 3457 ut
1868 3412 2131 3456 omnem
2175 3391 2433 3473 culpam
2477 3392 2677 3457 conii-

723 3480 904 3544 ciant
946 3481 1013 3542 in
1070 3486 1361 3542 nostram
1425 3477 1786 3542 doctrinam
1845 3486 2228 3558 nostrasque
2272 3478 2677 3542 reformatio-

722 3587 862 3643 nes,
910 3575 975 3630 et
1018 3563 1418 3628 meditentur
1463 3571 1690 3627 contra
1716 3586 1834 3628 nos
1870 3583 2065 3627 omne
2105 3562 2373 3640 malum,
2419 3563 2677 3645 piorum

723 3672 902 3730 vero,
940 3661 1014 3714 ut
1048 3650 1431 3732 pudeat-eos
1470 3649 1702 3713 horum
1741 3658 2204 3714 monstrorum.
2278 3648 2358 3712 In
2399 3669 2676 3725 summa,

722 3738 845 3803 sub
890 3736 1105 3818 specie
1150 3735 1709 3799 reformandarum
1769 3735 2189 3800 ecclesiarum
2226 3733 2677 3798 deformantur
2726 3778 2732 3821 =

725 3830 797 3887 et
840 3823 1307 3886 concutiunt-ur
1348 3819 1795 3885 fundamenta.
1889 3821 2067 3886 Proh
2127 3834 2441 3902 quantum
2489 3821 2677 3884 Anti·
2727 3830 2731 3895 ξ

723 3908 1011 3975 christus
1068 3907 1417 3971 laetabitur
1470 3906 1593 3971 hoc
1669 3904 1951 3970 dissidio.
2070 3906 2210 3969 Iam
2267 3906 2461 3970 audio
2519 3906 2672 3987 quid

722 3995 1018 4058 membra
1087 3992 1404 4073 quaedam
1484 3994 1626 4056 eius
1695 3993 2018 4056 effutiant.
2135 3992 2290 4055 Vidi
2370 3992 2595 4057 literas
2627 3996 2671 4073 ¹)

722 4100 884 4161 quas
929 4079 1009 4141 ad
1048 4088 1343 4142 senatum
1384 4077 1696 4142 Genavae
1731 4078 2100 4160 scripsistis,
2171 4076 2349 4142 Sane
2393 4078 2670 4159 placent.

719 4164 870 4230 Non
909 4164 1122 4229 dicitis
1159 4161 1402 4227 diserte
1438 4163 1798 4228 tollendum
1836 4186 1978 4229 esse
2015 4185 2050 4227 e
2088 4164 2225 4228 vita
2269 4163 2669 4229 haereticum

721 4249 928 4326 illum,
976 4248 1087 4314 sed
1134 4249 1226 4311 ita
1271 4251 1684 4332 exaggeratis
1719 4261 1793 4314 ut
1828 4250 2015 4314 facile
2059 4249 2429 4331 intelligere
2467 4251 2673 4333 possit

720 4336 834 4419 qui
879 4335 1073 4417 legat,
1123 4355 1238 4398 vos
1282 4356 1354 4397 ea
1404 4356 1545 4398 esse
1582 4336 1907 4399 sententia
1950 4348 2025 4399 ut
2067 4334 2350 4400 tollatur.
2422 4334 2669 4418 Scripsi

720 4420 803 4486 ad
846 4424 1003 4495 te,²)
1052 4418 1203 4501 quid
1251 4421 1561 4484 sentirem
1609 4442 1745 4502 ego.
1836 4424 1929 4484 At
1972 4423 2307 4485 committo
2347 4442 2488 4485 rem
2533 4420 2669 4486 Do-

720 4508 919 4572 mino,
990 4504 1122 4570 Odi
1168 4508 1351 4587 peius
1397 4526 1557 4570 cane
1602 4518 1667 4571 et
1711 4528 1924 4588 angue
1967 4508 2127 4571 istos
2162 4508 2668 4590 perturbatoreS,

721 4593 834 4659 sed
882 4611 1003 4676 ego
1048 4590 1309 4672 quidem
1368 4592 1745 4657 maluissem
1802 4593 2086 4658 inclusos
2132 4595 2485 4658 teterrimis
2530 4615 2669 4659 car·
2717 4584 2725 4643 ¹

720 4678 978 4747 ceribus
1023 4697 1217 4758 quam
1265 4678 1417 4760 igne
1475 4687 1594 4742 aut
1634 4679 1806 4744 ferro
1851 4681 2242 4761 absumptos.
2335 4678 2413 4743 Id
2459 4679 2671 4744 adhuc

722 4761 1075 4829 dolendum
1121 4775 1218 4825 est
1280 4783 1407 4826 non
1468 4764 1689 4828 deesse
1743 4764 1841 4828 illi
1901 4765 2212 4830 nebuloni
2257 4767 2544 4830 fautores
2587 4788 2665 4830 ex

722 4848 952 4915 ordine
997 4846 1351 4923 doctorum,
1397 4860 1459 4912 ot
1504 4872 1727 4914 eorum
1773 4852 1879 4933 qui
1919 4874 2045 4915 non
2093 4851 2301 4915 solum
2350 4851 2672 4917 dederunt

721 5024 845 5033 ——-—
876 5022 1017 5029 -ωι-
1036 5023 1103 5029 -—--
1118 5024 1127 5029 -

720 5136 894 5192 1821.
921 5138 979 5196 1)
1019 5137 1243 5193 Misiese
1277 5138 1492 5192 videtur
1512 5139 1866 5210 Buzzinqerus
1898 5143 2046 5196 illico
2068 5142 2292 5195 Curiam
2327 5141 2405 5194 ad
2440 5145 2667 5197 anticum

723 5206 808 5261 10.
864 5206 1173 5260 Fabricium
1228 5208 1555 5275 ministrum,
1618 5208 2057 5264 Berkhemensem
2112 5211 2309 5265 Almia
2318 5229 2392 5277 m,
2438 5214 2671 5280 proprio

719 5290 844 5330 nom
852 5274 1447 5409 incnScsspnicgliicmm.

2794 631 3030 676 nomen
3076 610 3450 694 evangelio,
3513 608 3626 675 sed
3685 611 3798 694 qni
3859 609 4088 675 volunt
4130 610 4463 677 columnae
4504 613 4695 681 videri.

2795 698 3063 779 Loquor
3107 716 3273 779 quae
3318 697 3479 773 soie,
3540 717 3671 760 non
3733 695 4044 779 suspicor.
4135 695 4378 761 Audivi
4422 698 4496 763 ab
4535 700 4700 781 ipsis·

2794 792 2961 861 met,
3021 803 3152 847 non
3198 781 3278 846 ab
3333 780 3508 857 aliis,
3567 803 3808 864 nuper,
3869 803 4000 846 non
4053 782 4188 846 iam
4250 781 4380 847 diu.
4463 786 4550 849 At
4588 807 4700 852 non

2794 867 2974 933 lubet
3016 869 3328 934 scribere:
3376 886 3596 931 coram
3641 867 3882 932 audies.
3931 904 4700 918 ———————

2798 1079 2872 1086 —
2922 1078 3004 1088 —
3048 1040 3202 1105 Mea
3245 1039 3443 1103 Italia
3485 1037 3798 1122 trepidat,
3844 1040 3959 1104 ubi
4003 1059 4137 1103 non
4181 1050 4280 1105 est
4324 1041 4528 1105 timor.
4609 1040 4704 1109 Sic

2792 1149 2897 1192 res
2963 1140 3081 1191 est.
3191 1124 3266 1192 Si
3337 1145 3635 1190 cerneres
3698 1125 4110 1190 timiditatem
4190 1125 4332 1190 eius
4409 1127 4476 1190 in
4537 1148 4704 1193 causa

2792 1212 3136 1297 evangelii,
3184 1232 3377 1293 quam
3425 1232 3493 1274 sc
3539 1211 3835 1287 retrahit,
3880 1231 4077 1294 quam
4114 1210 4497 1289 dissimulat,
4537 1233 4706 1296 quam

2791 1308 2982 1383 rogat
3025 1298 3301 1373 exsules,
3351 1317 3434 1361 ne
3480 1296 3560 1360 ad
3607 1317 3753 1361 eam
3797 1298 4116 1375 scribant,
4163 1297 4412 1362 diceres
4453 1296 4706 1382 quotidie

2792 1393 3055 1449 centum
3101 1383 3412 1447 comburi.
3503 1383 3593 1447 Et
3637 1404 3765 1447 non
3813 1392 3914 1447 est
3956 1382 4075 1461 ita,
4123 1404 4336 1466 neque
4381 1404 4547 1449 unus
4585 1384 4707 1467 qui·

2792 1470 2971 1545 dem,
3031 1470 3290 1534 tametsi
3348 1469 3514 1533 levis
3575 1469 3889 1550 quaedam
3946 1469 4360 1552 persequutio
4404 1473 4612 1552 paucis
4649 1472 4710 1534 in

2791 1556 2949 1621 locis
2989 1556 3214 1620 oborta
3268 1555 3368 1619 sit.
3462 1554 3779 1620 Diabolus
3833 1554 4134 1619 immittit
4189 1576 4480 1637 pavores.
4567 1554 4707 1619 Dia·

2789 1642 2976 1707 bolus
3042 1641 3316 1706 suscitat
3379 1641 3684 1705 haereses
3749 1656 3813 1705 et
3871 1639 4219 1719 ServetOS,
4287 1643 4710 1724 permittitque

2791 1728 2952 1793 haec
3024 1727 3198 1791 mala
3257 1727 3439 1791 Deus
3499 1736 3765 1809 propter
3822 1734 4112 1793 nostram
4169 1726 4708 1810 ingratitudinem,

2790 1835 2921 1896 qua
2965 1835 3091 1877 non
3140 1812 3494 1878 honorifice
3540 1825 3604 1876 et
3641 1821 3865 1877 sancto
3901 1812 4174 1878 colimus
4209 1813 4418 1879 lucem
4456 1832 4712 1895 evange·

2788 1899 2859 1963 lii
2904 1898 3176 1964 Domini
3222 1900 3429 1962 nostri
3476 1898 3628 1962 Iesu
3671 1898 3954 1975 Christi,
4011 1896 4124 1962 sed
4171 1898 4516 1964 abutimur.
4599 1899 4713 1962 Pa·

2787 1994 2888 2049 ter
2933 1985 3228 2051 coelestis
3276 1985 3660 2049 misereatur
3703 1984 3912 2049 nostri
3958 1990 4225 2067 propter
4268 1984 4497 2050 filium.
4580 1982 4710 2049 Sal-

2740 2076 2746 2085 '
2789 2092 2944 2136 vere
2987 2070 3177 2135 iubeo
3224 2082 3368 2136 tuos
3423 2080 3819 2153 symmystas
3876 2080 3942 2135 et
3985 2091 4276 2153 generos.
4369 2069 4569 2136 Orate
4610 2089 4712 2152 pro

2789 2178 2912 2222 me.
2997 2155 3236 2223 Curiae
3282 2162 3338 2220 8.
3389 2155 3690 2221 Octobris
3743 2161 3922 2219 1553.

4182 2292 4561 2378 VergeriuS.

3577 2591 3764 2600 -.-..-.,.-
3783 2590 3982 2596 ——...-—..--

3659 2874 3848 2943 1822.

3001 3031 3366 3097 sERvaT
3411 3029 3538 3096 Au
3585 3015 3889 3095 SENA'P
3931 3028 4058 3095 DE
4105 3017 4517 3100 GENEVE.

2958 3202 3254 3269 Nouvezze
3305 3206 3543 3283 requae
3582 3224 3754 3283 pour
3810 3204 4149 3270 dcmander
4186 3206 4424 3286 justice
4481 3211 4536 3271 et
4571 3224 4722 3289 pour

2783 3308 2848 3352 sc
2881 3289 3180 3388 plaindre
3224 3289 3298 3354 de
3344 3289 3659 3355 l‘lzorriblc
3700 3291 3821 3354 etat
3864 3290 4028 3357 dans
4071 3290 4267 3373 lequel
4311 3312 4394 3357 on
4439 3293 4496 3357 le
4543 3292 4720 3357 laissa

2784 3394 3052 3456 croupzr.

2784 3545 2948 3615 (Opp.
2986 3545 3127 3599 VIII.
3165 3564 3215 3615 p.
3252 3545 3371 3600 806.
3411 3577 3472 3585 -
3512 3546 3594 3600 10.
3632 3548 3879 3602 Octobre.
3919 3578 3985 3587 —
4022 3549 4081 3603 Il
4108 3568 4146 3619 y
4179 3565 4216 3602 α
4249 3549 4376 3604 bien
4411 3555 4567 3620 troys
4600 3563 4720 3602 sem·

3571 3620 3773 3671 moines
3807 3619 3935 3684 etc.)

3567 3932 3579 3936 -
3589 3930 3974 3938 —fflss—

3661 4198 3848 4269 1823.

2776 4351 2967 4418 DER
3003 4353 3260 4419 RA'PH
3285 4352 3478 4419 VON
3515 4353 3819 4419 BASEL
3848 4356 3974 4421 AN
4009 4358 4198 4423 DEN
4224 4356 4420 4424 VON
4454 4354 4723 4424 GENF.

2949 4542 3506 4627 Beqleitschreiben
3546 4564 3692 4607 zum
3731 4545 4071 4628 folgenden.

2779 4733 2945 4802 (Opp.
2996 4731 3146 4786 VIII.
3197 4749 3248 4801 p.
3295 4730 3411 4786 820.
3456 4760 3513 4770 -
3552 4730 3634 4784 12.
3672 4734 3920 4788 October.
3962 4764 4026 4774 —-
4073 4722 4229 4790 &wer
4278 4737 4575 4793 schribmn
4621 4731 4728 4786 vad

3538 4802 3801 4870 boyer-erm
3836 4807 3966 4867 etc.)
