4900 6167
720 454 844 517 411

725 662 887 708 num
945 657 1107 704 usus
1163 636 1416 702 tructus
1481 653 1555 699 ac
1599 629 1988 716 procuratio.
2079 626 2469 693 Educantur
2509 623 2669 690 libe·

724 726 969 793 raliter.
1058 721 1211 787 Non
1253 720 1414 786 alios
1448 718 1704 785 ’habent
1746 714 2022 781 famulos
2066 721 2180 778 aut
2207 711 2669 789 moderatores,

772 832 923 878 uam
984 807 1220 894 quibus
1281 827 1321 871 a
1378 806 1528 872 vivo
1588 809 1774 886 patre
1817 799 2415 867 committebantur.
2508 796 2668 862 Phi·

724 833 775 964 li
823 917 906 980 po
957 894 1226 978 (rimato,
1273 892 1415 957 viro
1459 888 1662 955 nobili
1709 903 1776 954 et
1819 888 2048 972 probo,
2097 882 2670 970 gubernandorum

802 1002 1020 1059 orum,
1081 979 1246 1044 mihi
1305 975 1813 1044 erudiendorum
1857 972 2212 1056 pristinum
2256 975 2484 1035 manet
2526 968 2670 1033 offi-

727 1070 927 1137 cium.
1014 1064 1151 1133 Sed
1203 1064 1327 1130 hoc
1366 1070 1435 1129 te
1480 1063 1700 1128 forsan
1744 1058 2008 1125 habebit
2050 1056 2221 1123 male
2265 1055 2434 1140 quod
2478 1055 2550 1119 in
2593 1053 2671 1118 il·

725 1156 859 1222 lius
903 1151 1170 1219 aedibus
1212 1151 1376 1228 sint,
1421 1149 1529 1232 qui
1574 1148 1694 1213 tibi
1737 1167 1854 1227 per
1896 1144 2170 1209 aliorum
2216 1161 2551 1207 sermones
2593 1138 2674 1203 de

728 1240 1045 1326 religione
1102 1243 1444 1320 suspectus
1488 1235 1606 1314 sit,
1670 1230 2069 1297 marchionis
2126 1227 2563 1294 Vintoniensis.
2591 1224 2673 1307 ¹⁰)

727 1330 827 1393 At
881 1346 1001 1410 ego
1060 1324 1230 1389 hanc
1285 1342 1553 1406 possum
1618 1316 2091 1384 dubitationem
2145 1315 2451 1379 eximere.
2551 1312 2676 1375 Est

729 1413 791 1479 is
836 1412 939 1476 vir
981 1411 1267 1493 optimus
1312 1415 1378 1472 et
1412 1406 1772 1490 religiosus,
1818 1410 2135 1487 quantum
2170 1400 2391 1464 video:
2437 1395 2594 1481 quid
2638 1417 2675 1461 a

729 1498 923 1566 nobis
980 1495 1304 1579 discrepet
1363 1513 1496 1558 non
1550 1490 1756 1556 video,
1862 1488 2087 1569 Quare
2158 1484 2420 1550 etiamsi
2479 1481 2675 1562 aliud,

733 1582 908 1667 quod
951 1602 1084 1646 non
1127 1578 1352 1658 credo,
1415 1578 1684 1653 sentiat,
1730 1584 1953 1640 tamen
1997 1572 2148 1656 quia
2209 1592 2326 1636 nos
2370 1590 2507 1634 non
2551 1567 2678 1633 alio

732 1668 956 1747 trahit,
1002 1664 1118 1733 sed
1162 1687 1277 1732 suo
1318 1665 1516 1729 etiam
1557 1660 1858 1745 exemplo
1894 1659 1976 1725 ad
2011 1667 2256 1724 rectam
2293 1656 2679 1740 religionem

732 1755 962 1840 praeit,
1007 1751 1170 1817 nihil
1207 1761 1307 1817 est
1348 1749 1650 1833 periculi:
1698 1747 1904 1812 multo
1961 1753 2182 1810 autem
2226 1743 2465 1820 minus,
2510 1739 2679 1823 quod

734 1849 805 1907 et
845 1838 1210 1923 praeseptis
1254 1835 1576 1902 obfirmati
1621 1842 1687 1900 et
1730 1843 1956 1899 nostra
1999 1831 2114 1914 qui
2156 1828 2287 1894 illis
2331 1827 2680 1893 adhaeres-

734 1929 943 1993 cimus
983 1923 1355 2008 praesentia
1396 1921 1778 1988 communiti
1801 1925 1955 1983 sunt
1977 1916 2289 1981 adversus
2312 1914 2683 1998 papismum

734 2010 957 2079 animi.
1046 2009 1262 2076 Mater
1305 2008 1518 2073 adhuc
1562 2006 1703 2091 agit
1757 2007 1827 2070 in
1871 2022 2162 2078 carcere,
2190 2005 2273 2076 ¹¹)
2335 2020 2531 2083 quam
2579 2017 2682 2061 ar-

731 2119 879 2165 cem
921 2094 1414 2163 Londinensem
1458 2112 1783 2159 vocamus.
1856 2089 2002 2154 Illic
2038 2087 2189 2170 quia
2233 2087 2427 2152 anxie
2472 2091 2681 2150 custo·

735 2183 930 2262 ditur,
1000 2180 1152 2265 quid
1214 2193 1395 2265 agat,
1442 2201 1568 2263 quo
1611 2178 1846 2243 merito
1871 2213 1878 2218 -
1903 2174 2064 2240 haec
2108 2173 2426 2256 patiatur,
2474 2170 2684 2235 nesci-

733 2292 899 2336 mus,
991 2267 1350 2351 Speramus
1386 2272 1610 2330 tamen
1654 2262 1838 2328 brevi
1875 2260 2221 2325 liberatum
2267 2260 2370 2335 iri,
2416 2256 2567 2339 quia
2613 2256 2684 2319 in

734 2376 1083 2432 carcerem,
1129 2374 1261 2418 non
1307 2350 1478 2434 quod
1522 2348 1695 2415 male
1738 2349 1985 2426 fecerit,
2030 2344 2145 2410 sed
2181 2366 2264 2410 ne
2307 2342 2480 2409 male
2522 2343 2688 2406 face-

735 2450 870 2520 ret,
952 2441 1314 2506 coniectam
1383 2435 1681 2501 nonnulli
1754 2434 2182 2517 suspicantur.
2288 2428 2440 2511 Quo
2506 2437 2686 2492 metu

782 2548 939 2592 uum
999 2526 1363 2589 immunem
1403 2520 1902 2605 ‘rempublicam
1955 2521 2092 2583 fore
2162 2516 2480 2593 sentient,
2554 2534 2687 2579 non

735 2549 964 2677 dubito
1007 2612 1361 2675 restituent
1404 2608 1557 2673 suis.

910 2698 1037 2762 His
1084 2704 1234 2761 tuae
1279 2692 1773 2777 interrogationi
1832 2690 2239 2755 satisfactum
2282 2697 2460 2771 pute.
2550 2686 2689 2751 Ita-

740 2803 867 2866 que
922 2783 1048 2848 hoc
1106 2790 1368 2846 tantum
1430 2802 1469 2845 a
1514 2787 1577 2844 te
1621 2779 1677 2844 si
1736 2779 2094 2861 impetrare
2137 2783 2214 2839 ut
2269 2796 2373 2840 me
2414 2773 2690 2854 rescrip-

737 2870 920 2935 tione
989 2868 1183 2948 beare
1242 2867 1438 2945 velis,
1509 2864 1826 2930 molestus
1885 2882 2028 2928 esse
2085 2861 2395 2926 desinam.
2499 2857 2691 2926 Vale.

738 2955 1032 3022 Londini
1077 2953 1303 3019 Idibus
1347 2952 1697 3019 Novembr.

1836 3088 1964 3153 'rui
2007 3085 2523 3153 studiosissimus

1831 3174 2121 3239 Thomas
2163 3171 2227 3236 N
2229 3177 2521 3235 ortonus.

1505 3467 1915 3480 —————-—

1624 3684 1816 3756 1674.

1188 3838 1664 3910 OALVINUS
1710 3838 2245 3907 BLAURERO.

926 4013 1162 4095 Ubique
1205 4017 1522 4078 terrarum
1565 4011 1776 4078 tristia
1818 4017 1874 4077 et
1914 4011 2202 4092 infausta
2243 4010 2472 4077 omnia.
2562 4008 2691 4074 No-

741 4100 1083 4167 viodunum
1135 4097 1414 4163 irwendio
1456 4097 1735 4164 deletum.
1816 4098 2201 4163 Germaniae
2240 4096 2507 4162 conditio
2539 4095 2691 4161 talis

740 4192 813 4252 ut
852 4186 948 4251 vel
989 4185 1212 4250 audire
1253 4183 1399 4249 inde
1436 4185 1586 4249 novi
1628 4184 1881 4266 aliquid
1920 4188 2180 4248 metuas.
2268 4181 2467 4246 Domi
2508 4182 2689 4247 nebu-

741 4272 912 4338 lones
945 4270 1163 4337 turbas
1204 4268 1520 4335 suscitant.
1617 4269 1899 4336 Satanae
1943 4269 2114 4335 orbis
2142 4268 2519 4351 permissae.
2587 4266 2690 4333 De

740 4356 844 4422 hie
885 4363 941 4422 et
983 4357 1138 4422 aliis
1180 4352 1362 4419 Bm
1418 4375 1560 4419 mox
1609 4355 1828 4439 plura.
1925 4353 2423 4423 commentarius
2464 4354 2537 4418 in
2580 4352 2688 4418 10-

739 4462 968 4509 annem
1010 4443 1126 4507 sub
1159 4440 1340 4522 prelo
1381 4446 1486 4506 est.

892 4616 1120 4734 aussgra
1158 4612 1229 4666 bo
1267 4613 1405 4667 Bibl.
1442 4612 1646 4665 civicae
1682 4611 2050 4696 Sangallensis
2088 4611 2201 4666 MS.
2237 4612 2394 4666 Tem.
2432 4609 2580 4665 v111.
2617 4611 2685 4662 al.

741 4681 962 4835 96031'30
996 4720 1056 4803 ῑέι
1073 4680 2305 4833 rgodsegfflpffioeafflffissiseffimmvnha3
2337 4678 2448 4802 {3⁷
2463 4787 2476 4814 ‚
2491 4680 2690 4800 lifftdaei

741 4827 878 4875 item
911 4838 970 4874 in
1005 4818 1134 4873 eod.
1169 4819 1303 4873 b1bl.
1350 4835 1553 4873 cmcae
1588 4819 1899 4872 Turncensus
1933 4818 2088 4873 MSS.
2126 4819 2188 4871 F.
2226 4816 2297 4871 43
2330 4817 2463 4871 olim
2497 4814 2560 4878 8,
2596 4816 2688 4869 fel.

743 4889 852 4944 464
883 4898 940 4944 et
972 4891 1029 4942 in
1048 4887 1178 4968 Ood.
1216 4887 1416 4941 Genev.
1453 4885 1570 4952 108,
1608 4887 1701 4943 fol.
1745 4885 1843 4940 167
1879 4888 1936 4941 in
1973 4887 2222 4942 Archivis
2248 4887 2511 4942 Bernens.
2547 4885 2689 4955 Epp-

742 4957 861 5013 VII.
896 4975 950 5039 p.
987 4955 1053 5039 37
1089 4957 1178 5010 die
1213 4963 1271 5010 et
1304 4957 1523 5038 consule
1558 4974 1664 5010 non
1704 4956 1996 5024 adscripto,
2032 4956 2175 5010 unde
2194 4954 2457 5037 simlerus
2492 4955 2690 5008 iterum

743 5028 1034 5097 descripsit
1066 5031 1125 5080 et
1159 5041 1226 5079 ex
1261 5029 1571 5079 coniectura
1617 5024 1686 5079 ad
1725 5024 1806 5080 15.
1843 5025 2005 5079 Febr.
2044 5023 2180 5079 1558
2213 5025 2406 5078 retulit
2441 5022 2568 5077 Vol.
2605 5021 2688 5075 79.

918 5297 1010 5360 10)
1060 5297 1410 5354 Winelneeeer.
1483 5295 1565 5362 Of.
1607 5294 1822 5366 Strype,
1860 5311 2012 5355 m.
2045 5297 2173 5352 111.
2213 5297 2279 5354 P.
2315 5297 2368 5351 1.
2398 5296 2618 5367 1⁰·.14¹·

919 5366 1010 5432 11)
1048 5373 1099 5423 et
1129 5368 1336 5423 manea
1367 5365 1550 5437 quoad
1581 5367 1829 5436 remoavit
1864 5365 2175 5423 Edusae-due
2206 5381 2323 5424 rex.

2215 433 2742 503 EPISTOLAE
2791 434 3213 499 1673-1676

4561 435 4664 498 412

2772 621 2961 675 Habet
3006 625 3063 674 et
3108 620 3325 676 Pressa!
3372 619 3428 673 in
3465 618 3594 673 Vita
3626 619 3878 673 Blaureri

4034 657 4046 669 .
4095 617 4212 673 578.
4281 577 4494 690 Angues
4535 637 4670 676 vem

3337 695 3422 742 est
3455 706 3542 758 ap.
3579 688 3872 742 Oonstable
4017 695 4029 707 ·

3966 729 3977 740 .
4015 686 4164 750 358.)

2777 843 3198 909 Fidelissimo
3255 841 3526 908 Domini
3594 843 3804 908 nostri
3859 842 4012 907 Iesu
4067 841 4311 909 Christi
4378 864 4553 908 servo
4600 846 4669 910 D.

2778 930 3123 995 Ambrosio
3166 929 3487 994 Blaurero
3527 929 3835 995 ecclesiae
3870 927 4219 994 Biellensis
4256 931 4486 1011 pastori
4517 931 4673 994 fratri

3032 1027 3098 1080 et
3140 1027 3542 1099 symmystae
3585 1015 3747 1079 mihi
3794 1014 3985 1081 valde
4028 1013 4444 1079 observande.

2949 1148 3018 1216 S.
3088 1149 3264 1230 Quia
3306 1148 3533 1215 eodem
3574 1152 3712 1215 fere
3756 1161 4046 1233 tempore
4090 1170 4220 1233 quo
4264 1148 4376 1215 tibi
4411 1151 4523 1216 hae
4554 1150 4677 1215 lite·

2784 1258 2896 1303 rae
2934 1235 3288 1301 reddentur
3323 1236 3407 1300 D.
3451 1235 3867 1301 Theodorum
3892 1243 3936 1316 ¹)
3980 1235 4224 1302 Bezam
4258 1237 4512 1301 fratrem
4543 1237 4678 1301 mihi

2776 1323 2969 1389 unice
3011 1320 3318 1388 dilectum
3364 1320 3447 1385 ad
3489 1330 3556 1386 te
3599 1329 3952 1387 venturum
3995 1343 4203 1405 spero,
4249 1323 4354 1405 qui
4392 1343 4590 1387 meum
4627 1335 4680 1387 et

2779 1409 2977 1474 huius
3032 1407 3338 1475 ecclesiae
3399 1414 3642 1473 statum
3702 1407 3959 1490 plenius
4017 1409 4137 1473 tibi
4192 1420 4465 1492 exponet
4515 1429 4681 1491 quam

2781 1493 3163 1577 longissima
3220 1493 3492 1576 epistola
3548 1494 3889 1576 complecti
3942 1513 4205 1576 queam,
4263 1514 4372 1559 ero
4414 1515 4573 1560 nunc
4624 1496 4681 1557 in

2783 1579 3125 1645 scribendo
3169 1579 3437 1662 parcior.
3508 1579 3815 1644 Narrabit
3857 1578 3966 1644 ille
4002 1592 4319 1662 quantum
4361 1578 4535 1644 nobis
4568 1599 4680 1643 mo·

2784 1666 3012 1730 lestiae
3058 1674 3126 1729 et
3170 1665 3512 1731 turbarum
3558 1666 3842 1730 afferant
3897 1665 4176 1748 improbi
4222 1664 4559 1731 nebulones
4595 1664 4681 1746 qui

2785 1751 2972 1816 nulla
3026 1751 3156 1815 alia
3212 1773 3283 1816 re
3325 1751 3407 1815 ad
3450 1750 3816 1816 nocendum
3877 1750 4101 1816 valent
4157 1751 4284 1815 nisi
4342 1751 4684 1833 impunitate

2788 1846 2854 1902 et
2908 1838 3169 1901 licentia
3224 1858 3389 1920 quae
3446 1835 3581 1901 illis
3639 1837 4058 1919 permittitur.
4080 1838 4137 1914 ²)
4226 1836 4358 1902 Sed
4401 1836 4684 1902 Dominus

2792 1922 3043 1989 scilicet
3083 1923 3423 1988 hominum
3456 1944 3576 2005 ope
3612 1943 3730 1987 nos
3769 1921 3907 1988 vult
3945 1921 4228 2000 destitui,
4276 1931 4347 1986 ut
4383 1943 4494 1987 suo
4526 1921 4685 1985 unius

2786 2007 3112 2091 praesidio
3156 2029 3274 2073 nos
3320 2017 3600 2072 tueatur.
3672 2008 3957 2084 Interea,
4004 2006 4177 2090 quod
4219 2029 4539 2089 nunquam
4577 2007 4687 2069 fore

2788 2102 3146 2177 putassem,
3192 2094 3349 2157 vivo
3394 2094 3644 2176 patriae
3687 2115 3870 2161 meae
3916 2102 4267 2178 superstes.
4336 2092 4502 2159 Urbs
4542 2092 4689 2156 enim

2790 2201 2827 2245 e
2870 2200 3001 2262 qua
3020 2183 3076 2260 8)
3122 2189 3319 2244 natus
3376 2201 3523 2244 sum
3566 2189 3701 2244 tota
3754 2200 3964 2263 nuper
4008 2179 4307 2245 incendio
4350 2187 4689 2258 consumpta

2790 2265 2935 2331 fuit.
3025 2265 3274 2330 Audire
3319 2267 3516 2330 etiam
3561 2264 3848 2349 quotidie
3893 2264 4254 2331 horrendas
4290 2266 4481 2330 totius
4503 2264 4690 2328 Picar-

2791 2351 2937 2416 diae
2996 2350 3211 2416 clades
3270 2353 3586 2436 cogimur.
3609 2354 3669 2435 ⁴)
3771 2350 4030 2432 Quibus
4095 2364 4313 2416 tamen
4384 2350 4534 2415 adeo
4583 2368 4691 2411 non

2792 2436 3123 2587 ᾶοωῗιιιιτό
3153 2438 3328 2521 regis
3387 2436 3633 2503 ferocia
3685 2448 3758 2502 ut
3811 2459 4147 2519 nunquam
4205 2437 4536 2520 superbius
4576 2434 4691 2498 Deo

2792 2524 2940 2588 insu
2970 2530 3084 2588 tav
3126 2524 3227 2586 rit.

2795 2692 2931 2760 Sed
2969 2694 3124 2776 quia
3156 2692 3323 2759 nihil
3360 2693 3552 2759 hodie
3588 2695 3714 2760 nisi
3753 2696 3942 2760 triste
3983 2695 4089 2761 vel
4124 2696 4358 2760 saltem
4393 2692 4696 2761 confusum

2794 2791 3099 2862 apparet,
3162 2779 3276 2846 vix
3317 2800 3552 2863 rogare
3596 2780 3807 2846 audeo
3847 2780 4003 2864 quid
4044 2780 4181 2846 illic
4228 2792 4505 2865 geratur.
4585 2776 4696 2840 Nec

2796 2865 3021 2930 dubito
3066 2866 3226 2948 quin
3286 2875 3358 2928 tu
3418 2886 3703 2947 quoque,
3760 2869 4009 2949 quoties
4069 2866 4316 2950 aliquid
4372 2864 4694 2936 nunciatur,

2796 2951 2991 3016 anxie
3048 2950 3369 3033 trepides,
3431 2958 3729 3017 metuens
3780 2953 4024 3019 scilicet
4065 2973 4151 3017 ne
4197 2953 4343 3036 quis
4398 2950 4476 3016 ad
4516 2949 4697 3032 priora

2798 3036 2971 3102 mala
3032 3035 3335 3101 cumulus
3407 3034 3684 3102 accedat.
3788 3037 3930 3103 Nisi
4001 3038 4180 3103 enim
4206 3043 4257 3120 ⁵)
4317 3037 4617 3103 Dominus
4669 3051 4696 3094 e

2799 3122 2978 3187 coelo
3022 3142 3291 3187 manum
3334 3122 3659 3207 porrigat,
3706 3144 3870 3205 quae
3913 3145 4030 3207 per
4073 3146 4144 3189 se
4206 3124 4433 3210 gravia
4473 3133 4614 3187 sunt
4648 3125 4699 3182 et

2797 3207 3033 3273 acerba
3075 3215 3334 3272 tantum
3377 3207 3551 3273 levia
3606 3208 3927 3292 quaedam
3980 3210 4356 3294 ingentium
4407 3206 4697 3276 calamita-

2798 3303 2946 3358 tum
2988 3291 3329 3376 praeludia
3370 3314 3512 3359 esse
3555 3294 3910 3376 prudentes
3962 3305 4030 3360 et
4072 3297 4315 3362 oculati
4359 3297 4697 3380 agnoscunt.

2799 3379 3054 3461 Nempe
3097 3380 3398 3462 quamvis
3456 3379 3753 3446 horribili
3793 3381 4029 3464 ubique
4085 3381 4351 3448 licentia
4408 3389 4700 3465 grassetur

2800 3465 3042 3544 Satan,
3101 3467 3159 3531 si
3198 3474 3421 3530 tamen
3470 3464 3811 3549 desperata
3853 3467 4079 3533 mundi
4124 3468 4502 3552 improbitas
4542 3483 4699 3545 repu-

2800 3561 2996 3629 tatur,
3042 3551 3282 3616 mirum
3320 3561 3423 3618 est
3455 3572 3591 3616 non
3625 3552 3818 3638 longe
3861 3554 4008 3635 plus
4051 3553 4149 3618 illi
4195 3577 4237 3620 a
4257 3555 4533 3620 Domino
4575 3567 4699 3613 con·

2798 3634 2958 3703 cedi.
3060 3636 3263 3703 Nobis
3316 3646 3570 3715 tamen,
3644 3640 3754 3721 qui
3809 3640 4009 3703 fixam
4066 3639 4385 3706 habemus
4434 3640 4501 3703 in
4551 3630 4700 3703 coelo

2799 3722 3183 3798 anchoram,
3238 3743 3369 3787 non
3428 3745 3616 3789 secus
3659 3725 3831 3789 inter
3889 3727 4042 3790 istas
4089 3727 4495 3791 turbulentas
4534 3721 4700 3787 iacta-

2794 3808 3008 3874 tiones
3047 3809 3497 3892 navigandum
3542 3817 3642 3874 est
3677 3831 3751 3875 ac
3787 3811 3857 3873 in
3893 3811 4245 3893 tranquillo
4280 3819 4488 3895 portu,
4530 3807 4700 3873 donec

2794 3893 2866 3958 in
2910 3894 3168 4020 ὴξαιαη]
3227 3895 3417 3979 regni
3472 3896 3575 3964 sui
3648 3896 3934 3979 quietem
3991 3918 4111 3963 nos
4171 3898 4496 3964 Dominus
4551 3889 4699 3961 colli·

2792 3988 2926 4064 gat.
2982 3988 3009 4055 )

2792 4132 3056 4200 1674.1)
3102 4133 3218 4187 Hoc
3263 4149 3456 4188 nomen
3511 4152 3613 4188 om.
3662 4135 3724 4187 P.
3787 4163 3849 4174 -
3897 4134 4049 4189 Besa
4095 4152 4212 4190 cum
4276 4138 4452 4191 Vireto
4493 4132 4697 4187 Rerum

2791 4203 2933 4256 adut
2967 4208 3031 4256 ut
3064 4201 3132 4256 de
3164 4204 3715 4257 excommunicatione
3736 4210 3784 4258 et
3814 4205 4315 4272 praedestinatione
4331 4220 4449 4260 eam
4469 4197 4699 4257 minium

2789 4276 3285 4394 amuntayeret
3311 4272 3529 4348 (Bauno-
3556 4272 3598 4325 Ι.
3626 4270 3724 4325 171
3746 4279 3847 4341 eq.)
3883 4279 3935 4328 et
3967 4275 4095 4328 inde
4126 4290 4227 4341 per
4264 4274 4453 4328 Bielas
4482 4274 4577 4326 iter
4602 4267 4697 4332 fae·

2994 4406 3050 4471 2)
3090 4406 3201 4461 Die
3237 4407 3319 4461 11.
3357 4407 3499 4462 Nov.
3547 4424 3583 4461 a
3629 4416 3821 4463 senatu
3862 4409 4184 4465 Balthasari
4234 4410 4361 4480 Sept
4410 4415 4459 4464 et
4494 4398 4704 4482 Gaspafi

2793 4475 2980 4557 Faore
3020 4491 3343 4557 permissum
3384 4477 3694 4532 nominibus
3739 4480 3857 4532 suis
3901 4479 3963 4546 (a
4013 4478 4244 4533 Calvino
4285 4475 4616 4548 proscriptis)
4656 4487 4701 4521 ”⁸

2791 4551 2930 4599 acm
2962 4545 3335 4600 ecclestaetn‘eis
3367 4547 3452 4600 aa·
3484 4545 3582 4612 (cf.
3625 4544 3709 4615 Op
3749 4587 3763 4602 .
3794 4546 3905 4601 Vol.
3947 4546 4016 4600 X.
4038 4564 4127 4616 pq.
4163 4547 4294 4613 49),·
4326 4546 4516 4616 paucis
4546 4541 4701 4597 diebus

2789 4620 2914 4683 post
2958 4613 3211 4669 Τνο11ιεω
3257 4614 3580 4669 reclamanti
3611 4615 3707 4671 dec
3765 4622 3945 4670 ratum
3991 4623 4069 4671 est
4101 4633 4223 4671 eunt
4254 4632 4360 4686 pro
4393 4617 4601 4694 bonooet
4628 4610 4698 4661 ho-

2791 4687 2944 4737 nesto
2990 4699 3104 4738 euve
3148 4682 3451 4739 habendum
3497 4685 3945 4753 quemadmodum
3990 4685 4052 4740 id
4097 4685 4215 4740 eius
4261 4686 4571 4742 adversam
4600 4695 4699 4734 con-

2790 4766 3056 4882 oesmmii)
3094 4820 3244 4875 Urbs
3279 4838 3313 4873 a
3348 4838 3455 4891 qua
3496 4822 3555 4875 Ρ.

2895 4958 2905 4969 ·
2997 4891 3063 4954 4)
3096 4889 3228 4943 Duo
3265 4889 3623 4971 Imperatoris
3663 4891 3931 4945 wercum
3975 4906 4037 4944 eo
4084 4898 4316 4972 tempore
4353 4891 4577 4945 Galliam
4621 4881 4698 4932 ad·

2792 4963 3084 5109 amm.
3121 4949 4703 5108 &iffi-”meffqffmffifflssfflass

2792 5110 3124 5220 wat.
3146 5095 3562 5231 {mm
3599 5095 3949 5232 saw
3982 5086 4700 5235 msam&

2790 5180 3112 5356 zuerres5de
3144 5235 3374 5357 rgltpton‘
3293 5235 3344 5356 ‘P
3376 5272 3390 5285 .
3426 5234 3467 5287 1.
3506 5231 3646 5299 146.)
3923 5206 3938 5233 ’
4094 5206 4108 5220 ’
4334 5206 4347 5220 ’

2999 5304 3060 5439 63
3096 5319 3542 5428 &tensum
3382 5370 3395 5382 ⁶
3574 5369 3839 5425 nonnulla
3873 5372 4220 5442 exemplaria.

3331 2524 3437 2588 De
3495 2530 3718 2589 vestra
3775 2523 4135 2590 Germania
4191 2526 4439 2588 utinam
4490 2514 4697 2601 aliquid
4804 2549 4805 2562 κ

2794 2607 3067 2673 tandem
3140 2607 3364 2673 audire
3430 2608 3624 2675 liceat
3685 2609 3860 2692 quod
3938 2631 4058 2675 nos
4122 2610 4331 2693 magis
4395 2606 4695 2673 exhilaret.
4804 2673 4805 2682 ,
