4900 6167
651 475 772 539 567

649 681 824 728 nous
868 682 949 727 ne
994 659 1361 725 defaillions
1417 657 1631 743 point,
1697 663 1762 723 et
1815 677 1942 739 que
1997 676 2082 720 ne
2135 673 2373 738 soyons
2415 649 2604 735 point

654 754 1025 814 surmontez
1080 766 1202 831 par
1254 767 1329 812 ee
1386 742 1813 809 malheureux
1875 739 2081 807 Satan
2155 749 2221 804 et
2294 746 2441 836 tous
2498 756 2603 802 ses

655 842 992 918 supposts:
1040 853 1202 898 vous
1237 829 1575 914 supplians
1611 829 1792 894 aussi
1827 827 2043 893 saluer
2063 832 2214 890 tous
2247 840 2603 889 messleurs

653 939 774 984 vos
814 917 1041 997 freres,
1086 938 1255 983 nous
1292 912 1829 983 recommandant
1866 911 2317 978 humblement
2351 916 2393 973 a
2426 908 2605 973 leurs

655 1003 941 1071 sainctes
999 1003 1244 1086 priores
1303 1011 1371 1067 et
1428 999 1918 1086 generalement
1976 1006 2018 1063 a
2077 1003 2255 1063 toute
2311 993 2604 1078 l’Eglise.

655 1088 735 1156 Si
805 1111 967 1156 vous
1037 1089 1381 1154 rescriviez
1449 1095 1491 1152 a
1557 1086 1912 1152 Lausanne
1978 1103 2142 1148 nous
2209 1080 2605 1147 desirerions

655 1175 1090 1261 grandement
1146 1181 1318 1240 estre
1376 1170 1864 1238 recommandez
1925 1178 1967 1235 a
2020 1168 2360 1233 monsieur
2432 1164 2609 1231 Viret

658 1268 879 1327 vostre
922 1261 1052 1326 bon
1096 1260 1272 1325 frere'
1310 1265 1377 1324 et
1420 1259 1598 1325 aussi
1642 1265 1683 1323 a
1728 1266 1877 1321 tous
1920 1256 2015 1320 les
2049 1255 2256 1319 freres
2301 1252 2411 1336 qui
2456 1256 2608 1350 sont

658 1345 739 1411 de
780 1368 903 1431 par
946 1345 1121 1411 dela:
1180 1346 1243 1410 le
1287 1345 1682 1411 remerciant
1735 1340 2191 1407 humblement
2236 1338 2349 1404 des
2393 1355 2608 1403 sainc-

660 1446 762 1498 tes
807 1432 1240 1497 consolatione
1283 1430 1443 1513 qu’il
1487 1430 1581 1495 lui
1626 1450 1665 1494 a
1708 1429 1861 1512 pleu
1904 1447 2072 1492 nous
2117 1446 2283 1492 envo
2332 1445 2434 1502 er,
2481 1422 2607 1488 les-

661 1517 937 1602 quelles,
998 1538 1247 1582 comme
1301 1517 1397 1582 les
1440 1524 1723 1595 vestroe,
1780 1521 2049 1580 servent
2090 1447 2524 1596 grandbment
2567 1515 2610 1574 a

663 1610 882 1670 nostre
927 1603 1336 1669 fortification
1394 1609 1460 1667 et
1512 1623 1677 1667 nous
1735 1599 2023 1664 donnent
2065 1595 2273 1681 grand
2329 1614 2449 1660 cou
2573 1615 2609 1659 e

665 1697 706 1755 a
752 1708 1128 1772 perseverer
1170 1709 1336 1772 pour
1388 1686 1740 1753 maintenir
1796 1684 2128 1751 tousiours
2171 1683 2235 1748 la
2279 1682 2483 1766 gleire
2572 1699 2608 1744 e

659 1783 881 1841 nostre
926 1775 1054 1840 bon
1096 1775 1287 1839 Dieu.

1278 1910 1406 1975 Par
1467 1909 1564 1974 les
1630 1914 1882 1973 vostres
1947 1915 2084 1971 tres
2163 1905 2466 1970 humbles
2544 1911 2611 1969 et

1380 1995 1714 2060 obeissans
1770 1991 2074 2075 disciples
2119 1990 2199 2056 de
2244 1991 2503 2056 Marsae
2546 1999 2613 2054 et

1380 2080 1719 2232 {gqugilrsr
1740 2079 2140 2164 prisonniers
2161 2097 2326 2160 pour
2355 2077 2417 2141 le
2438 2075 2611 2142 Nom

1442 2459 1840 2467 Ἥ

1543 2676 1733 2746 1758.

1147 2813 1645 2882 FARELLUS
1692 2812 2124 2882 CALVINO.

834 2984 1113 3053 Consulit
1167 3008 1305 3053 eum
1359 2987 1435 3053 de
1475 3006 1629 3053 casu
1670 2986 1940 3069 quodam
1983 2990 2361 3053 controverso
2379 3035 2393 3062 ,
2454 3004 2605 3050 num

654 3071 881 3141 scilicet
927 3071 1070 3155 filia
1117 3077 1459 3155 parentum
1511 3071 1865 3153 infidelium
1917 3076 2171 3158 royante
2214 3072 2365 3137 avia
2406 3069 2604 3154 bapti·

655 3154 802 3258 nari
845 3157 1128 3310 debhgfftrd
1164 3156 1366 3225 Porro
1410 3159 1598 3223 etiam
1642 3158 1728 3223 ad
1770 3163 2074 3241 specto-mn
2112 3155 2365 3224 Bolseoi
2406 3157 2606 3223 denuo

659 3416 771 3477 (Ex
806 3414 1144 3484 autographo
1181 3414 1309 3469 Ood.
1345 3415 1568 3468 Vratisl.
1604 3414 1705 3468 111.
1743 3414 1804 3467 B.
1842 3414 1928 3467 sol.
1965 3411 2048 3467 38.
2120 3412 2310 3468 Edidit
2333 3412 2475 3466 Besa
2508 3411 2605 3466 sed

656 3490 963 3538 truncatam
1000 3483 1131 3537 Gen.
1169 3501 1221 3553 p.
1262 3480 1392 3545 128,
1428 3484 1588 3536 Laus.
1634 3500 1686 3552 p.
1725 3480 1854 3548 252,
1892 3482 2104 3535 Hanov.
2143 3498 2196 3551 p.
2232 3480 2360 3545 282,
2398 3480 2608 3535 Chouet

703 3571 755 3623 p.
800 3550 914 3619 173,
951 3553 1124 3606 Amst.
1164 3570 1217 3621 p.
1255 3550 1338 3605 79.
1412 3550 1582 3606 Uncis
1614 3551 1936 3605 includimus
1974 3565 2115 3620 quae
2152 3552 2296 3604 Beza
2330 3550 2561 3617 omisit)

830 3721 1078 3790 Christi
1126 3744 1314 3789 servo
1358 3743 1554 3806 quam
1598 3721 1975 3787 fidelissimo
2017 3724 2260 3807 pastori
2297 3722 2606 3789 ecclesiae

654 3810 1067 3877 Genevensis
1092 3810 1321 3874 Ioanni
1346 3807 1623 3876 Calvino
1649 3808 2006 3873 doctrinam
2031 3810 2297 3892 pietatis
2319 3830 2604 3893 evange·

652 3896 949 3979 liumque
988 3895 1348 3960 illustranti
1407 3904 1473 3959 et
1516 3916 1677 3977 pure
1721 3895 2039 3960 asserenti
2082 3895 2271 3963 fratri
2316 3901 2384 3960 et
2425 3916 2604 3979 sym-

654 3994 914 4066 mystae
958 4002 1155 4065 quam
1199 3981 1553 4048 carissime.

1966 4066 2293 4133 Genevae.

834 4203 908 4271 S.
952 4203 1083 4269 Fui
1105 4203 1387 4280 Bernae,
1432 4225 1559 4286 quo
1581 4225 1689 4269 me
1710 4205 1950 4271 fratres
1993 4204 2091 4268 ire
2118 4204 2456 4270 iusserunt
2497 4225 2602 4270 re-

651 4291 1035 4369 luctantem,
1084 4301 1154 4353 ut
1187 4289 1508 4373 aliquibus
1542 4290 1991 4375 flagitantibus
2016 4294 2069 4371 ¹)
2111 4298 2444 4373 pastorem
2489 4291 2600 4356 ob·

652 4378 1048 4442 tineremus:
1096 4396 1323 4441 omnes
1365 4374 1730 4457 probabant
1770 4375 1946 4460 quod
1988 4375 2305 4458 petebam.
2380 4375 2602 4454 [Unus

652 4472 913 4529 tautum
956 4460 1125 4526 dixit
1167 4482 1237 4526 se
1277 4481 1406 4527 non
1451 4482 1870 4528 assensurum
1915 4461 2089 4545 quod
2131 4462 2352 4528 nescio
2374 4467 2408 4502 ⁴¹
2453 4484 2601 4530 sus-

648 4549 979 4630 picaretur
1017 4547 1282 4613 subesse
1326 4567 1455 4612 non
1499 4546 1925 4630 probandum.
1993 4547 2103 4612 Ita
2132 4546 2396 4626 factum,
2442 4569 2600 4615 oon·

648 4635 796 4699 iicio
816 4684 833 4711 ,
894 4640 970 4698 ut
1011 4633 1429 4716 impetrarem
1489 4633 1732 4716 aliquid
1775 4633 1947 4717 quod
1984 4654 2117 4699 non
2151 4634 2378 4717 procul
2412 4654 2454 4700 a
2495 4636 2598 4699 ni—

648 4719 785 4785 hilo
843 4716 1078 4806 abest]
1166 4717 1241 4784 Si
1297 4718 1604 4785 Christus
1658 4719 1983 4802 propitius
2040 4718 2282 4785 faverit
2336 4720 2599 4787 miseris

648 4803 765 4870 fiet
806 4804 1082 4888 aliquid,
1138 4804 1383 4888 alioqui
1426 4806 1565 4889 spei
1609 4804 1779 4869 nihil
1836 4804 2125 4889 affulget.
2214 4804 2469 4870 Vereor
2512 4825 2599 4870 ne

646 4890 814 4956 mihi
867 4891 1206 4976 contingat
1275 4890 1445 4975 quod
1503 4891 1585 4955 iis
1640 4891 1751 4973 qui
1809 4910 1930 4956 sua
1989 4890 2280 4957 seniores
2336 4890 2595 4976 elargiti

649 4984 809 5042 sunt
865 4977 1225 5042 iunioribus
1243 5028 1258 5056 ,
1321 4978 1430 5061 qui
1489 4997 1606 5059 pro
1660 4977 1872 5060 gratia
1913 4996 2151 5059 graves
2195 4983 2350 5043 sunt
2393 4976 2598 5043 oculis

646 5082 877 5128 eorum
919 5062 1001 5128 de
1041 5063 1276 5147 quibus
1316 5064 1480 5129 bene
1537 5061 1757 5127 meriti
1801 5072 1973 5128 sunt.
2064 5061 2343 5141 [Omnes
2384 5084 2595 5148 paene

645 5169 752 5214 me
795 5148 1148 5215 admodum
1182 5148 1564 5214 humaniter
1597 5154 2015 5231 exceperunt.
2091 5148 2287 5215 Unus
2329 5156 2594 5215 tantum

642 5316 813 5374 1758.
844 5324 898 5388 l)
939 5321 1401 5377 Orissiaoemibas
1469 5333 1696 5389 quorum
1724 5315 2020 5400 populares
2053 5321 2300 5375 maxima
2333 5335 2400 5376 ex
2428 5325 2595 5389 parte

637 5391 920 5447 catholicis
953 5392 1132 5446 saeris
1165 5361 1549 5453 adhaereivant.
1620 5385 1764 5453 (Ku-
1871 5429 1882 5441 .
1915 5385 1982 5440 Π.
2017 5386 2167 5454 115.)

2166 458 2693 531 ΕΡΙΒΤΟῙιΑΕ
2744 461 3163 524 1757-1759

4517 464 4623 526 568

2705 648 2887 715 visus
2931 655 3034 714 est
3074 669 3310 730 parum
3357 667 3618 730 aequus.
3689 646 3986 713 Conveni
4007 642 4339 711 Hallerum
4380 653 4443 712 et
4461 647 4626 717 Mus-

2703 734 2930 800 oulum.
3019 733 3153 798 Hic
3210 730 3467 800 dicebat
3520 731 3763 800 multos
3819 732 3901 797 ad
3960 731 4285 797 diatriben
4339 732 4628 802 inclinare

2708 828 2775 885 et
2814 819 3119 902 vulpinas
3153 827 3373 903 partes
3420 818 3784 901 amplexari
3843 826 3909 882 et
3947 818 4028 883 ab
4072 817 4428 883 assertione
4474 822 4628 887 servi

2709 903 2964 972 arbitrii
2986 905 3281 972 deficere.
3349 904 3748 972 Franciscus
3773 903 4232 985 Sampauunus
4265 903 4561 989 collegam
4578 910 4628 989 ²)

2709 1011 2994 1074 suaeque
3053 991 3342 1057 haeresis
3397 990 3731 1056 hominem
3792 990 3900 1057 hic
3942 989 4174 1054 invisit
4215 1011 4438 1073 nuper.
4521 991 4631 1058 Mi-

2708 1077 2989 1157 rabilem,
3035 1084 3115 1142 ut
3154 1078 3212 1141 is
3249 1075 3433 1158 dixit,
3479 1075 3814 1142 convenit:
3861 1097 3967 1141 me
4003 1097 4211 1159 neque
4245 1074 4412 1141 vidit
4444 1098 4634 1161 neque

2712 1162 3085 1246 alloquutus
3142 1168 3259 1228 est.
3348 1162 3441 1227 Et
3496 1161 3688 1227 audio
3745 1161 3953 1228 Bielis
4009 1161 4241 1240 fuisse,
4303 1163 4511 1229 nescio
4557 1185 4633 1228 an

2712 1270 2909 1315 causa
2951 1248 3377 1331 protrahendi
3420 1246 3727 1313 Blamwi
3782 1248 3854 1313 in
3896 1247 4202 1313 haeresin
4247 1268 4438 1332 quam
4479 1270 4634 1314 mor-

2713 1334 2894 1400 dicus
2939 1342 3184 1400 tenent.
3261 1333 3368 1399 Ita
3411 1334 3566 1399 boni
3611 1334 3742 1399 viri
3780 1353 4038 1399 mecum
4085 1344 4308 1417 agunt,
4355 1335 4513 1399 tanti
4552 1336 4635 1400 fa·

2712 1421 2897 1485 ciunt
2950 1420 3390 1486 ministerium
3446 1440 3664 1485 meum
3682 1472 3697 1497 ‚
3768 1420 3836 1484 in
3897 1420 4174 1501 gratiam
4238 1418 4640 1504 perditissimi

2715 1506 3106 1591 Hieronymi,
3153 1526 3348 1588 quem
3394 1506 3656 1571 Bernae
3703 1505 3835 1571 vidi
3878 1506 4300 1571 cursitantem
4317 1556 4335 1585 ,
4396 1515 4460 1571 et
4495 1526 4637 1572 sane

2712 1591 2923 1674 pluris
2966 1591 3110 1657 fieri
3167 1612 3364 1676 quam
3422 1591 3682 1658 deceret
3736 1589 4054 1657 eiusmodi
4108 1590 4504 1658 haereticum
4545 1614 4636 1658 ec-

2714 1677 2948 1743 clesiae
2991 1676 3411 1743 turbatorem.
3480 1677 3626 1761 Ego
3663 1676 3858 1743 valde
3902 1677 4187 1743 offensus
4223 1698 4264 1742 a
4284 1677 4639 1761 Hieronymo

2715 1784 2848 1829 non
2894 1760 3127 1828 obmisi
3171 1764 3393 1828 omnia
3447 1764 3660 1829 officia
3712 1764 3781 1827 in
3829 1762 4318 1845 Sampoulinum
4361 1772 4427 1828 et
4466 1764 4640 1830 colle-

2712 1870 2863 1933 gam
2882 1900 2896 1925 ,
2958 1856 3025 1913 et
3077 1869 3206 1913 non
3268 1860 3587 1915 verentur
3630 1850 4039 1915 committere
4081 1850 4152 1913 in
4195 1871 4302 1914 me
4346 1871 4507 1933 quae
4548 1848 4643 1916 vel

2713 1934 3027 2017 pontificii
3070 1933 3304 2001 leviter
3347 1937 3485 1999 noti
3545 1955 3676 2000 non
3734 1934 4045 2001 facerent.
4134 1932 4269 2001 Sed
4331 1936 4389 2002 si
4430 1935 4643 2001 volunt

2715 2041 2833 2086 suo
2876 2040 3150 2104 pergere
3193 2019 3386 2086 modo
3432 2034 3498 2085 et
3539 2022 3607 2085 in
3650 2021 3873 2087 Deum
3914 2022 4289 2105 insurgere,
4339 2041 4473 2086 non
4512 2028 4643 2085 tan·

2715 2114 2855 2171 tum
2901 2128 3035 2183 me,
3095 2106 3210 2172 sed
3267 2128 3354 2172 ne
3397 2128 3603 2172 unum
3648 2106 3908 2190 quidem
3953 2106 4330 2172 morta-lium
4375 2127 4645 2190 unquam

2714 2192 3138 2259 conveniant:
3194 2193 3494 2276 quamvis
3539 2190 3895 2259 Dominum
3938 2211 4166 2277 precer
4207 2201 4284 2257 ut
4328 2192 4646 2259 meliorem

2714 2278 2809 2343 eis
2852 2285 3143 2343 mentem
3200 2276 3310 2344 det
3328 2330 3343 2356 ,
3391 2298 3540 2360 -quo
3597 2279 3840 2361 possim
3901 2287 3979 2343 ut
4036 2299 4231 2362 quam
4289 2279 4645 2345 carissimos

2712 2364 2946 2429 fratres
2969 2363 3348 2446 amplexari.
3374 2364 3561 2431 Haec
3592 2373 3660 2430 et
3685 2365 3814 2430 alia
3841 2364 4026 2429 nobis
4050 2376 4206 2430 sunt
4233 2362 4642 2447 devoranda]
4700 2366 4706 2371 ’

2713 2446 3024 2515 Scortum
3068 2447 3537 2536 R[osetanum]
3563 2449 3616 2536 ³)
3670 2450 3847 2533 quod
3889 2460 4027 2515 tam
4070 2450 4242 2515 male
4284 2450 4536 2516 audivit
4575 2451 4645 2516 ob

2713 2543 3078 2602 anteactam
3122 2535 3364 2614 vitam,
3423 2558 3510 2601 ne
3563 2535 3720 2619 quid
3776 2536 3986 2603 dicam
4047 2535 4128 2600 de
4172 2546 4387 2602 morte
4444 2535 4646 2601 mariti

2711 2621 2963 2701 (nescio
3007 2642 3094 2686 an
3139 2620 3202 2685 ei
3261 2621 3455 2687 liceat
3512 2623 3765 2687 intrare
3824 2622 4036 2689 solum
4080 2621 4451 2700 Beruense)
4506 2622 4643 2708 egit,

2711 2716 2787 2771 ut
2828 2707 2973 2785 scis,
3019 2727 3151 2772 non
3194 2708 3421 2791 procul
3466 2708 3660 2775 istinc
3704 2707 3878 2793 apud
3913 2709 4278 2792 pontificios
4325 2708 4507 2775 velut
4546 2707 4645 2773 de·

2709 2792 2944 2859 sectrix
2989 2793 3070 2859 ab
3115 2792 3492 2878 evangelio:
3539 2801 3608 2858 et
3650 2793 3937 2877 puellam
3980 2814 4176 2876 quam
4213 2793 4498 2860 habebat
4529 2794 4646 2859 iam

2709 2878 3035 2945 initiatam
3094 2878 3465 2964 evangelie,
3521 2889 3589 2944 et
3646 2899 3812 2964 quae
3869 2879 3993 2945 fuit
4035 2881 4286 2964 parties
4336 2901 4369 2945 s
4425 2898 4649 2946 coenae

2710 2963 2980 3030 Domini
3024 2964 3304 3031 elocavit
3346 2965 3491 3031 viro
3535 2964 3791 3031 infenso
3808 2964 3866 3050 ⁴)
3911 2965 4246 3032 doctrinae
4331 2966 4551 3032 hristi:
4593 2973 4651 3031 et

2708 3051 2806 3116 ita
2847 3049 3060 3116 locata
3103 3050 3325 3134 puella
3361 3050 3598 3117 defecit
3631 3051 3713 3117 ab
3749 3052 4088 3136 evangelio
4124 3071 4328 3135 seque
4363 3049 4648 3118 adiunxit

2708 3136 3089 3219 pontificiis,
3146 3141 3214 3202 et
3255 3156 3486 3203 eorum
3528 3137 3818 3204 scelestis
3861 3138 4080 3204 sacris.
4169 3137 4259 3202 Et
4304 3159 4510 3221 quum
4549 3137 4648 3204 hic

2709 3230 2880 3307 agat,
2925 3232 3154 3306 rogata
3196 3222 3324 3288 fuit
3366 3244 3525 3287 num
3570 3223 3769 3289 vellet
3812 3222 3961 3289 vale
4007 3223 4219 3290 dicere
4247 3224 4646 3290 Antichristo

2709 3319 2777 3372 et
2820 3307 2904 3373 ad
2945 3308 3362 3393 evangelium
3405 3308 3618 3374 redire
3676 3329 3751 3375 ac
3807 3318 4122 3393 perpetuo
4179 3311 4250 3375 in
4295 3330 4378 3376 eo
4421 3312 4645 3376 vivere.

2708 3392 3110 3478 Respondit,
3175 3404 3472 3477 oportere
3516 3405 3591 3460 ut
3632 3395 3854 3462 virum
3900 3403 4280 3478 sequeretur
4324 3405 4392 3462 et
4432 3397 4646 3462 vivere

2708 3501 2826 3563 pro
2869 3500 3054 3545 more
3097 3500 3321 3545 eorum
3365 3480 3536 3564 apud
3583 3502 3743 3565 quos
3777 3489 4018 3566 ageret.
4087 3481 4274 3547 Haec
4307 3484 4489 3548 fassa
4530 3501 4647 3547 non

2708 3586 2778 3631 se
2850 3567 3173 3632 victuram
3238 3567 3426 3632 iuxta
3494 3566 3945 3651 evangelium,
4020 3568 4276 3651 peperit
4350 3568 4641 3651 puellam.

2706 3651 2883 3717 Avia
2946 3650 3204 3734 puellae
3283 3652 3494 3717 voluit
3570 3666 3793 3718 natam
3873 3653 4108 3719 offerre
4176 3653 4642 3736 baptizandam.

2709 3738 2854 3821 Ego
2914 3737 3223 3820 respondi
3278 3759 3413 3803 non
3471 3737 3974 3818 admittendam,
4043 3739 4219 3822 quod
4270 3741 4342 3805 in
4401 3740 4646 3806 foedere

2709 3843 2841 3888 non
2898 3822 3012 3901 sit,
3117 3844 3274 3889 uum
3334 3833 3565 3890 neuter
3621 3846 3859 3906 parens
3904 3822 4113 3890 fidelis
4157 3825 4272 3903 sit,
4336 3847 4543 3910 neque
4582 3826 4644 3889 in

2708 3908 2980 3974 ecclesia
3025 3844 3276 3974 Christi
3322 3917 3474 3994 agat
3531 3916 3598 3973 et
3640 3910 4061 3976 admittatur:
4122 3932 4240 3976 nec
4299 3933 4494 3996 posse
4536 3930 4645 3975 nos

2709 4014 3101 4079 quemquam
3163 3995 3494 4080 intingere
3551 3996 3680 4060 nisi
3725 3996 3920 4061 fuerit
3963 3997 4031 4061 in
4078 3996 4364 4064 foedere:
4427 3999 4642 4080 aioque

2707 4077 3086 4167 R[osetam]
3133 4078 3201 4144 id
3244 4102 3422 4147 nunc
3464 4081 3634 4147 velle
3669 4082 3741 4145 in
3778 4083 4034 4147 ruinam
4071 4083 4387 4149 ecclesiae
4420 4082 4641 4161 moliri,

2709 4165 2881 4250 quod
2924 4165 3077 4231 olim
3122 4172 3340 4250 pater,
3401 4169 3513 4251 qui
3568 4168 3819 4233 erronis
3874 4166 4086 4233 filium
4148 4167 4361 4235 voluit
4418 4169 4641 4235 offerre

2705 4249 3194 4336 intingendum,
3241 4274 3322 4317 ex
3367 4253 3446 4319 iis
3490 4253 3737 4320 scilicet
3781 4274 3943 4337 quos
3985 4256 4357 4340 Aegyptios
4402 4266 4642 4322 vocant.

2706 4335 3060 4421 Quumque
3103 4336 3354 4404 videret
3397 4359 3506 4404 me
3549 4338 3857 4424 adigente
3911 4350 4168 4424 patrem
4225 4361 4526 4407 erronem
4569 4338 4642 4405 ad

2705 4423 2871 4489 abne
2958 4422 3156 4489 udam
3201 4445 3463 4489 omnem
3508 4425 3912 4509 impietatem
3957 4426 4025 4491 in
4072 4447 4200 4509 qua
4243 4427 4529 4505 vixerat,
4583 4436 4643 4491 et

2704 4510 2879 4594 stipu
2907 4517 3060 4575 ante
3102 4517 3176 4575 ut
3219 4511 3408 4576 iuxta
3451 4531 3618 4577 evan
3666 4511 3867 4578 elium
3922 4511 4192 4595 posthac
4237 4514 4529 4589 viveret,
4586 4522 4642 4575 et

2705 4596 2976 4680 insuper
3019 4616 3226 4679 quum
3269 4616 3577 4681 urgerem
3659 4605 3932 4666 evantes
3973 4617 4287 4682 puerum,
4345 4607 4424 4665 ut
4464 4597 4640 4682 plene

2702 4681 3110 4765 provinciam
3164 4682 3305 4748 eius
3362 4685 3770 4769 susciperent
3820 4692 4009 4768 patre
4054 4684 4504 4751 consentiente
4517 4737 4531 4759 ,
4583 4692 4642 4747 et

2703 4766 2914 4833 filium
2972 4768 3399 4851 permittente
3457 4778 3525 4835 et
3577 4768 3878 4849 cedente,
3953 4771 4009 4835 si
4066 4790 4201 4834 non
4256 4772 4512 4838 viveret
4565 4788 4641 4834 ex

2702 4855 3103 4936 praescripto
3164 4854 3517 4939 evangelii:
3583 4857 3954 4940 praefectus
3977 4854 4030 4940 ⁸)
4097 4856 4269 4924 ferre
4329 4859 4640 4924 actionem

2903 5178 2964 5243 2)
3013 5179 3347 5235 Viviacensie
3383 5179 3742 5237 Libonotum.-
3774 5186 3895 5236 ater
3932 5196 3998 5235 ue
4029 5187 4326 5251 suspectus.

2900 5248 2960 5313 3)
3000 5247 3224 5330 reuehat
3255 5248 3352 5304 VI.
3389 5249 3472 5304 15.
3545 5248 3775 5305 Kirchh.
3885 5197 3930 5304 ἕ

2901 5316 2961 5384 4)
2997 5317 3194 5372 infesto
3234 5315 3384 5373 Edd.

2900 5384 2961 5453 5)
2999 5403 3035 5442 a
3071 5385 3403 5443 Bonmtten.
