4900 6167
722 388 848 450 463

720 572 994 642 alicuius
1015 570 1252 670 privati
1296 578 1547 655 agatur,
1592 568 1705 635 sed
1741 568 1821 634 de
1849 569 2058 655 gloria
2076 570 2222 651 Dei,
2259 572 2647 638 sacrosancti

720 657 1066 726 ministerii
1102 654 1439 741 dignitate,
1485 655 1927 722 aedificatione
1961 656 2379 722 ecclesiarum
2415 665 2483 722 et
2516 656 2650 721 ani·

720 764 980 811 marum
1023 743 1251 821 salute,
1296 762 1569 825 quorum
1615 748 1790 808 certe
1834 740 2020 808 nobis
2064 744 2287 820 maior,
2331 750 2409 807 ut
2449 741 2648 822 scitis,

677 847 686 858 ’
718 839 819 897 est
860 827 1366 895 habenda‘ratio
1407 848 1602 911 quam
1646 827 1937 893 omnium
1971 847 2323 912 regnorum
2366 837 2435 893 et
2477 849 2647 893 mor·

718 916 953 982 talium
994 913 1192 980 huius
1234 912 1477 978 mundi.

888 1000 953 1065 N
954 1020 1028 1065 ec
1060 1000 1401 1083 quisquam
1435 1006 1535 1064 est
1568 1019 1649 1062 ex
1686 997 1872 1064 nobis
1904 998 2083 1082 ipsis,
2118 999 2331 1083 gratia
2363 998 2649 1078 Christo,

718 1088 813 1154 sic
861 1085 1098 1151 affixus
1141 1106 1257 1152 suo
1299 1084 1473 1162 loco,
1517 1083 1657 1167 qui,
1703 1091 1778 1148 ut
1819 1104 1938 1167 par
1980 1093 2106 1162 est,
2153 1084 2460 1150 veniente
2546 1104 2651 1151 as-

716 1183 860 1238 tore
916 1169 1345 1237 commodiore
1402 1177 1667 1253 paratus
1722 1188 1852 1234 non
1908 1169 1996 1235 sit
2058 1168 2301 1237 cedere.
2387 1168 2437 1237 S
2577 1176 2654 1237 ut

719 1260 803 1328 ad
851 1257 1246 1323 Leonas-dum
1267 1259 1319 1332 ⁵)
1362 1255 1632 1320 fratrem
1676 1261 1970 1320 nostrum
2011 1257 2366 1334 veniamne,
2410 1277 2533 1323 nos
2574 1262 2653 1321 ut

716 1366 868 1415 eum
913 1341 1084 1428 apud
1129 1362 1244 1407 vos
1287 1342 1360 1406 in
1403 1338 1609 1405 literis
1645 1348 1712 1404 et
1756 1339 1995 1423 pietate
2031 1342 2340 1425 proficere
2374 1341 2656 1407 libenter

719 1430 1042 1506 audimus,
1088 1437 1156 1494 et
1197 1426 1442 1512 gratias
1484 1425 1739 1510 agimus
1784 1423 2070 1492 Domino
2114 1425 2276 1504 Deo,
2324 1428 2418 1492 ita
2454 1425 2654 1512 (quod

721 1530 943 1584 tamen
987 1515 1047 1596 ei
1090 1510 1306 1577 fraudi
1363 1532 1505 1577 esse
1560 1510 1889 1588 nolumus)
1944 1533 2186 1597 negare
2244 1534 2379 1580 non
2422 1533 2652 1597 possu-

717 1624 888 1680 mus,
933 1600 1094 1684 quin
1134 1597 1241 1664 hic
1325 1597 1602 1663 uaedam
1638 1594 1984 1680 aliquando
2021 1596 2293 1683 indigna
2336 1618 2425 1677 se,
2472 1619 2654 1682 prae-

717 1688 942 1758 sertim
986 1692 1201 1750 autem
1337 1702 1560 1748 versus
1616 1683 2073 1767 magistratum
2127 1693 2193 1747 et
2245 1682 2652 1767 disciplinam

718 1771 1218 1844 ecclesiasticam
1239 1819 1254 1848 ‚
1332 1766 1812 1852 imprudentius
1883 1767 2218 1834 admiserit
2234 1820 2249 1848 ,
2331 1768 2505 1835 unde
2580 1789 2650 1835 se

716 1858 997 1947 principi
1041 1863 1108 1920 et
1150 1853 1531 1921 consiliariis
1575 1875 1708 1918 non
1750 1874 1981 1937 parum
2027 1854 2320 1920 odiosum
2362 1851 2654 1921 reddide-

715 1949 825 2024 rit,
872 1942 1182 2025 nobisque
1238 1961 1356 2024 per
1410 1940 1866 2024 magistratum
1909 1948 2049 2004 tum
2094 1939 2300 2007 huius
2346 1939 2651 2007 ecclesiae

721 2025 1390 2115 superintendentem,
1454 2045 1647 2107 quem
1693 2047 1770 2089 ca
1814 2024 1893 2091 de
1951 2046 2022 2090 re
2068 2026 2649 2110 appellaveramus,

717 2120 1050 2200 integrum
1096 2133 1230 2177 non
1287 2110 1485 2175 fuerit
1542 2110 1875 2176 hominem
1932 2132 2252 2178 revocare.
2343 2110 2479 2178 Sed
2522 2111 2651 2178 alia

717 2211 863 2270 tum
921 2201 1029 2266 via
1081 2196 1270 2263 fratri
1318 2195 1656 2263 consulere
1711 2196 2070 2279 cupientes,
2126 2198 2326 2263 misso
2370 2196 2453 2263 ad
2494 2197 2649 2263 Bie-

715 2290 934 2355 lenses
990 2304 1107 2368 pro
1154 2284 1250 2347 rio
1305 2282 1542 2347 nuncio
1595 2281 1795 2347 fratre
1853 2290 1920 2348 et
1974 2292 2339 2368 symmysta
2355 2335 2372 2362 ,
2431 2283 2651 2349 conati

714 2377 1050 2441 fueramus
1088 2304 1271 2433 illinc
1314 2367 1687 2432 ministrum
1730 2366 2053 2450 quendam
2109 2390 2192 2433 ex
2249 2369 2491 2436 nostris
2543 2368 2650 2434 hic

715 2451 1133 2544 magistratui
1175 2463 1435 2537 gratum
1483 2449 1565 2516 ad
1630 2474 1750 2517 nos
1805 2453 2157 2519 transferre
2174 2504 2189 2532 ,
2250 2464 2326 2519 ut
2380 2455 2450 2520 in
2509 2455 2649 2521 eius

713 2547 936 2612 locum
1005 2540 1414 2607 sufficeretur
1475 2538 1865 2605 Leonardus:
1964 2560 2156 2622 quem
2236 2541 2430 2605 etiam
2498 2559 2649 2606 cum

715 2651 924 2697 uxore
967 2635 1034 2691 et
1075 2624 1299 2691 liberis
1343 2632 1561 2689 nostro
1603 2632 1864 2708 sumptu
1908 2624 2063 2690 illuc
2099 2623 2330 2692 adduci
2374 2647 2493 2691 nos
2536 2647 2649 2691 cu-

716 2726 974 2782 raturos
1032 2709 1514 2793 recipiebamus.
1617 2707 1752 2775 Sed
1821 2710 2033 2775 noluit
2087 2709 2413 2777 Dominus
2467 2712 2650 2778 Deus

715 2801 894 2867 hunc
937 2805 1230 2863 nostrum
1273 2804 1578 2861 conatum
1622 2794 1981 2862 succedere.

888 2881 1078 2965 Quod
1122 2891 1342 2948 autem
1385 2881 1622 2947 attinet
1663 2880 1745 2946 ad
1790 2881 2227 2964 querimonias
2271 2903 2434 2963 quae
2476 2903 2649 2947 nunc

714 2992 850 3039 non
912 2968 1106 3035 isthic
1163 2966 1376 3033 solum
1421 2964 1534 3032 sed
1590 2977 1657 3032 et
1705 2967 1767 3032 N
1769 2967 2012 3033 eocomi
2071 2976 2135 3032 et
2190 2965 2345 3032 alibi
2402 2967 2647 3049 passim

711 3080 832 3143 per
867 3054 1170 3122 ecclesias
1204 3061 1457 3120 vestras
1492 3054 1863 3130 audiuntur,
1903 3050 2076 3136 quod
2112 3053 2390 3118 nuncius
2424 3060 2651 3118 noster

710 3143 898 3211 vobis
953 3140 1321 3224 praeteritis
1376 3138 1816 3218 Iverdunum,
1875 3138 2197 3204 Gaienses
2269 3146 2338 3201 et
2393 3144 2648 3202 tantum

708 3252 844 3295 non
887 3246 1113 3292 omnes
1158 3223 1318 3290 alias
1361 3223 1598 3290 classes
1653 3223 2028 3307 provinciae
2084 3221 2439 3307 gallicanae
2483 3222 2648 3288 Ber-

709 3314 1016 3382 nensium
1060 3308 1321 3375 adierit:
1366 3310 1831 3394 respondemus
1875 3307 2282 3392 simpliciter,
2327 3307 2647 3375 colendis-

708 3400 860 3468 simi
904 3398 1159 3470 fratres,
1197 3396 1324 3460 ista
1367 3403 1391 3472 (
1439 3393 1565 3460 uod
1609 3414 1757 3460 cum
1802 3413 1958 3477 pace
1993 3402 2216 3459 vestra
2259 3391 2646 3469 dixerimus)

706 3507 840 3554 non
886 3484 979 3548 ita
1024 3478 1281 3557 habere,
1329 3477 1409 3544 do
1437 3501 1670 3562 ereque
1712 3479 1898 3545 nobis
1941 3500 2023 3545 ex
2060 3479 2297 3559 animo,
2340 3501 2542 3562 quum
2578 3480 2645 3546 id

707 3595 840 3640 non
887 3577 1074 3635 curet
1114 3564 1412 3650 populus,
1458 3563 1828 3630 huiusmodi
1863 3563 2198 3630 mendacia
2242 3587 2282 3631 a
2326 3566 2646 3632 ministris

709 3654 1039 3741 evangelii
1109 3651 1191 3717 ad
1264 3650 1566 3717 ecclesias
1630 3649 1986 3716 turbandae
2045 3660 2180 3716 tam
2233 3650 2647 3735 impudenter

710 3742 1064 3826 excogitari
1110 3747 1176 3804 et
1218 3737 1466 3821 spargi:
1515 3757 1714 3819 quum
1755 3737 2036 3802 nuncius
2072 3745 2139 3801 et
2176 3738 2379 3803 frater
2422 3749 2647 3803 noster

706 3828 949 3895 classes
1007 3825 1154 3889 illas
1212 3843 1548 3905 nunquam
1600 3820 1868 3899 viderit,
1936 3821 2049 3887 sed
2102 3830 2278 3889 recta
2320 3823 2646 3889 Neocomo
2685 3889 2694 3922 4

706 3914 796 3979 sit
831 3911 1151 3996 profectus
1188 3909 1533 3974 Genevam
1569 3917 1637 3973 et
1669 3906 1852 3972 illinc
1885 3906 2166 3986 domum,
2212 3930 2333 3974 nec
2370 3929 2644 3991 usquam

707 3997 995 4064 haeserit
1046 3994 1118 4059 in
1174 3995 1434 4072 itinere,
1500 4016 1620 4060 nec
1674 3991 1826 4059 alibi
1880 3994 2117 4059 fratres
2174 3994 2407 4059 adierit
2449 4015 2643 4077 quam

705 4082 1054 4160 Neocomi,
1114 4077 1334 4145 Orbae
1392 4093 1455 4144 et
1499 4079 1844 4157 Genevae,
1904 4076 2078 4144 unde
2122 4100 2469 4144 numerum
2514 4079 2643 4144 fra-

705 4179 882 4235 trum
943 4186 1135 4250 quem
1206 4166 1276 4229 in
1345 4164 1667 4232 mandatis
1732 4163 2014 4231 habebat
2073 4185 2295 4230 secum
2352 4162 2641 4230 adduxit.

706 4253 843 4321 Sed
886 4252 1072 4319 facile
1116 4249 1505 4335 colligimus,
1549 4250 1803 4328 fratres,
1849 4272 1932 4316 ex
1977 4248 2355 4315 huiusmodi
2397 4250 2644 4317 calum-

705 4340 854 4416 niis,
901 4336 1076 4403 uude
1119 4347 1258 4401 tam
1297 4335 1507 4400 multa
1548 4336 1685 4401 sint
1726 4356 1920 4420 saepe
1965 4337 2034 4399 in
2070 4334 2363 4403 ecclesiis
2409 4336 2645 4402 vestris

707 4423 1008 4499 dissidia,
1054 4423 1363 4487 nimirum
1408 4443 1492 4486 ex
1534 4420 1922 4500 mendaciis,
1967 4419 2148 4487 falsis
2192 4420 2643 4503 delationibus,

704 4508 1090 4577 credulitate
1133 4518 1200 4572 et
1243 4506 1432 4573 malis
1478 4507 1983 4591 suspicionibus,
2038 4506 2152 4572 sed
2207 4528 2483 4590 quorum
2526 4530 2643 4573 au-

707 4609 880 4663 tores
925 4592 1096 4659 male
1143 4592 1369 4676 perdet
1412 4591 1756 4676 aliquando
1801 4592 2124 4657 Dominus
2159 4591 2358 4660 Deus.

879 4677 1076 4762 Quod
1119 4690 1337 4744 autem
1399 4678 1575 4744 idem
1634 4677 1745 4744 ille
1799 4677 2004 4744 frater
2058 4698 2176 4744 vos
2218 4701 2346 4743 nou
2392 4678 2642 4760 adierit,

706 4788 935 4835 verum
983 4775 1085 4831 est
1127 4784 1278 4829 eum
1321 4765 1541 4847 ipsum
1599 4765 1732 4829 iam
1784 4763 1867 4829 ad
1924 4763 2050 4829 iter
2092 4764 2454 4831 accinctum
2496 4765 2643 4831 lite-

703 4855 925 4936 risque
972 4850 1215 4917 uostris
1260 4849 1340 4915 ad
1401 4872 1537 4926 vos,
1590 4849 2016 4916 Genevenses
2060 4861 2126 4915 ct
2168 4850 2644 4918 Neocomenses

704 4938 966 5022 scriptis
1033 4935 1275 5002 dixisse
1327 4935 1542 5012 nobis,
1610 4935 2012 5002 intellexisse
2065 4957 2135 5002 se
2191 4942 2440 5020 pestem
2496 4937 2644 5004 istic

706 5026 995 5108 graviter
1039 5021 1339 5106 grassari,
1368 5025 1422 5094 ⁶)
1466 5023 1884 5105 gymnasium
1930 5021 2331 5106 dissipatum,
2376 5022 2642 5089 fratres-

705 5174 914 5183 -Μ
951 5173 1100 5180 -.--——=

909 5230 970 5293 5)
1014 5227 1287 5298 camma,
1326 5227 1454 5282 olim
1496 5227 1562 5283 V.
1598 5227 1673 5281 D.
1709 5228 1793 5283 M.
1829 5229 1892 5283 in
1936 5228 2300 5300 Valent-'ancy

910 5296 967 5364 6)
1020 5297 1180 5367 Quod
1212 5316 1266 5352 a.
1313 5296 1434 5351 1551
1474 5313 1670 5354 revera
1701 5298 1896 5366 evenit,
1932 5315 2010 5353 an
2042 5304 2096 5355 et
2119 5305 2315 5368 postea
2349 5299 2641 5358 nescimus.

2188 380 2705 449 EPISTOLAE
2757 384 3172 447 1697-1699

4537 388 4643 451 464

2750 590 2876 654 que
2919 590 3160 655 magna
3204 591 3288 636 ex
3330 576 3514 654 parte
3559 569 3880 654 dispersos
3934 594 4052 656 per
4097 571 4398 640 viciniam
4414 624 4430 652 ,
4481 582 4541 642 et
4576 573 4645 640 ob

2751 656 2819 722 id
2863 655 3224 740 periculum
3266 676 3407 722 esse
3423 707 3438 734 ,
3505 655 3563 723 si
3616 657 3787 724 istuc
3827 659 3982 738 iret,
4039 680 4122 724 ne
4176 680 4307 725 non
4348 658 4545 725 solum
4582 681 4648 726 eo

2750 750 3043 826 tempore
3085 762 3471 825 quemquam
3506 741 3693 808 nobis
3726 743 4131 810 commodum
4170 764 4302 810 non
4336 745 4648 827 inveniret,

2753 825 2869 894 sed
2927 849 3013 892 ne
3054 827 3251 892 etiam
3309 834 3578 910 proptor
3631 829 4054 913 magistratus
4098 829 4313 896 edicta
4368 852 4506 897 cum
4557 832 4650 899 his

2752 933 2914 997 quos
2957 934 3177 979 secum
3218 911 3569 980 adduceret
3609 912 3738 981 huc
3780 936 4084 982 reversus
4140 913 4224 980 ad
4265 936 4383 983 nos
4422 916 4651 1002 ingredi

2752 1020 2883 1065 non
2925 1007 3159 1081 posset.
3247 996 3468 1080 Quare
3525 998 3805 1065 liberum
3853 1000 4098 1066 factum
4151 1006 4252 1067 est
4304 1000 4543 1068 homini
4587 1011 4653 1068 ut

2754 1105 2835 1150 ea
2874 1084 2943 1148 in
2987 1103 3059 1148 re
3096 1091 3322 1181 ageret
3361 1082 3533 1168 quod
3574 1085 3646 1150 in
3682 1085 3915 1153 itinere
3956 1086 4212 1153 videret
4245 1107 4387 1153 esse
4418 1089 4652 1155 cousul-

2756 1176 2916 1235 tum.
3007 1167 3226 1251 Quum
3281 1179 3500 1236 autem
3554 1192 3901 1237 numerum
3957 1172 4402 1239 ministrorum
4456 1173 4570 1241 sibi
4619 1196 4655 1239 a

2754 1254 3145 1340 magistratu
3200 1263 3265 1321 et
3320 1255 3630 1322 fratribus
3694 1258 4164 1340 praescriptum
4230 1255 4383 1324 alibi
4444 1267 4654 1326 nactus

2756 1348 2945 1419 esset,
2985 1340 3158 1406 inter
3199 1362 3359 1424 quos
3403 1341 3529 1407 duo
3571 1351 3761 1408 erant
3792 1342 3905 1427 qui
3937 1363 3976 1407 a
4009 1343 4193 1410 vobis
4228 1350 4490 1429 propter
4527 1365 4655 1427 pes-

2756 1432 2889 1491 tem
2932 1438 3344 1504 secesserant,
3387 1448 3508 1492 nec
3552 1426 3728 1493 aliud
3769 1427 4041 1494 haberet
4081 1450 4472 1513 magnopere
4502 1430 4655 1513 quod

2752 1511 2901 1577 istic
2942 1519 3180 1596 ageret,
3220 1532 3343 1577 nec
3374 1510 3600 1579 liceret
3631 1513 3881 1579 homini
3923 1535 4042 1597 per
4082 1515 4264 1581 nives
4299 1516 4655 1597 pmsertim

2753 1619 2904 1665 cum
2967 1598 3279 1664 comitatu
3341 1597 3537 1663 latius
3605 1600 3855 1683 vagari,
3922 1609 4097 1666 recta
4157 1599 4352 1665 rediit
4395 1599 4475 1665 ad
4534 1620 4655 1667 nos.

2754 1683 2845 1749 Et
2896 1684 3214 1766 potuisset
3264 1683 3523 1766 quidem
3568 1683 3677 1749 ille
3720 1684 3799 1750 de
3846 1686 3969 1763 via,
4014 1683 4184 1769 quod
4227 1685 4415 1751 nobis
4454 1685 4659 1771 ingra-

2755 1776 2894 1834 tum
2928 1790 3058 1835 non
3093 1769 3340 1847 fuisset,
3382 1769 3690 1836 fratribus
3724 1771 3967 1836 nostris
4001 1770 4111 1854 qui
4145 1769 4316 1838 istuc
4362 1777 4661 1837 venerunt

2756 1854 3065 1933 scribere,
3120 1853 3235 1919 sed
3288 1864 3556 1921 excusat
3610 1875 3743 1920 non
3787 1855 3998 1921 solum
4044 1857 4361 1923 nuncium
4404 1856 4520 1923 sibi
4562 1855 4658 1922 de·

2742 1939 2958 2014 „fuisse
2972 1992 2986 2018 ,
3041 1939 3155 2006 sed
3199 1939 3470 2006 scivisse
3512 1961 3582 2006 se
3636 1962 3744 2007 eos
3800 1951 3992 2008 antea
4033 1963 4147 2025 per
4190 1962 4304 2007 vos
4359 1941 4438 2008 de
4486 1940 4661 2008 rebus

2753 2027 2995 2092 nostris
3037 2024 3337 2092 omuibus
3393 2026 3593 2093 factos
3650 2047 3791 2092 esse
3845 2028 4169 2093 certiores.
4258 2025 4440 2109 Quos
4480 2027 4662 2093 etiam

2756 2131 2888 2176 non
2932 2119 3238 2195 putamus
3281 2132 3400 2177 nos
3444 2111 3523 2178 de
3567 2110 3890 2179 scribendi
3932 2112 4013 2178 ad
4057 2113 4236 2196 ipsos
4278 2111 4663 2198 negligentia

2751 2218 3143 2282 magnopere
3186 2217 3518 2275 accusare,
3565 2218 3766 2280 quum
3807 2198 3889 2265 ab
3933 2218 4010 2263 eo
4057 2206 4343 2283 tempore
4388 2218 4513 2281 quo
4554 2218 4661 2263 uos

2751 2281 3158 2365 reliquerunt
3209 2304 3294 2348 ne
3350 2305 3519 2349 unus
3576 2281 3836 2367 quidem
3890 2305 3973 2349 ex
4041 2283 4136 2350 eis
4201 2305 4321 2351 neo
4388 2282 4564 2349 nobis
4601 2284 4661 2348 in

2753 2388 2991 2452 genere
3033 2390 3155 2435 nec
3188 2368 3496 2450 privatim
3529 2369 3713 2434 fratri
3752 2378 3970 2434 nostro
4011 2370 4288 2436 Tot-sano
4330 2369 4439 2434 vel
4479 2389 4664 2434 unum

2752 2454 2882 2519 iota
2925 2474 3216 2536 unquam
3260 2454 3611 2537 scripserit.
3703 2452 3894 2537 Quod
3936 2455 4060 2520 etsi
4115 2462 4521 2536 contemptus
4574 2453 4665 2518 iu·

2754 2537 2994 2605 dicium
3040 2538 3259 2605 multis
3300 2538 3652 2617 videretur,
3697 2561 4034 2623 nunquam
4075 2560 4300 2606 sumus
4344 2548 4561 2606 tamen
4600 2559 4669 2604 ea

2754 2623 2836 2689 de
2875 2645 2949 2690 re
2992 2622 3165 2707 apud
3201 2646 3595 2709 quemquam
3626 2625 3956 2710 conquesti
3993 2647 4111 2693 neo
4145 2626 4218 2690 iu
4249 2625 4494 2690 malam
4535 2646 4666 2708 par·

2753 2716 2889 2775 tem
2931 2709 3360 2795 interpretati.

2926 2793 3262 2877 Quantum
3309 2802 3529 2861 autem
3572 2795 3655 2861 ad
3697 2804 3945 2879 pestem
3988 2797 4240 2875 attinet,
4302 2818 4439 2863 non
4480 2797 4528 2860 ii
4568 2816 4666 2861 su-

2752 2901 2898 2947 mus
2941 2881 3052 2964 qui
3093 2879 3482 2946 mandamus
3524 2903 3608 2946 ne
3650 2883 3793 2965 quis
3835 2882 4129 2949 civitates
4162 2904 4241 2950 ea
4272 2882 4386 2949 lue
4418 2882 4668 2948 infectas

2754 2965 2965 3045 adeat,
3009 2965 3123 3032 sed
3165 2965 3588 3050 magistratus
3606 3018 3621 3045 ,
3680 2988 3871 3050 quem
3930 2968 4110 3034 scitis
4166 2988 4244 3033 ea
4294 2968 4373 3033 in
4428 2988 4500 3033 re
4538 2968 4666 3034 sine

2750 3052 3137 3118 necessitate
3179 3074 3319 3118 non
3353 3072 3507 3117 esse·
3539 3052 4121 3119 contemnendum:
4177 3067 4252 3118 ut
4307 3054 4482 3121 idem
4525 3072 4664 3137 quo·

2750 3158 2874 3220 que
2938 3158 2978 3202 a
3035 3136 3221 3203 nobis
3282 3138 3588 3220 requirit,
3647 3137 4188 3221 quemadmodum
4231 3140 4436 3205 etiam
4477 3137 4668 3222 exigit

2748 3229 3047 3288 nostrum
3081 3224 3536 3302 ministerium,
3572 3233 3649 3289 ut
3683 3219 4113 3307 qualicunque
4147 3225 4380 3291 morbo
4415 3223 4667 3290 infectos

2750 3308 3112 3374 invisamus
3156 3316 3223 3373 et
3263 3308 3688 3386 consolemur,
3753 3307 3925 3394 quod
3967 3330 4087 3376 nos
4129 3332 4248 3395 per
4304 3310 4533 3376 literas
4572 3307 4666 3373 his

2750 3393 2864 3476 qui
2909 3414 3059 3458 cum
3101 3394 3301 3459 fratre
3343 3402 3570 3460 nostro
3614 3395 3746 3460 huc
3790 3407 3982 3460 erant
4035 3396 4296 3462 venturi
4352 3417 4486 3461 non
4541 3394 4665 3459 sine

2750 3500 2949 3545 causa
2990 3488 3058 3545 et
3099 3479 3482 3546 necessitate
3524 3480 3880 3564 significari
3922 3481 4268 3547 voluimus.

2919 3564 3254 3643 Breviter,
3318 3565 3755 3633 colendissimi
3813 3567 4077 3644 fratres,
4134 3564 4665 3650 quemadmodum

2748 3658 2925 3715 certo
2969 3651 3209 3716 scimus
3254 3672 3373 3717 vos
3427 3651 3497 3716 in
3540 3660 3758 3719 vestro
3810 3673 4082 3718 munere
4134 3672 4398 3718 summa
4439 3650 4562 3717 fide
4600 3668 4666 3714 ac

2748 3733 3087 3821 diligentia
3138 3758 3217 3802 ea
3271 3758 3464 3822 agere
3519 3738 3741 3802 omnia
3790 3757 3955 3819 quae
4011 3745 4388 3820 praesentes
4446 3735 4664 3803 videtis

2748 3820 2831 3887 ad
2874 3820 3150 3905 gloriam
3192 3821 3458 3888 Domini
3505 3821 4048 3905 ecclesiarumque
4091 3835 4465 3889 vestrarum
4507 3819 4663 3887 aedi-

2744 3908 3113 3973 ficationem
3160 3908 3502 3992 pertinere,
3548 3929 3810 3984 oramus
3856 3930 3969 3974 vos
4012 3915 4131 3991 per
4175 3908 4399 3975 Iesum
4454 3907 4663 3974 chris·

2747 4002 2889 4058 tum
2935 3991 3291 4058 Dominum
3352 4003 3648 4059 nostrum
3704 4001 3783 4058 ut
3832 3994 3955 4060 hoc
3997 3996 4248 4077 ipsum,
4305 3997 4365 4060 si
4423 4015 4554 4059 non
4595 3991 4664 4055 de

2746 4079 3001 4154 effectu,
3050 4089 3124 4143 ut
3168 4101 3284 4145 nos
3339 4100 3557 4145 coram
3599 4080 3885 4146 Domino
3930 4079 4076 4146 Deo
4127 4089 4192 4145 et
4249 4081 4441 4146 vobis
4500 4085 4664 4143 tanto

2747 4164 2932 4229 oneri
2988 4165 3269 4249 impares
3324 4186 3463 4231 esse
3521 4163 3967 4249 agnoscimus,
4036 4165 4267 4231 saltem
4327 4165 4413 4232 de
4466 4162 4664 4230 studio

2746 4271 2821 4314 ac
2865 4251 3198 4315 voluntate
3258 4259 3482 4316 nostra
3541 4251 3866 4327 sentiatis,
3924 4251 4172 4334 hocque
4228 4259 4533 4318 nostrum
4574 4270 4664 4314 re·

2745 4355 3057 4419 sponsum
3121 4358 3238 4419 pro
3306 4346 3522 4403 vestra
3575 4336 3819 4419 pietate
3883 4347 3949 4402 et
4012 4335 4469 4403 benovolentia
4525 4333 4665 4400 boui

2746 4420 3158 4487 consulentes
3200 4423 3488 4507 pergatis
3531 4441 3651 4488 nos
3686 4431 3754 4487 et
3787 4422 4091 4489 ecclesias
4125 4432 4390 4491 nostras
4434 4418 4667 4488 sanctis

2746 4506 2986 4573 vestris
3048 4508 3349 4590 precibus
3421 4529 3578 4593 erga
3646 4509 4003 4575 Dominum
4071 4507 4288 4573 Deum
4374 4508 4663 4575 aduvare.

2745 4591 3002 4674 Quibus
3058 4614 3177 4660 nos
3232 4602 3402 4660 totos
3456 4594 3781 4673 dedimus,
3838 4593 4058 4660 omnia
4111 4592 4283 4659 laeta
4339 4602 4413 4661 et
4465 4593 4666 4659 fausta

2745 4697 3089 4761 precamur
3145 4700 3262 4762 per
3305 4678 3646 4746 Christum
3690 4681 3927 4746 Iesum.
4017 4678 4571 4765 Mombelgardiae
4612 4680 4662 4739 9.

2746 4762 3015 4830 Galend.
3061 4763 3254 4829 Febr.
3273 4765 3330 4845 ⁷)

2954 5021 3006 5089 7)
3043 5022 3275 5079 Amwm
3309 5024 3689 5105 nuntiavimus
3723 5022 4664 5104 lbossqmmcevidmspoc·

2743 5096 2819 5147 tet
2850 5090 3028 5169 aci-ea
3061 5107 3204 5161 quae
3236 5093 3479 5162 epsetolw
3529 5109 3706 5163 supra
3746 5092 3992 5148 badam
4044 5093 4408 5150 mutentur.
4479 5091 4669 5159 Lapsa

2744 5161 3965 5287 muamfflaffmfflarflm
3978 5162 4170 5287 Mt...-
4139 5163 4336 5288 *md-
4276 5160 4666 5287 mm...-
4516 5175 4571 5230 ν·
4603 5154 4669 5210 ⁶⁴

2744 5313 2942 5356 umes
2974 5304 3028 5355 et
3123 5315 3468 5371 commences,
3505 5300 3653 5356 datis
3686 5316 3743 5357 se
3769 5316 4047 5378 purgasse
4080 5301 4230 5358 dicit.
4344 5272 4364 5300 ⁹
