4900 6167
346 386 427 446 1⁷

335 578 420 636 nt
461 570 587 635 hoc
623 590 845 636 meum
883 569 1279 637 desiderium
1322 576 1439 636 tuo
1483 569 1697 636 studio
1740 578 1810 636 et
1853 590 2073 636 amore
2117 567 2303 634 adiu·

336 677 464 722 ves
478 707 495 734 ,
551 656 1050 740 Dominamque
1102 667 1398 722 autorem
1461 655 1662 722 huius
1715 676 1900 723 meae
1944 655 2305 724 vocationis

337 762 492 806 ores
546 747 626 805 ut
678 762 785 807 me
849 761 1000 807 cum
1066 743 1233 807 meis
1286 742 1357 807 in
1406 741 1549 809 loco
1602 741 1874 808 collocet
1928 742 2002 805 in
2060 760 2190 824 quo
2245 740 2306 805 ei

337 827 613 909 eiusque
664 826 973 894 ecclesiae
1028 826 1289 893 fidelem
1345 847 1610 910 operam
1654 835 1992 911 praestare
2034 827 2302 911 possim.

335 912 517 977 Nam
578 912 706 977 ista
760 912 1055 996 quidem,
1112 920 1191 978 ut
1233 912 1399 977 mihi
1450 912 1743 992 videtur,
1798 912 2116 978 diuturna
2173 910 2306 976 dis·

334 998 595 1063 iunctio
638 1019 771 1064 non
818 1020 858 1063 a
899 999 1066 1064 meis
1119 998 1330 1064 solum
1385 998 1502 1063 sed
1546 1000 1746 1064 etiam
1791 1020 1831 1064 a
1874 999 2090 1077 vobis,
2141 996 2306 1062 mihi

335 1082 810 1148 molestissima
870 1092 988 1149 est.
1088 1084 1344 1165 Quare,
1405 1083 1608 1149 frater
1651 1085 2018 1163 carissime,
2064 1102 2184 1166 pro
2228 1102 2308 1147 ea

337 1169 816 1234 communitate
900 1189 1026 1235 uae
1069 1170 1388 1235 internos
1414 1190 1641 1234 rerum
1683 1171 1976 1236 omnium
1997 1177 2116 1246 est,
2160 1188 2306 1250 pro-

337 1275 471 1337 que
517 1263 633 1320 tua
677 1255 870 1338 singu
898 1256 995 1319 ari
1037 1254 1464 1332 humanitate,
1518 1256 1831 1339 suscipies
1875 1275 2021 1321 eam
2064 1253 2307 1336 cogita-

335 1339 594 1404 tionem
638 1360 1021 1424 curamque,
1078 1360 1208 1423 qua
1248 1339 1447 1407 huius
1491 1341 1666 1405 vitae
1699 1341 2068 1423 praesentis
2121 1358 2309 1404 meae

336 1425 714 1490 amaritudo
781 1434 896 1490 aut
963 1425 1234 1492 tollatur
1300 1425 1497 1509 plane
1574 1434 1689 1492 aut
1752 1433 1928 1491 certe
2025 1425 2305 1490 levetur.

342 1510 685 1594 Gryphius
759 1519 982 1576 noster
1026 1511 1316 1576 nondum
1375 1510 1619 1576 librum
1692 1531 1915 1577 meum
1981 1510 2232 1594 attigit:
2255 1513 2309 1587 ⁴)

334 1595 443 1661 ita
500 1603 601 1662 est
654 1604 1026 1679 occupatus.
1117 1593 1252 1663 Sed
1311 1597 1647 1662 hominem
1716 1596 1964 1681 urgebo
2031 1604 2104 1661 ut
2168 1595 2310 1661 eius

333 1680 698 1748 editionem
754 1682 1233 1765 quamprimum
1281 1681 1725 1833 affigi-odiatur.
1814 1681 1984 1747 Vale
2042 1682 2111 1746 in
2171 1680 2309 1745 Do-

330 1767 563 1845 mine,
622 1768 831 1833 amice
885 1768 1239 1834 entissime.
1393 1767 1645 1852 ugduni
1689 1767 1855 1851 xviij
1902 1766 2212 1832 Ianuarii.

1278 1904 1459 1969 'I'uus
1507 1907 1677 1988 App.
1724 1903 2057 1970 Claudius.
2082 1904 2138 1986 ὅ)

1106 2177 1515 2191 ----ῄ-

1238 2392 1430 2466 1487.

761 2531 1434 2599 BULLINGERUS
1480 2529 1916 2598 CALVINO.

525 2704 627 2769 De
670 2704 922 2770 coneilio
974 2703 1339 2768 Tridentino
1380 2702 1856 2786 redinteyrando
1898 2707 1954 2768 el
1997 2702 2312 2768 obsidione

338 2789 795 2874 Maydeburqi.

342 2962 464 3029 (Ex
502 2965 727 3083 autggra
766 2960 840 3014 ho
876 2959 1099 3013 Archiv.
1137 2958 1309 3012 Tul-ic.
1346 2957 1486 3016 Plut.
1525 2957 1616 3011 vl.
1665 2958 1774 3012 Vol
1833 2955 1935 3011 129
1970 2958 2102 3011 olim
2137 2957 2312 3011 Scrin.

749 3045 839 3098 pp.
876 3028 937 3081 T.
974 3026 1061 3094 30,
1096 3027 1189 3081 fol.
1226 3024 1346 3080 269.
1384 3055 1451 3065 —
1488 3026 1700 3080 Simler.
1738 3025 1857 3080 Vol.
1894 3024 2008 3092 74.)

531 3198 911 3267 Clarissimo
968 3198 1111 3264 viro
1154 3196 1238 3263 D.
1288 3197 1525 3262 Ioanni
1573 3196 1852 3264 Calvino
1897 3197 2314 3264 Genevensis

344 3285 669 3353 ecclesiae
712 3284 842 3350 fido
887 3285 1133 3367 pastori
1179 3282 1442 3349 domino
1486 3294 1553 3349 et
1596 3283 1786 3349 fratri
1829 3304 1946 3350 suo
1990 3281 2313 3350 colendis-

342 3372 524 3438 simo
565 3379 631 3435 et
675 3371 1024 3436 carissimo.

1919 3452 2139 3520 Genff.

533 3591 603 3660 S.
665 3593 746 3661 D.
835 3590 972 3657 Diu
1028 3612 1186 3657 sane
1252 3590 1579 3655 intermisi
1634 3587 1921 3656 officium
1966 3587 2312 3662 scribendi,

352 3681 621 3747 Calvina
664 3679 927 3743 domine
971 3684 1037 3742 et
1077 3678 1284 3742 frater
1327 3678 1393 3739 in
1442 3674 1708 3740 Christo
1751 3675 2200 3740 colendissime
2243 3682 2315 3738 et

348 3765 811 3841 dilectissime,
884 3762 997 3829 sed
1052 3762 1323 3828 interim
1380 3759 1814 3826 nihilominus
1872 3760 2125 3838 amavi,
2190 3779 2313 3826 nec

350 3850 587 3918 dubito
628 3849 984 3933 quidquam
1029 3846 1110 3913 de
1153 3858 1266 3913 tuo
1321 3867 1481 3930 erga
1520 3867 1641 3911 nos
1680 3845 1913 3912 studio.
2002 3844 2155 3911 Scio
2198 3865 2313 3909 au-

346 3947 496 4003 tem
539 3948 605 4000 te
645 3935 1214 4018 occupatissimum
1274 3954 1408 3997 non
1452 3952 1640 4016 posse
1682 3951 1942 4015 semper
1984 3928 2154 4012 quod
2199 3948 2316 3993 ve-

348 4023 459 4089 lis.
549 4022 958 4088 Excusatum
1015 4039 1172 4104 ergo
1225 4027 1294 4083 te
1336 4017 1546 4082 habeo
1603 4016 1775 4100 quod
1836 4016 2077 4081 nostris
2122 4014 2318 4078 nihil·

351 4108 519 4174 dum
565 4104 979 4188 responderis
1001 4102 1270 4170 'dudum
1317 4101 1399 4168 ad
1444 4112 1509 4168 te
1553 4102 1787 4168 missis.
1817 4106 1869 4179 ¹)
1937 4099 2073 4182 Qui
2119 4122 2158 4164 a
2199 4120 2318 4166 vo-

350 4193 463 4259 bis
506 4191 590 4257 ad
635 4212 755 4257 nos
800 4192 1083 4256 veniunt
1125 4189 1422 4255 referunt
1463 4188 1687 4253 omnia
1731 4199 1949 4254 vestra
1990 4187 2155 4252 bene
2199 4185 2319 4251 ba-

352 4281 532 4345 bere.
624 4275 889 4342 Auditis
947 4284 1015 4340 et
1073 4296 1178 4341 res
1224 4284 1482 4341 nostras
1526 4274 1653 4338 Dei
1698 4273 1912 4358 gratia
1953 4279 2130 4338 recte
2172 4289 2319 4338 suc-

354 4364 609 4431 cedere.
700 4360 990 4429 Oremus
1031 4361 1391 4428 Dominum
1456 4368 1532 4424 ut
1595 4358 1654 4423 is
1710 4378 1829 4424 nos
1888 4367 2183 4435 tueatur,
2251 4362 2321 4422 et

358 4471 625 4534 semper
669 4447 946 4533 gloriam
990 4467 1176 4513 suam
1224 4443 1396 4529 apud
1440 4464 1667 4512 omnes
1712 4444 2047 4528 provehat.

571 4737 636 4821 ξ)
691 4739 791 4794 Vix
825 4736 1216 4794 crediderimus
1250 4732 1317 4789 cle
1350 4732 1463 4788 alio
1495 4732 1731 4803 quodam
1775 4748 1844 4788 ao
1888 4746 2062 4802 supro
2084 4730 2323 4788 laudato

360 4808 498 4865 mc
530 4806 938 4942 effingam·-
985 4874 1117 4941 fola
1162 4869 1565 4952 Lundupemia
1590 4883 1682 4951 ‚ese
1729 4870 1833 4926 hae
1876 4874 1954 4925 et.
1982 4869 2326 4939 sequentibus

367 4946 489 5025 eius
544 4944 788 5026 epistolis
846 4944 974 4999 bene
1022 4940 1267 4995 illustrat
1317 4953 1407 5021 vpr
1454 4937 1802 4994 dodun-ms
1856 4937 1938 4992 M.
1987 4935 2048 4992 J,
2088 4935 2329 5019 Gaufreq

368 5015 534 5136 .....<··-·
495 5012 743 5136 Ἢ
770 5011 853 5135 3:
864 5007 1238 5145 ms
1259 5004 2139 5132 messmv-'ffi-..z'szssssi-ss‘.
2169 5003 2327 5130 ..st

369 5155 649 5282 {ffiff‘i}
696 5214 899 5272 Ultima
934 5214 1087 5270 Buzzi
1161 5216 1247 5270 eri
1277 5211 1356 5268 ad
1393 5211 1696 5279 Calvinum,
1743 5224 1886 5281 quae
1919 5212 2077 5267 nobie·
2109 5210 2328 5282 quidem

374 5287 631 5353 iunonis,
666 5287 876 5355 scripta
904 5284 1090 5351 fuerat
1158 5324 1171 5338 .
1206 5282 1341 5339 Dee.

587 5371 809 5428 Calvisi
835 5386 1018 5441 opera.
1098 5369 1215 5426 Vol.
1253 5365 1420 5423 XIV.

2043 384 2198 447 1561
2250 380 2630 448 IANUAR.

4285 392 4366 455 18

2580 568 2728 634 Non
2773 569 2986 636 nescis
3020 568 3198 635 haud
3233 570 3429 637 dubie
3474 572 3826 640 concilium
3869 573 4191 642 indictum
4224 597 4372 645 esse

2407 654 2492 719 ad
2535 653 2863 721 calendas
2907 655 3087 720 Maii.
3110 655 3166 741 ²)
3253 657 3481 722 Merae
3525 665 3682 724 sunt
3736 667 3910 725 artes
3954 669 4023 724 et
4075 660 4370 744 prodito:

2407 741 2550 805 riae
2592 741 2993 822 imposturae
3052 741 3186 806 imo
3245 743 3352 808 vis
3405 751 3634 826 aperta
3686 744 3754 808 in
3795 745 4072 830 singulis
4117 746 4370 815 relucet

2409 823 2646 890 verbis.
2736 824 3089 891 Caeterum
3128 826 3285 910 quid
3322 827 3498 893 aliud
3543 838 3883 911 exspectes
3928 851 3968 894 a
4002 830 4256 897 diabolo
4299 841 4369 897 et

2409 910 2723 976 membris
2781 909 2968 976 eius?
3056 912 3251 976 Mitto
3309 914 3717 996 exemplum,
3777 916 3833 979 si
3889 915 4058 981 forte
4113 916 4368 982 nullum

2410 993 2625 1062 adhuc
2671 993 2755 1060 ad
2798 1005 2864 1061 te
2908 996 2995 1060 sit
3039 995 3348 1063 delatum.
3420 998 3821 1082 Quanquam
3865 1000 4028 1065 nihil
4076 1000 4367 1068 dubitem

2408 1078 2577 1145 illud
2620 1101 2852 1163 parum
2898 1090 3187 1147 correcte
3247 1104 3390 1148 esse
3435 1083 3852 1167 descriptum.
3943 1085 4369 1170 vigilandum

2410 1166 2599 1232 nobis
2636 1164 3150 1251 diligentissime,
3186 1166 3508 1233 orandum
3545 1169 4019 1248 ardentissime,
4066 1171 4370 1237 laboran‘-

2412 1250 2698 1335 dumque
2737 1251 3116 1317 fidelissime
3151 1253 3359 1318 video.
3430 1254 3720 1320 Insidiae
3768 1255 3943 1319 enim
3979 1263 4044 1320 et
4082 1256 4372 1338 pericula.

2409 1337 2842 1404 invalescunt.

2585 1423 2736 1488 Non
2796 1422 3008 1487 nescis
3072 1421 3303 1504 procul
3362 1422 3555 1488 dubio
3600 1421 4124 1509 Magdeburgum
4184 1426 4375 1509 gravi

2413 1504 2767 1586 obsidione,
2818 1507 3085 1573 Caesare
3132 1508 3225 1572 sic
3269 1508 3554 1584 iubente,
3600 1516 3868 1591 propter
3911 1509 4201 1575 studium
4248 1532 4370 1594 pu-

2412 1613 2528 1658 rae
2587 1592 2926 1677 religionis
2979 1593 3299 1672 cinctum,
3347 1593 3448 1657 20.
3497 1592 3886 1658 Decembris
3933 1593 4211 1661 Domino
4270 1597 4371 1661 iu-

2413 1686 2614 1744 vante
2658 1678 2947 1744 solutum
2984 1677 3425 1761 triumphasse
3463 1678 3543 1742 de
3579 1678 3897 1758 hostibus,
3943 1688 4134 1763 capto
4172 1683 4372 1746 etiam

2419 1762 2685 1846 Georyio
2744 1763 2907 1828 duee
2966 1763 3564 1846 Mechelburgensi.
3666 1763 3780 1830 Sic
3838 1767 4014 1829 enim
4079 1767 4374 1832 scribunt

2413 1848 2605 1913 amici
2650 1848 3049 1931 Neroberga.
3074 1850 3129 1925 ⁸)
3198 1847 3460 1913 Interea
3494 1848 3738 1915 circum
3776 1850 3974 1916 urbes
4008 1853 4374 1915 maritimas

2412 1934 2734 1999 confluxit
2768 1933 3099 1998 exercitus
3134 1934 3426 2017 equitum
3466 1935 3727 2000 circiter
3763 1938 3932 1998 3000
3977 1941 4045 1999 et
4081 1934 4375 2018 peditum

2411 2018 2561 2101 plus
2603 2018 2826 2083 minus
2881 2022 3114 2098 16000,
3173 2019 3288 2102 qui
3330 2019 3677 2101 occupavit
3720 2020 4132 2102 episcopatus
4174 2020 4392 2096 Wer··

2413 2103 2713 2180 densem,
2773 2104 3202 2169 Bremensem
3264 2112 3330 2169 et
3373 2102 4028 2188 Magdeburgensem.
4119 2104 4376 2178 Contra

2412 2189 2590 2255 hunc
2635 2189 2842 2253 movit
2884 2209 3099 2288 nuper
3123 2190 3479 2254 Mauritius
3524 2190 3887 2255 instructus
3934 2188 4263 2256 Saxonico
4308 2197 4376 2255 et

2411 2273 2822 2340 Caesareano
2866 2274 3095 2339 milite.
3163 2275 3555 2360 Oymbricus
3596 2274 3710 2339 ille
3755 2277 4082 2341 exercitus
4118 2275 4377 2341 videtur

2410 2358 2789 2441 impediisse
2836 2359 3134 2425 Caesaris
3177 2360 3446 2425 consilia
3514 2368 3582 2423 et
3624 2368 3964 2436 conatum,
4023 2361 4377 2444 quominus

2413 2462 2550 2520 vos,
2597 2443 3166 2510 Pedemontanum
3212 2458 3278 2509 et
3311 2444 3692 2509 Helvetiam
3730 2466 3908 2512 nunc
3953 2445 4377 2530 aggrediatur

2415 2526 2877 2595 debellaturus.
2981 2530 3310 2594 Dominus
3370 2540 3592 2594 servet
3645 2551 3766 2595 nos
3830 2550 3870 2593 a
3922 2533 4113 2597 malo.
4202 2529 4373 2595 Vale

2414 2615 2481 2678 in
2527 2615 2813 2680 Domino
2857 2613 3256 2693 felicissime,
3305 2615 3567 2679 domine
3611 2627 3678 2679 et
3721 2614 3927 2680 frater
3962 2616 4372 2681 amicissime.

2415 2698 2728 2764 Salutant
2785 2706 2851 2764 te
2907 2700 3162 2765 fratres.
3255 2698 3491 2766 Saluta
3533 2699 3617 2764 D.
3671 2700 4070 2780 Genusium,
4114 2701 4199 2767 D.
4248 2700 4377 2770 Fa·

2414 2785 2643 2850 rellum
2686 2795 3002 2858 nostrum,
3049 2794 3115 2848 et
3160 2784 3323 2852 alios
3368 2785 3609 2851 fratres
3655 2805 3903 2851 omnes.
3993 2787 4223 2871 'I'iguri
4278 2790 4371 2850 19.

2414 2868 2708 2934 Ianuarii
2751 2873 2932 2934 1551.

3558 2954 3986 3039 Bullingerus
4029 2963 4201 3020 tuus.

3177 3239 3584 3248 *—

3288 3460 3488 3535 1438.

2845 3617 3201 3685 oALle
3245 3620 3309 3682 A
3354 3617 3477 3682 LE
3523 3602 3858 3683 FEVRE.
3892 3616 3943 3701 1)

2595 3788 3026 3855 Consolatione
3064 3783 3380 3854 edre-§sees
3422 3788 3466 3851 ὰ
3519 3808 3609 3852 un
3645 3787 4012 3869 prisonnier
4063 3783 4378 3851 incarcere

2405 3874 2851 4027 messalem,
2899 3879 2958 3939 et
2996 3876 3139 3939 avis
3181 3894 3268 3938 au
3312 3875 3469 3955 sajet
3512 3874 3590 3938 de
3645 3871 3937 3953 quelques
3990 3871 4246 3937 articles
4301 3871 4380 3935 de

2628 4180 2690 4249 2)
2738 4179 2971 4250 Urqme
3005 4179 3343 4247 Imperatore
3376 4178 3663 4234 concilium
3698 4191 3890 4230 revera
3912 4175 4028 4229 Gal.
4061 4174 4238 4229 Maiis
4263 4174 4383 4230 Tri-

2424 4251 2579 4307 denti
2612 4252 2982 4304 murenam
3012 4249 3142 4315 fuit,
3178 4249 3260 4304 ita
3294 4254 3475 4302 tamen
3509 4253 3570 4300 ut
3604 4248 3666 4300 in
3699 4245 3937 4299 sessione
3958 4241 4067 4297 XI.
4092 4244 4235 4298 nihil
4263 4245 4382 4310 foe·

2422 4327 2538 4375 tum
2573 4319 2649 4374 eit
2678 4324 2897 4388 praetor
2929 4316 3198 4372 decretum
3232 4317 3299 4372 de
3313 4314 3636 4371 resumendo
3669 4312 3912 4380 coneilio,
3949 4317 3999 4367 et
4032 4310 4386 4368 indictionem

2421 4388 2647 4456 timu-oe
2691 4386 2953 4442 sessionis
2999 4388 3061 4440 in
3109 4385 3225 4441 Gal.
3280 4384 3632 4465 Septembres.
3703 4381 3949 4446 (Pallae.
3995 4379 4029 4433 1.
4069 4378 4178 4435 XI.
4211 4397 4258 4436 o.
4294 4379 4383 4435 11*

2425 4456 2596 4512 mn·
2626 4457 2791 4523 symb.
2826 4455 2949 4510 eccl.
2987 4454 3126 4510 ooth.
3163 4454 3247 4509 ed.
3286 4452 3586 4518 Stremoolf
3611 4450 3685 4505 11.
3721 4448 3829 4515 62.)

2630 4524 2691 4588 3)
2730 4524 2968 4593 Propter
3038 4522 3269 4577 Interim
3329 4521 3690 4590 pertinaciter
3770 4515 4119 4586 repudiatum
4187 4517 4385 4573 civitae

2432 4591 2925 4663 Maodeburqensie
2982 4590 3190 4646 decreto
3237 4590 3324 4646 Im
3362 4590 3597 4645 oratorie
3641 4588 4002 4667 exterminato
4041 4584 4184 4666 fuit,
4235 4583 4386 4667 quod

2425 4662 2635 4730 dieunt,
2679 4666 2731 4716 et
2764 4676 2833 4715 m.
2879 4658 3179 4729 Septembre
3224 4657 3291 4713 16
3405 4657 3526 4712 dux
3565 4656 3711 4710 Geor
3747 4657 3835 4708 ius
3868 4652 4203 4736 obsidionem
4239 4669 4382 4709 serso

2423 4730 2735 4798 inchoavit,
2789 4734 2916 4799 post
2960 4729 3293 4783 velitatione
3489 4725 3608 4795 aliq
3762 4729 3971 4792 usipus
4016 4728 4386 4778 oonmuotae.

2430 4798 2588 4855 Oioee
2621 4799 2761 4855 eatis
2789 4797 3023 4866 feliciter
3057 4811 3115 4851 ee
3148 4741 3506 4877 &seneffia-2
3534 4792 3911 4875 frequentibus
3939 4791 4109 4856 factis
4142 4790 4380 4858 eruptio-

2424 4870 2589 4925 nibus
2602 4911 2618 4938 ,
2671 4868 2770 4923 ubi
2815 4866 2870 4921 d.
2915 4865 2999 4921 20.
3053 4863 3188 4920 Deo.
3234 4863 3422 4920 ducem
3467 4877 3647 4933 speum
3693 4865 3967 4930 captivum
4018 4858 4381 4914 abduoeerunt.

2440 4937 2637 4992 Verum
2671 4936 2796 4993 ideo
2830 4950 2943 4989 non
2977 4932 3387 5003 mpliarunt
3430 4938 3493 4988 ut
3526 4931 3614 4987 hio
3647 4930 3819 4996 refert
3854 4925 4079 4984 Noster.
4153 4925 4382 4984 ohsidio

2424 5011 2976 5128 adtexam
2997 5002 3326 5139 <we
3350 4998 3654 5122 ms..
3682 4998 3824 5121 N..
3864 4994 4378 5119 ⁶⁵..

2434 5139 2580 5208 1¹18.)
2663 5138 2798 5195 Vide
2830 5142 2993 5196 etiam
3031 5137 3105 5194 N.
3140 5137 3277 5193 1402
3308 5143 3359 5193 et
3394 5135 3545 5191 1413.

2430 5209 2614 5264 1488.
2647 5207 2700 5276 1)
2743 5206 2994 5265 Richard
3009 5207 3057 5262 le
3077 5204 3267 5275 Ferre,
3301 5220 3415 5262 com

2431 5277 2664 5334 inuenit
2704 5276 2800 5333 dee
2846 5292 2912 5333 ea
2943 5276 3199 5346 jeunesee
3237 5290 3348 5345 par
3392 5275 3449 5329 la
3566 5219 3639 5259 ω
3672 5202 3885 5270 omme
3901 5200 4061 5269 mnf
4089 5198 4156 5255 da
4179 5199 4380 5258 ΒΜ

3585 5287 3680 5327 ure
3724 5271 3819 5327 dee
3862 5271 4074 5409 sognies
4103 5266 4374 5328 emitum
