4900 6167
264 445 331 503 41
1914 441 2072 502 1551
2120 434 2588 505 FEBRUAR.
4163 444 4247 505 42

260 628 363 713 qui
406 645 723 693 conoerne
759 625 979 692 lordre
1012 627 1333 710 spii-ituci,
1377 626 1632 711 iespere
1667 645 1792 709 que
1825 624 1892 690 la
1925 625 2196 709 permis-

260 715 395 780 sion
437 711 573 796 quil
614 732 783 779 vous
825 732 866 777 a
905 712 1059 796 pleu
1104 711 1247 778 leur
1289 733 1373 778 en
1415 713 1579 778 faire
1620 731 1783 778 aura
1826 731 1946 777 son
1987 710 2195 776 effect.

259 798 609 876 Toutefois,
668 796 850 878 Sire,
912 799 975 864 ie
1019 819 1103 864 ne
1147 820 1254 865 me
1314 799 1466 883 puis
1528 798 1702 863 tenir
1758 795 1837 862 de
1894 817 2061 863 vous
2115 818 2198 861 en

256 887 430 968 111-101·
468 903 697 962 encor,
764 883 1077 952 soachant
1133 884 1425 952 combien
1485 884 1625 950 cela
1667 891 1768 950 est
1812 883 2196 961 necessaire,

256 991 378 1036 non
430 970 795 1036 seulement
856 989 1025 1055 pour
1073 970 1134 1037 le
1200 992 1389 1055 repos
1444 980 1512 1035 et
1552 975 2040 1035 contentement
2084 966 2199 1033 des

254 1057 408 1122 bons
445 1056 557 1139 qui
604 1055 889 1122 desirent
932 1055 1011 1121 de
1052 1058 1263 1122 servir
1306 1079 1346 1122 a
1388 1056 1597 1134 Dion,
1655 1063 1723 1121 et
1765 1055 1956 1120 vivre
1999 1054 2197 1138 paisi-

254 1142 539 1208 blement
578 1162 660 1207 en
706 1152 928 1208 vostre
971 1141 1362 1222 obeissance,
1407 1143 1572 1207 mais
1605 1142 1780 1207 aussi
1828 1161 1995 1225 pour
2029 1141 2200 1205 tenir

254 1248 330 1293 en
371 1226 558 1293 bride
602 1249 767 1313 gens
809 1228 1144 1313 vagabons
1188 1238 1256 1294 et
1290 1227 1710 1307 desbauchez‚
1756 1229 1836 1293 sil
1883 1247 1998 1292 sen
2043 1225 2196 1291 reti-

256 1314 374 1379 roit
416 1335 502 1379 en
548 1323 770 1380 vostre
812 1314 1196 1400 Royaulme.

415 1399 492 1465 Ie
536 1419 693 1484 scay
734 1400 904 1480 bien,
951 1399 1121 1479 Sire,
1165 1420 1291 1484 que
1334 1421 1495 1465 vous
1538 1420 1694 1464 avez
1729 1419 1894 1483 gens
1938 1397 2017 1463 de
2061 1416 2197 1463 sca·

254 1486 388 1551 voir
430 1486 665 1569 exquis
708 1506 749 1550 a
788 1494 1010 1552 vostre
1044 1484 1614 1552 commandement
1655 1487 1764 1567 qui
1812 1504 1977 1551 vous
2011 1504 2198 1567 pour·

252 1571 457 1636 roient
536 1571 853 1637 declairer
929 1594 1036 1638 ces
1112 1571 1339 1638 choses
1405 1572 1484 1637 de
1552 1570 1798 1638 bouche
1864 1570 2196 1653 beaucoup

252 1658 463 1722 mieux
534 1678 661 1740 que
724 1678 878 1742 moy
934 1679 1057 1741 par
1112 1657 1361 1724 lettres.
1465 1657 1669 1723 Aussi
1776 1678 1903 1722 usn
1978 1663 2195 1723 vostre

254 1743 485 1808 00110011
532 1763 695 1809 vous
734 1764 892 1808 avez
936 1765 1100 1828 gens
1144 1743 1224 1808 de
1257 1742 1589 1827 prudence
1633 1750 1700 1808 et
1785 1765 1822 1808 e
1857 1741 1993 1808 zele
2034 1763 2198 1825 pour

254 1829 575 1896 advancer
619 1836 766 1895 tout
808 1851 882 1895 ce
925 1830 1040 1913 qui
1084 1841 1185 1895 est
1226 1827 1593 1912 expedient.
1662 1829 1873 1895 Entre
1916 1827 2015 1894 les
2056 1827 2198 1892 aul-

252 1925 409 1992 tres,
476 1915 541 1980 ie
604 1936 691 1980 ne
749 1915 991 1981 doubts
1053 1935 1172 2000 pas
1234 1937 1360 1998 que
1403 1915 1744 1980 Monsieur
1807 1915 1867 1980 le
1912 1915 2060 1980 Duc
2118 1912 2198 1978 de

254 1999 621 2067 Somerset
662 2021 746 2066 ne
790 2013 999 2067 mecte
1040 2004 1232 2085 poine
1268 2002 1348 2067 de
1390 2020 1799 2085 poursuyvre
1833 2021 1906 2067 ce
1940 2021 1981 2065 a
2021 2019 2196 2084 quoy

250 2087 293 2150 il
334 2094 467 2152 sest
499 2084 884 2152 fidelement
915 2086 1213 2171 employe
1248 2088 1476 2171 iusque
1517 2087 1641 2171 icy.
1711 2086 1884 2151 Mais
1924 2087 1987 2152 ie
2021 2106 2195 2171 croy,

253 2172 412 2251 Sim,
457 2193 588 2255 que
630 2181 780 2237 tout
821 2174 962 2239 cela
1003 2174 1473 2256 nempeschera
1506 2174 1694 2256 point
1736 2193 1864 2255 que
1900 2194 1983 2238 ne
2026 2191 2198 2238 rece-

251 2259 381 2324 viez
439 2259 939 2324 humainement
995 2280 1069 2325 ce
1122 2280 1247 2340 que
1312 2281 1479 2324 vous
1521 2260 1977 2342 congnoistrez
2020 2269 2195 2324 estre

250 2342 520 2427 procede
562 2343 736 2410 dune
780 2365 1027 2410 mesme
1071 2364 1314 2410 source.

412 2433 523 2496 Au
569 2441 774 2509 reste,
819 2431 999 2512 8110,
1062 2451 1302 2513 pource
1356 2452 1484 2514 que
1541 2430 1605 2495 ie
1649 2430 1866 2495 crains
1910 2429 1991 2495 de
2035 2450 2197 2495 vous

252 2517 424 2582 avoir
482 2515 667 2581 desia
721 2537 984 2602 ennuyc
1028 2536 1149 2599 par
1201 2537 1310 2581 ma
1365 2530 1512 2600 trop
1567 2516 1814 2600 grande
1871 2515 2194 2599 prolixite,

250 2601 306 2666 ie
346 2622 511 2667 vous
555 2623 719 2687 prye
764 2623 937 2686 quen
992 2609 1130 2668 cest
1170 2602 1463 2669 endroict
1504 2622 1757 2668 comme
1800 2623 1885 2666 au
1920 2610 2092 2666 reste
2149 2601 2196 2664 il

252 2707 408 2752 vous
476 2688 687 2771 plaise
743 2709 1090 2754 mexcuser
1146 2701 1211 2752 et
1269 2688 1640 2771 pardonner
1698 2687 1778 2752 de
1818 2698 2040 2752 vostre
2084 2687 2196 2752 be-

252 2774 439 2858 nigne
485 2795 703 2859 grace,
758 2795 798 2839 a
841 2773 1120 2858 laquelle
1178 2774 1767 2839 treshumblement
1811 2775 1870 2838 ie
1920 2773 2197 2857 supplyc

256 2870 415 2923 estre
461 2860 953 2938 recommande,
1021 2880 1211 2942 apres
1265 2861 1449 2925 avoir
1489 2859 1763 2946 supplye
1806 2869 2024 2925 nostre
2070 2858 2196 2923 bon

252 2942 411 3010 Dieu
457 2953 530 3010 et
572 2966 727 3028 pere
785 2946 865 3011 ‹le
900 2965 1063 3011 vous
1104 2946 1462 3012 maintem'r
1517 2966 1599 3011 en
1645 2969 1715 3012 sa
1760 2947 2006 3012 saincte
2048 2965 2198 3029 pro-

250 3032 505 3110 motion,
551 3050 714 3096 vous
759 3031 1007 3116 guider.
1033 3051 1155 3115 par
1198 3052 1314 3098 son
1358 3034 1563 3117 esprit
1604 3041 1673 3098 et
1704 3033 1867 3097 faire
1910 3053 2035 3114 que
2079 3051 2199 3104 son

250 3136 387 3181 nom
467 3118 593 3183 soit
642 3115 724 3183 de
780 3117 929 3201 plus
995 3137 1081 3182 cn
1124 3117 1274 3201 plus
1325 3117 1576 3203 glorifie
1640 3138 1759 3200 par
1822 3137 2007 3183 vous.
2093 3116 2197 3181 Dc

251 3200 562 3269 Genefve.
591 3206 645 3281 ⁸)

1004 3464 1407 3477 .-.--..--,.---.

1125 3648 1316 3720 1445.

739 3802 1204 3872 OALVINUS
1248 3801 1711 3868 FARELLO.

416 3976 529 4042 Aa
606 3976 914 4059 synodum
990 3996 1059 4041 se
1140 3975 1340 4041 denuo
1430 3974 1800 4056 adsumi-um
1865 3973 2197 4055 promittit,

260 4060 582 4127 Honorum
638 4081 763 4162 vion
827 4066 1149 4210 εῗρηαι.
1256 4061 1449 4127 Lusci
1517 4063 1812 4126 recentem
1882 4059 2201 4142 epistolam

258 4152 311 4212 et
367 4168 525 4231 quae
581 4147 671 4212 iba
725 4147 802 4213 de
921 4147 1115 4213 orello
1184 4153 1240 4213 et
1291 4145 1538 4213 Bucero
1594 4144 1896 4210 habentur
1951 4164 2202 4210 comme-

260 4405 381 4468 lere‚
426 4422 487 4459 ac
540 4405 795 4474 quoniam
853 4404 1013 4457 multi
1059 4403 1361 4457 Germanae
1424 4403 1663 4457 nationis
1710 4401 1955 4455 homines
2002 4417 2065 4455 ao
2110 4403 2203 4456 alii

260 4475 538 4544 peregrini,
576 4474 669 4542 qui
690 4473 1065 4527 confluxerunt
1084 4480 1142 4525 et
1169 4472 1227 4525 in
1261 4473 1379 4526 dics
1412 4473 1653 4543 singulos
1688 4471 1965 4525 confluunt
1989 4470 2047 4524 in
2082 4487 2201 4541 reg·

261 4558 379 4595 1111111
415 4550 686 4606 nostrum,
733 4559 842 4596 non
887 4542 1093 4595 habent
1140 4547 1341 4593 certam
1391 4541 1573 4595 sedem
1622 4549 1679 4595 et
1724 4541 1900 4595 locum
1934 4540 1997 4592 in
2028 4556 2199 4609 regno

262 4617 438 4665 nostro
471 4611 564 4665 11111
602 4617 902 4664 conventus
946 4625 1072 4662 suos
1119 4609 1394 4662 celebrare
1432 4609 1615 4663 valent
1652 4649 1665 4662 .
1705 4649 1720 4665 .
1755 4651 1766 4662 .
1806 4648 1817 4660 .
1854 4609 2198 4663 concedimus

264 4680 397 4746 quod
430 4682 500 4735 sit
534 4696 688 4733 sacra
724 4680 884 4733 aedes
920 4680 976 4731 in
1014 4675 1235 4731 civitate
1270 4685 1459 4733 nostra
1478 4678 1828 4741 Londinensi,
1866 4694 2005 4744 quac
2042 4693 2196 4731 voca-

262 4747 401 4801 bitur
434 4749 695 4818 templum
730 4749 794 4801 D.
832 4749 984 4812 Iesu,
1030 4746 1124 4800 ubi
1159 4748 1505 4814 congregatio
1553 4755 1611 4799 ct
1645 4751 1942 4799 conventus
1977 4745 2197 4800 Germa·

263 4833 443 4870 norum
478 4831 534 4871 et
569 4817 799 4871 aliorum
847 4817 1253 4887 peregrinorum
1305 4814 1423 4866 fleri
1471 4820 1529 4868 et
1574 4813 1838 4868 celebrari
1892 4814 2080 4881 possit,
2133 4830 2199 4867 ea

262 4885 553 4941 intentione
590 4892 649 4940 et
682 4886 967 4956 proposito
1000 4892 1066 4939 ut
1101 4901 1135 4937 a
1166 4882 1431 4935 ministris
1471 4883 1739 4952 evangelii
1774 4883 2084 4951 incorrupta
2118 4882 2197 4934 in-

264 4957 594 5024 terpretatio,
630 4961 689 5009 et
722 4961 1185 5008 sacramentorum
1212 4950 1364 5004 iuxta
1387 4953 1612 5006 verbum
1632 4952 1733 5004 Dei
1770 4959 1827 5004 et
1847 4951 2195 5020 apostolicam

266 5024 685 5079 observationem
719 5023 1122 5079 administratio
1168 5023 1280 5075 fiat.
1360 5021 1440 5073 Ao
1486 5020 1745 5090 templum
1792 5020 1926 5074 illud
1973 5019 2040 5074 de
2089 5035 2196 5073 uno

265 5094 733 5160 superintendentc
770 5101 827 5146 et
862 5101 1097 5161 quatuor
1131 5090 1285 5145 verbi
1322 5089 1587 5143 ministris
1623 5090 1705 5142 eri
1745 5090 1880 5143 'mus
1913 5093 2001 5143 etc.
2039 5088 2197 5154 (Bur-

267 5169 365 5225 nst‚
401 5161 523 5218 hist.
559 5161 655 5215 ref.
678 5161 822 5231 angl.
842 5160 975 5215 Gen.
1004 5159 1155 5214 1689.
1191 5160 1339 5213 Part.
1360 5158 1431 5212 11.
1453 5157 1672 5212 Docum.
1744 5157 1774 5210 1
1794 5175 1847 5228 p.
1869 5156 1983 5211 120.
2042 5156 2197 5212 Gom-

264 5243 422 5295 parez
458 5230 530 5286 N.
568 5228 704 5284 1399
738 5238 830 5285 ote.
904 5229 1105 5312 Strype
1136 5229 1169 5283 1.
1206 5245 1247 5283 0.
1282 5227 1366 5282 ch.
1404 5225 1475 5281 22
1508 5233 1559 5281 et
1590 5227 1727 5280 suiv.
1803 5266 1815 5279 .
1849 5223 1990 5293 338.)

458 5297 515 5365 8)
563 5297 681 5353 Une
711 5308 871 5353 autre
902 5314 1055 5352 mana
1101 5313 1136 5350 a
1182 5296 1366 5363 ajout&
1398 5296 1616 5350 Ianvier
1652 5293 1754 5349 155
1791 5334 1803 5348 .
1876 5295 2034 5350 Nous
2070 5310 2197 5363 sup·

266 5378 454 5431 poma
488 5383 589 5438 que
623 5373 754 5424 cette
786 5366 934 5423 lettre
980 5383 1016 5422 a
1049 5364 1132 5421 έιέ
1172 5363 1337 5421 e'crite
1380 5366 1541 5433 apres
1576 5365 1632 5420 la
1674 5363 1900 5419 seconde
1931 5360 2198 5421 addicam.

2304 627 2411 693 (Ex
2455 643 2524 679 au
2719 624 2792 680 110
2824 627 2954 680 eod.
2991 626 3192 682 Gsnev.
3235 624 3376 679 107⁸.
3422 626 3514 681 fol.
3548 623 3619 680 42
3652 627 3772 682 coll.
3805 642 3924 682 cum
3960 626 4092 682 Ood.
4131 627 4248 695 111,

2477 695 2566 750 fol.
2604 694 2668 749 24
2708 736 2722 762 ,
2760 695 2898 765 Epp.
2936 696 3098 752 Bern.
3135 695 3223 750 v1.
3260 712 3312 764 p.
3348 693 3419 749 80
3452 705 3509 749 et
3542 694 3754 751 Simleri
3789 697 3909 751 Vol.
3948 695 4058 762 ¹24.)

2471 866 2739 932 Eximio
2794 864 3046 933 Christi
3102 867 3255 932 Iesu
3319 887 3509 932 servo
3574 867 3931 935 Guillelmo
3985 869 4249 936 Farello

2300 953 2760 1018 Neocomensis
2806 951 3114 1017 ecclesiae
3156 952 3537 1020 fidelissimo
3572 955 3814 1035 pastori
3856 955 4040 1019 fratri
4085 955 4253 1020 mihi

2300 1039 2639 1104 carissimo
2684 1051 2751 1102 et
2794 1038 3223 1104 observando.
3359 1043 3365 1050 ‘

2473 1175 2576 1238 Ex
2636 1174 2843 1238 literis
2899 1195 3057 1257 quas
3114 1197 3231 1258 per
3277 1174 3692 1240 Fomelletum
3716 1178 3767 1259 ¹)
3823 1178 4037 1261 accepi
4096 1177 4253 1242 sim-

2346 1260 2556 1324 licitcr
2600 1260 3048 1324 intellexeram
3109 1260 3276 1325 diem
3325 1261 3558 1346 synodi
3603 1260 3970 1328 condictum
4016 1265 4252 1344 esse.‘²)

2299 1283 2496 1412 {Iunc
2539 1359 2844 1428 tanquam
2906 1346 2984 1410 de
3049 1368 3120 1411 re
3183 1345 3394 1413 adhuc
3440 1349 3698 1432 integra
3750 1357 3817 1411 et
3861 1348 4055 1414 dubia
4099 1370 4251 1414 con-

2302 1432 2529 1497 sultus,
2621 1432 2763 1516 Ego
2804 1453 2962 1496 vcro
3008 1432 3177 1497 diem
3224 1432 3444 1511 illum,
3490 1435 3544 1499 si
3589 1434 3756 1499 1111111
3805 1436 3955 1499 novi
4002 1433 4250 1501 accide-

2303 1519 2407 1596 rit,
2455 1518 2618 1582 mihi
2666 1521 2801 1581 sore
2845 1517 3444 1584 commodissimum
3492 1540 3700 1602 spero.
3790 1520 3959 1585 Nam
4008 1521 4062 1585 si
4109 1520 4254 1585 lon-

2299 1604 2448 1688 gius
2506 1613 2892 1688 prorogetur
2955 1624 3190 1672 coenae
3256 1605 3708 1689 propinquitas
3760 1627 3867 1671 me
3921 1605 4250 1690 impediet.

2299 1691 2409 1754 An
2455 1709 2873 1773 quaecunque
2920 1689 3187 1774 attingis
3230 1691 3298 1755 in
3344 1689 3593 1776 synodo
3627 1700 3912 1758 tractare
3949 1691 4254 1775 expediet

2299 1786 2477 1841 certo
2516 1774 2806 1841 nondum
2855 1782 3144 1841 statuere
3190 1774 3410 1840 audeO.
3500 1776 3720 1842 Velim
3767 1797 3923 1862 ergo
3967 1776 4252 1842 mediam
4331 1791 4339 1797 '

2298 1884 2339 1927 a
2382 1861 2574 1928 vobis
2621 1862 2829 1927 teneri
2876 1861 3215 1926 rationem.
3304 1862 3457 1927 Duo
3494 1863 3666 1927 enim
3712 1863 3815 1928 vel
3863 1863 3994 1929 tria
4036 1864 4252 1948 capita

2300 1948 2623 2032 praefecto
2678 1958 2745 2013 ct
2811 1946 3065 2014 civibus
3110 1949 3166 2013 si
3209 1948 3541 2032 proposita
3585 1949 3858 2028 fuerint,
3920 1969 4049 2014 non
4106 1948 4253 2015 ideo

2299 2032 2606 2116 adempta
2648 2034 2774 2098 erit
2817 2034 2885 2098 in
2932 2033 3201 2116 reliquis
3246 2032 3527 2100 libertas.
3591 2035 3734 2100 Etsi
3780 2035 3906 2101 iam
3953 2035 4076 2101 hoc
4122 2035 4251 2101 fac-

2298 2128 2440 2184 tum
2481 2140 2624 2184 esse
2666 2120 2986 2186 existimo,

2473 2202 2810 2285 Quorsum
2875 2204 3112 2271 fratres
3166 2207 3277 2290 qui
3323 2206 3613 2271 Bernum
3671 2206 4252 2290 proficiscebantur

2299 2311 2448 2356 cum
2497 2290 2756 2357 Hallero
2791 2291 3078 2376 egerint,
3127 2314 3254 2357 non
3301 2312 3630 2376 assequor,
3675 2293 3801 2358 nisi
3847 2304 3923 2358 ut
3964 2294 4103 2377 ipse
4148 2294 4249 2357 in-

2298 2378 2503 2442 tersit.
2594 2375 2788 2459 Quod
2831 2375 3093 2461 quidem
3152 2378 3573 2444 utilissimum
3621 2378 3814 2457 foret,
3863 2378 3978 2444 sed
4023 2400 4253 2445 vercor

2299 2484 2382 2527 110
2438 2464 2524 2528 sit.
2587 2465 2940 2546 impetratu
3009 2462 3289 2531 difficile.
3312 2462 3368 2549 ⁸)
3471 2465 3701 2547 Neque
3768 2465 3940 2530 enim
4020 2475 4251 2548 sponte

2300 2546 2565 2614 audebit
2604 2559 2672 2614 et
2714 2559 2981 2615 senatus
3023 2551 3138 2615 vix
3184 2548 3508 2616 concedet.
3586 2549 3773 2615 Nosti
3810 2552 3983 2616 enim
4029 2571 4251 2617 caecas

2300 2644 2367 2699 et
2408 2647 2859 2717 praeposteras
2896 2636 3248 2701 multorum
3288 2634 3709 2718 suspiciones.
3798 2637 4089 2702 Tametsi
4136 2635 4249 2702 ad-

2302 2721 2431 2785 huc
2499 2720 2766 2804 longum
2825 2733 3030 2787 restat
3083 2735 3365 2804 tempus,
3437 2722 3605 2786 mihi
3664 2731 3882 2789 tamen
3940 2722 4251 2805 quodam-

2300 2804 2493 2870 modo
2539 2807 2666 2870 iam
2717 2806 2939 2870 videor
2982 2817 3196 2872 tecum
3242 2828 3399 2873 esse.
3489 2807 3710 2873 Velim
3756 2819 3832 2874 ut
3875 2810 4036 2874 haec
4076 2808 4252 2892 cogi-

2302 2892 2463 2957 tatio
2509 2891 2900 2956 brevitatem
2943 2914 3154 2957 meam
3202 2908 3482 2959 excuset.

2476 2977 2650 3059 Quia
2671 2977 2899 3042 literae
2923 2998 3103 3042 meae
3128 2978 3545 3057 intercidunt,
3590 2978 3923 3043 Nicolaum
3957 3000 4178 3044 meum
4196 2982 4250 3062 ⁴)

2302 3065 2373 3128 in
2416 3064 2728 3148 Angliam
2774 3064 3031 3127 mittere
3095 3065 3297 3128 statui
3401 3066 3467 3128 ui
3513 3073 3823 3146 utrosque
3862 3064 4030 3148 Regi
4079 3085 4251 3130 com-

2303 3150 2660 3214 mentarios
2705 3149 2952 3214 offerat.
3021 3146 3096 3213 Si
3142 3148 3297 3232 quid
3387 3170 3567 3215 acero
3611 3149 3893 3215 scribere
3929 3151 3996 3213 in
4034 3150 4252 3215 animo

2305 3235 2538 3313 habes,
2596 3236 2696 3301 fac
2740 3243 2815 3299 ut
2859 3242 3012 3300 ante
3051 3233 3191 3299 dies
3235 3233 3722 3318 quatuordecim
3768 3232 3850 3299 ad
3892 3257 3999 3301 me
4041 3237 4253 3319 perfe-

2304 3330 2511 3386 ratur.
2598 3321 2880 3386 Ioannes
2926 3342 2966 3386 a
3012 3319 3213 3386 Lusco
3256 3342 3467 3404 nuper
3521 3330 3587 3387 te
3633 3320 3910 3386 salutari
3953 3321 4252 3405 iussit,³)

2307 3415 2599 3473 veterem
2642 3406 2945 3490 colloquii
3009 3408 3391 3472 memoriam
3448 3426 3780 3473 renovans
3823 3406 3996 3491 quod
4038 3417 4257 3473 tecum

2306 3493 2606 3560 Basilcae
2658 3492 2918 3571 habuit,
2989 3514 3190 3575 quum
3249 3491 3423 3575 apud
3484 3491 3830 3558 Erasmum
3887 3490 4169 3577 degeret.
4197 3494 4254 3574 ⁰)

2305 3579 2453 3663 Ego
2509 3578 2780 3661 perinde
2840 3600 2915 3644 ac
2974 3579 3031 3644 si
3088 3578 3468 3644 mandasses
3527 3576 3878 3663 diligenter
3935 3599 4256 3661 exsequar
4339 3633 4344 3642 .

2306 3664 2476 3749 quod
2520 3676 2586 3729 te
2631 3662 2800 3730 velle
2843 3665 2993 3732 scio.
3081 3663 3190 3729 llli
3243 3665 3535 3730 nondum
3592 3665 3761 3730 bene
3816 3685 3963 3729 cum
4009 3663 4258 3730 Bucero

2304 3751 2652 3816 convenire
2695 3757 2980 3834 apparet.
3002 3751 3056 3824 ⁷)
3148 3747 3278 3814 Nec
3324 3771 3479 3815 vero
3522 3749 3665 3835 ipse
3706 3749 4091 3816 dissimulat.
4164 3750 4255 3815 Et

2305 3835 2464 3920 quid
2509 3836 2754 3900 mirum
2798 3835 2854 3901 si
2892 3856 2931 3901 a
2975 3834 3221 3902 Buoero
3257 3835 3595 3916 dissentit,
3642 3856 3845 3918 quum
3888 3845 4113 3902 nostra
4155 3835 4253 3900 illi

2305 3921 2653 3987 concordia
2717 3942 2847 3986 non
2903 3921 3255 4005 probetur?
3349 3919 3716 3988 Subscribit
3783 3920 4076 4005 quidem,
4137 3918 4254 3987 sed

2304 4005 2504 4072 vellet
2567 4006 2890 4089 quaedam
2955 4007 3025 4072 in
3092 4007 3276 4089 peius
3328 4014 3597 4072 mutata.
3699 4006 3963 4072 Interea
4034 4019 4254 4073 tamen

2305 4100 2526 4176 sperat
2583 4092 2764 4158 brevi
2811 4113 3220 4158 communem
3289 4093 3369 4157 ab
3425 4092 3505 4156 iis
3563 4092 3672 4176 qui
3718 4094 3789 4156 in
3832 4093 4081 4177 Anglia
4124 4091 4254 4159 dis-

2302 4178 2601 4244 sentiunt
2652 4179 3118 4243 confessionem
3174 4177 3519 4243 exituram.
3548 4182 3601 4256 ⁸)
3702 4177 3901 4244 Illum
3962 4190 4028 4244 et
4092 4178 4256 4244 alios

2302 4400 2486 4456 1445.
2512 4400 2570 4461 1)
2612 4399 2685 4454 N.
2724 4397 2875 4453 1430.

2507 4469 2566 4534 2)
2611 4469 2888 4550 Celebrata
2919 4468 3031 4534 fluit
3076 4467 3128 4522 d.
3164 4466 3214 4522 4.
3256 4467 3461 4523 Martii
3501 4470 3882 4537 praesentibus
3935 4469 4163 4524 Calvino
4206 4473 4258 4523 et

2314 4539 2510 4593 Vir-eto.
2584 4537 2843 4599 (Ktrchh.
2883 4536 3066 4591 lv’arel.
3105 4536 3346 4618 112104.
3414 4606 3427 4620 .

2507 4606 2569 4740 2433
2607 4605 3016 4756 {afflat-gneo„
3050 4606 3249 4670 adsint.
3321 4611 3337 4671 (
3401 4605 3570 4661 walth.
3608 4607 3740 4714 171.)

2507 4743 2569 4809 5)
2604 4759 2764 4799 cutus
2797 4743 2986 4797 laterae
3021 4758 3131 4798 non
3166 4748 3396 4797 exstant.

2300 4881 2356 4935 ei
2381 4813 2572 4949 pontid
2605 4812 3518 4936 ῗιῖἳῗοιῖἠέιῗῖιαιὲιῗαειοωσῖζιῗῶξι
3540 4812 3975 4938 83180810ῗὲ52ὅὸ
3984 4812 4260 4949 131¹?ng

2299 4949 2564 5071 &av-'tela
2603 4951 2797 5030 Lusco,
2837 4949 2989 5016 Eleas.
3026 4948 3168 5030 186c
3194 4967 3249 5017 p.
3286 4948 3335 5002 5.
3373 4948 3451 5016 9.)
3488 4948 3747 5005 Fau-ellus
3781 4969 3834 5005 a.
3866 4948 3996 5003 1524
4031 4955 4082 5029 st
4117 4947 4253 5004 1526

2356 5020 2558 5073 astleae
2585 5019 2712 5085 fuet.
2785 5018 3049 5072 Fortasse
3094 5023 3252 5072 ettam
3293 5015 3426 5071 1525
3460 5035 3624 5088 quum
3663 5017 4084 5088 Monbelqardta
4128 5019 4251 5088 pul—

2300 5103 2397 5141 WS
2431 5088 2856 5237 quffffseffiss
2882 5087 3264 5211 ‹figitiva-⁶33⁰
3282 5154 3396 5211 Gal.
3434 5155 3643 5211 Martii
3655 5199 3668 5224 ,
3701 5156 3870 5277 frius
3908 5170 4035 5209 uam
4071 5155 4253 5212 Lusco

2298 5226 2595 5350 cLo‘vztscileitaIr-Iz.
2633 5231 2890 5415 ξῖἑῖηι.
2970 5171 3085 5292 (Of.
3135 5223 3355 5280 Bamls
3405 5225 3438 5279 1.
3485 5225 3516 5280 1.
3559 5242 3615 5294 p.
3661 5225 3696 5278 4
3737 5263 3750 5277 .
3890 5239 4064 5294 uyper
4112 5225 4250 5295 Opp.

2502 5361 2555 5422 8)
2597 5362 2670 5417 N.
2713 5364 2730 5414 1
2777 5362 2858 5416 32.
