4900 6167
628 415 710 476 55
2130 404 2659 474 EPIS'POLAE
2710 408 3129 470 1453—1453
3222 453 3226 460 .
4559 407 4638 468 56

622 600 807 662 tione
867 599 1425 662 sacramentorum
1487 604 1554 658 et
1610 595 1678 657 in
1740 592 1884 658 aliis
1928 593 2111 660 locis.
2197 591 2368 657 Nam
2414 612 2585 675 quae

626 681 791 748 olim
838 679 1234 747 admonebas
1290 677 1674 762 quibusdam
1733 679 1894 744 viris
1951 678 2134 744 bonis
2180 677 2588 761 displicitura

608 768 850 844 -omisi,
918 779 984 831 et
1037 775 1113 831 ut
1168 765 1387 832 omnia
1429 773 1694 829 nostrae
1736 764 2173 830 Consensioni
2217 771 2586 847 congruant

624 873 888 919 summa
931 850 1274 934 diligentia
1315 851 1538 917 curavi
1583 862 1704 915 etc.

799 935 1169 1002 Exauditur
1212 938 1342 1001 iam
1383 935 1557 1018 apud
1602 955 1724 1000 nos
1773 935 2163 1012 Consensio,
2219 934 2404 1000 cuius
2446 934 2582 1017 pri-

625 1044 810 1087 mum
868 1022 1094 1087 folium
1147 1020 1437 1086 nondum
1507 1020 1879 1085 absolutum
1948 1018 2053 1086 hie
2112 1020 2229 1086 tibi
2293 1021 2504 1085 mitto.
2527 1024 2582 1096 ²)

626 1107 1057 1192 Imprimetur
1121 1117 1187 1171 et
1259 1106 1638 1191 germanica
1688 1106 1916 1190 lingua
1973 1103 2243 1170 reddita.
2349 1103 2582 1170 Adieoi

627 1193 732 1258 his
792 1214 954 1275 quae
1016 1192 1238 1274 accepi
1296 1214 1335 1256 a
1384 1192 1463 1256 D.
1529 1191 1833 1275 Veryeria
1854 1193 1908 1267 ³)
2020 1189 2417 1273 Exemplum
2485 1211 2583 1255 re-

625 1278 866 1354 mittes,
911 1276 1234 1359 siquidem
1278 1276 1615 1342 commode
1659 1276 1918 1361 poteris.
2008 1274 2352 1354 Rescribe,
2395 1276 2582 1341 obae-

623 1382 751 1441 cro,
798 1372 1067 1427 mature.
1162 1366 1379 1445 Aegre
1421 1364 1594 1426 enim
1638 1363 1770 1427 tuis
1813 1382 2001 1427 careo
2036 1369 2172 1426 tam
2219 1359 2346 1425 diu.
2439 1359 2580 1427 Sub

622 1449 825 1512 finem
896 1448 1215 1513 sermonis
1283 1447 1362 1513 de
1428 1468 1631 1513 coena
1700 1447 1831 1512 tuis
1903 1468 1985 1511 ex
2043 1445 2581 1512 Institutionibus

624 1530 841 1598 verbis
879 1547 1054 1611 utor,
1118 1543 1190 1598 ut
1231 1552 1455 1598 omnes
1514 1532 1786 1597 videant
1830 1531 2020 1596 nobis
2063 1531 2414 1597 convenire
2460 1540 2578 1596 etc.

798 1616 1020 1683 Foeda
1077 1639 1116 1682 a
1184 1619 1424 1683 nostris
1487 1618 1657 1683 facta
1724 1627 1827 1683 est
1899 1617 2106 1683 cessio
2162 1618 2230 1681 in
2295 1616 2580 1682 comitiis

622 1705 1050 1786 Augustanis.
1153 1702 1572 1786 Receperunt
1627 1702 1971 1769 concilium
2041 1701 2203 1768 illud
2271 1702 2581 1785 impiissi-

621 1810 803 1854 mum
862 1787 1339 1853 Tridentinum.
1366 1793 1419 1862 ⁴)
1508 1786 1645 1854 Soli
1707 1788 2096 1854 Mauritiani
2152 1789 2368 1853 nescio
2425 1785 2581 1869 quid

624 1875 1068 1940 intercessere.
1138 1873 1271 1938 Iam
1317 1874 1521 1956 igitur
1564 1874 1782 1954 agitur
1826 1873 1906 1938 de
1950 1872 2370 1939 subiiciendis
2414 1871 2578 1937 Hel-

623 1959 818 2025 vetiis
861 1970 927 2024 et
971 1960 1224 2044 Anglis.
1315 1957 1391 2025 Si
1437 1979 1724 2042 unquam
1771 1980 1889 2042 pro
1946 1959 2184 2041 pietate
2229 1957 2582 2024 asserenda

622 2044 866 2127 aliquid
912 2045 1183 2110 fecimus
1232 2056 1547 2128 operante
1592 2066 1708 2126 per
1752 2065 1871 2109 nos
1916 2044 2233 2122 Domino,
2289 2044 2422 2108 iam
2469 2040 2579 2107 de-

620 2150 804 2193 mum
849 2129 1135 2195 orandus
1179 2142 1281 2196 est
1316 2152 1398 2195 ne
1434 2129 1620 2196 nobis
1665 2128 1853 2208 desit,
1899 2140 1966 2194 et
2005 2139 2078 2193 ut
2114 2129 2371 2193 fortiter
2411 2149 2579 2212 pug-

623 2235 856 2279 nemus
900 2237 1016 2298 pro
1059 2216 1266 2299 gloria
1308 2215 1558 2281 Christi
1604 2213 2033 2298 redemptoris
2088 2230 2152 2280 et
2208 2235 2328 2298 pro
2373 2213 2578 2279 eccle-

620 2299 734 2364 siis
792 2313 1055 2366 nostrae
1127 2300 1280 2365 fidei
1348 2301 1730 2366 commissis.
1839 2300 2022 2365 Vale.
2140 2299 2581 2366 Festinantis-

620 2385 785 2450 sime
844 2386 1094 2469 scripsi.
1182 2389 1282 2449 27.
1329 2386 1675 2452 Februarii
1740 2391 1919 2450 1551.
2010 2384 2417 2451 commenda
2472 2404 2580 2449 me

622 2470 706 2534 D.
754 2491 796 2533 a
843 2469 1245 2554 Buryundia.

1766 2555 2196 2640 Bullingerus
2235 2565 2405 2646 tuus.

799 2723 1041 2790 Salvus
1096 2725 1184 2788 sit
1243 2725 1606 2804 Gallasiuc,
1668 2726 1965 2792 Farezzus

619 2810 942 2894 inprimis,
988 2821 1056 2875 et
1097 2830 1325 2877 omnes
1370 2809 1539 2876 boui.

1495 3321 1683 3391 1454.

1100 3449 1609 3525 WOLPHIUS
1653 3455 2128 3524 HALLERO.

790 3628 892 3696 De
934 3630 1168 3713 neyotio
1206 3629 1434 3711 t'ratris
1475 3629 1581 3694 sui
1625 3629 1798 3710 apud
1846 3627 2180 3695 Calvinum
2212 3635 2569 3710 procurato.

622 3793 733 3863 (Ex
781 3799 1092 3919 apographo
1139 3799 1297 3880 Bibl3
1331 3798 1533 3880 civicae
1579 3799 1757 3852 Turio.
1808 3799 1865 3852 F.
1911 3798 2006 3882 :²¹2
2056 3799 2184 3881 olim
2320 3815 2374 3867 p.
2417 3800 2572 3854 Tom.

852 3868 895 3920 1.
936 3869 1102 3921 Arch.
1142 3867 1454 3936 Hottmgeri
1490 3867 1580 3921 fol.
1616 3866 1733 3920 314.
1780 3897 1838 3907 —
1875 3868 2090 3923 Simleri
2127 3868 2251 3922 Vol.
2322 3866 2400 3932 4.)

791 4037 882 4101 Io.
948 4036 1301 4120 Wolphius
1343 4039 1703 4122 'Digni-inus
1756 4039 1850 4104 Io.
1898 4037 2170 4105 Hallero
2213 4038 2572 4105 Bernensis

615 4122 926 4189 eeclesiae
969 4123 1270 4188 ministro
1316 4122 1385 4190 S.
1433 4125 1507 4189 P.

787 4259 935 4323 Etsi
990 4258 1153 4323 mihi
1211 4257 1481 4323 dubium
1526 4280 1865 4342 nunquam
1924 4261 2051 4325 fuit
2105 4261 2264 4343 quin
2334 4261 2449 4327 abs
2505 4271 2571 4325 te

614 4364 1028 4427 summopere
1071 4344 1409 4428 diligeret.
1472 4354 1696 4409 tamen
1743 4353 1812 4409 et
1855 4367 1931 4410 ea
1974 4365 2141 4429 quae
2187 4367 2333 4411 mea
2372 4368 2572 4413 causa

817 4545 875 4615 2)
928 4546 1060 4601 Vide
1096 4547 1344 4616 Proleqq.
1388 4547 1446 4601 T.
1486 4548 1607 4605 VII.
1641 4565 1697 4617 p.
1733 4548 1817 4603 52.
1897 4549 2228 4605 Genevmio
2273 4550 2443 4606 editio
2491 4567 2568 4607 ⁸0-

616 4623 787 4687 qanta
824 4621 902 4669 eat
938 4614 985 4670 7.
1028 4617 1140 4671 Gal.
1177 4618 1315 4685 Apr.

818 4682 880 4751 3)
915 4682 1049 4738 Non
1097 4701 1265 4739 unum
1313 4685 1547 4740 libellum
1592 4687 1692 4741 hoc
1736 4693 1967 4754 tempore
2014 4687 2301 4757 Veryeriua
2341 4689 2572 4757 prodire

612 4749 1035 4877 ξῖιεεὲεὼωρικω
1088 4755 1261 4823 iyitur
1306 4755 1650 4823 potissimum
1707 4755 1797 4810 hic
1848 4755 2138 4824 caeiqnificet,
2196 4756 2350 4811 haud
2403 4756 2572 4823 facilc

817 4888 878 4950 4)
923 4886 1083 4957 Quod
1115 4889 1376 4945 hactenus
1408 4905 1592 4944 emm
1625 4891 1737 4954 fuit
1758 4899 2026 4961 quatenus
2044 4892 2326 4961 principes
2359 4895 2441 4947 al·
2511 4900 2570 4949 ot

609 4965 663 5010 et
696 4960 941 5012 deitates
979 4958 1177 5013 Gau-olo
1213 4959 1551 5026 Imperatori
1582 4961 1767 5014 statim
1802 4961 1872 5015 ab
1907 4962 2067 5015 initio
2100 4968 2162 5016 ut
2196 4964 2404 5031 legatos
2539 4966 2547 4976 '

610 5026 827 5080 dentum
866 5029 1133 5081 mitterent
1176 5028 1484 5095 flagitanti,
1538 5029 1600 5081 id
1646 5030 1826 5097 ipsum
1864 5043 1920 5081 se
1952 5030 2202 5094 facturos
2236 5037 2569 5098 receperunt,

606 5098 861 5164 quamvis
894 5097 1036 5163 ipsis
1069 5096 1219 5149 nullo
1253 5096 1413 5150 nodo
1446 5103 1593 5150 certa
1624 5098 1796 5163 faerit
1824 5101 1981 5162 sacta
2010 5100 2320 5167 promissio,
2350 5099 2477 5165 fore
2508 5104 2572 5155 ut

606 5163 833 5217 articuli
876 5166 988 5217 iam
1038 5163 1254 5230 definiti
1297 5180 1495 5218 rursus
1553 5167 1933 5221 deliberationi
1977 5167 2388 5222 nabiicerenucr.
2472 5167 2568 5222 Ita

604 5245 889 5354 ffimsssse
923 5232 1159 5356 ἀὶἰιὲᾓεέ
1161 5234 1664 5358 “geennom-1223
1774 5236 1786 5248 ⁰
1813 5301 1882 5357 92
1897 5235 2011 5371 3⁸⁶¹
2039 5241 2306 5303 pomam·
2367 5239 2415 5301 (A
2504 5239 2516 5250 ι
2553 5276 2566 5289 ’

2691 591 2865 676 apud
2915 588 3250 657 Calvinum
3293 612 3410 674 pro
3456 590 3797 658 Heinricho
3841 591 4043 658 fratre
4087 590 4298 676 egisti,
4324 595 4372 668 ¹)
4418 601 4481 658 et
4526 611 4641 658 eae

2689 677 2918 743 literae
2961 686 3145 756 tuae,
3201 698 3364 759 quas
3410 677 3526 742 abs
3571 686 3636 742 te
3679 686 3909 760 quarto
3949 676 4174 743 Nonas
4217 677 4411 743 Febr.
4455 677 4642 743 datas

2689 784 2810 846 ego
2852 761 3099 829 decimo
3143 771 3331 828 sexto
3378 760 3516 828 Oal.
3554 762 3781 828 Martii
3817 764 4054 846 accepi,
4074 763 4131 848 ²)
4177 762 4435 846 planius
4480 763 4644 828 mihi

2687 847 3134 927 ostenderunt,
3170 848 3291 914 tibi
3333 869 3474 914 esse
3518 846 3700 914 cordi
3744 857 3811 914 et
3843 848 4121 914 salutem
4155 857 4224 914 et
4259 848 4642 933 dignitatem

2687 954 2920 999 meam.
3011 933 3243 1016 Itaque
3301 934 3461 999 scito
3499 935 3629 998 tuis
3671 934 3832 998 mihi
3882 934 4091 999 literis
4136 932 4305 999 nihil
4348 933 4644 1000 accidere

2685 1019 2974 1103 potuisse
3030 1021 3344 1103 optatius:
3413 1040 3534 1084 uec
3594 1019 3804 1084 solum
3868 1041 3952 1085 ex
4015 1041 4096 1085 ea
4147 1027 4332 1102 parte
4389 1041 4521 1103 qua
4576 1031 4643 1085 te

2686 1125 2839 1170 cum
2883 1104 3016 1169 tuis
3052 1104 3217 1169 belle
3252 1102 3475 1170 valere
3508 1105 3803 1188 cognovi,
3849 1104 3963 1171 sed
4008 1107 4205 1171 etiam
4241 1125 4325 1170 ex
4360 1125 4436 1170 eo
4471 1104 4642 1188 quod

2688 1189 2910 1256 videre
2969 1186 3197 1255 videor
3254 1190 3326 1253 in
3390 1189 3521 1254 illis
3576 1211 3957 1273 expressam
4001 1190 4357 1275 imaginem
4402 1191 4644 1256 amoris

2687 1296 2846 1360 erga
2900 1296 3005 1340 me
3063 1277 3158 1340 tui
3226 1274 3686 1358 perpulchram
3743 1297 3985 1360 perque
4041 1276 4380 1342 illustrem.
4427 1312 4514 1324 —
4559 1313 4644 1324 ——

2685 1396 2771 1407 —
2819 1397 2898 1408 ·-
2946 1396 3026 1406 —
3074 1398 3154 1407 —
3201 1361 3434 1444 Tiguri
3486 1365 3666 1425 1551.

3455 1653 3864 1664 ———————-

3567 1870 3751 1939 1455.

3139 2007 3242 2071 VI
3253 2007 3547 2074 RETUS
3596 2007 3998 2074 RUMLAN
4004 2007 4183 2075 (310.

2859 2177 3111 2245 calvini
3190 2180 3536 2244 novissima
3601 2199 3790 2260 opera
3856 2184 3911 2243 et
3992 2179 4295 2260 opuscula
4356 2186 4639 2259 recenset,

2676 2270 2852 2347 peste
2874 2264 3202 2328 liberatam
3226 2264 3644 2330 Lausannam
3686 2266 3961 2341 nunciat,
3999 2285 4343 2346 pauperem
4368 2265 4646 2348 aliquem

2682 2352 2947 2433 fratrem
2988 2350 3385 2415 commendat.

2687 2520 3038 2589 (Reperimus
3073 2536 3159 2588 ap.
3199 2518 3484 2573 Simlerum
3524 2520 3647 2573 Vol.
3687 2518 3755 2573 74
3789 2522 3882 2590 qui
3919 2536 4036 2574 eam
4074 2537 4140 2573 ex
4177 2521 4513 2591 autographo
4548 2522 4643 2576 de·

2686 2589 2968 2658 scripsisse
3016 2587 3251 2641 affirmat
3295 2605 3379 2657 ap.
3436 2587 4154 2722 soggxssaegfhefflogum
4193 2590 4519 2660 Rementem
4556 2607 4644 2644 aa·

2851 2826 3293 2893 ornatissimo
3336 2827 3482 2892 viro
3526 2826 3609 2890 D.
3656 2826 3955 2893 Ebrardo
3999 2828 4404 2913 Rumlangio
4448 2849 4641 2895 sano-

2686 2921 2793 2979 tae
2836 2913 3206 2996 theologiae
3250 2912 3599 2995 professori
3659 2914 3899 2978 eximio
3943 2916 4131 2980 fratri
4175 2924 4242 2979 et
4284 2915 4493 2981 amico
4536 2916 4643 2980 in-

2684 2998 3057 3084 tegerrimo.

4186 3086 4463 3152 Bernae.

2855 3219 2925 3286 S.
2995 3219 3272 3303 Rogasti
3317 3217 3665 3301 aliquando
3708 3227 3780 3283 ut
3824 3229 3890 3285 te
3927 3219 4342 3287 admonerem
4388 3223 4443 3288 si
4479 3223 4642 3306 quid

2679 3304 3213 3374 lucubrationum
3258 3324 3581 3369 novarum
3630 3303 3879 3372 Caluini
3934 3306 4003 3371 in
4049 3305 4266 3373 lucem
4310 3306 4637 3375 ederetur.

2679 3388 2988 3457 Arbitror
3029 3402 3095 3455 te
3151 3389 3481 3455 audivisse
3526 3390 3606 3454 de
3652 3398 3830 3455 tomo
3875 3412 4001 3473 quo
4046 3391 4523 3459 commentarii
4567 3396 4640 3460 in

2680 3496 2910 3542 omnes
2953 3475 3146 3541 Pauli
3182 3476 3491 3558 epistolas
3534 3477 3969 3542 continentur.
4002 3483 4052 3558 ¹)
4117 3477 4295 3544 Huic
4338 3481 4641 3562 proxime

2678 3571 3093 3628 accesserunt
3114 3561 3587 3626 commentarii
3621 3561 3692 3625 in
3730 3561 4098 3630 Canonicas
4141 3575 4207 3629 et
4240 3565 4310 3629 in
4347 3564 4639 3646 Esaiam,

2679 3669 2829 3714 cum
2883 3646 3394 3730 praefationibus
3440 3645 3522 3710 ad
3569 3646 3848 3731 Angliae
3913 3669 4170 3732 regem,
4227 3649 4293 3713 in
4354 3671 4640 3733 quarum

2680 3734 2919 3810 altera,
2995 3752 3160 3815 quae
3204 3733 3536 3798 canonicis
3581 3733 3898 3816 Epistolis
3958 3735 4248 3816 praefixa
4300 3747 4433 3816 est,
4490 3738 4635 3804 suis

2678 3818 3004 3886 coloribus
3050 3818 3346 3902 pingitur
3390 3815 3734 3884 concilium
3785 3817 3949 3884 Iulii
3992 3818 4117 3884 111.
4209 3818 4446 3887 Editus
4487 3823 4635 3888 fue·

2675 3916 2780 3971 rat
2822 3904 3018 3989 paulo
3077 3913 3227 3968 ante
3285 3901 3540 3968 libellus
3585 3902 3664 3967 de
3701 3901 4063 3970 ScandaliS.
4153 3904 4324 3970 Vide
4379 3907 4641 3990 siquid

2678 3999 2781 4055 est
2824 3988 2994 4073 quod
3032 3987 3193 4053 velis
3249 4009 3367 4072 per
3410 4009 3515 4052 me
3558 3989 3794 4054 curari.
3885 3987 4101 4056 Simul
4147 4001 4343 4074 atque
4386 3993 4637 4077 signifi·

2678 4077 2847 4141 caris
2890 4075 3254 4140 confectum
3299 4073 3557 4139 curabo.

2853 4159 3068 4225 Audio
3112 4180 3227 4226 vos
3271 4180 3497 4224 omues
3554 4169 3729 4225 recte
3788 4159 4004 4226 valere
4048 4172 4115 4225 et
4157 4169 4342 4244 peste
4395 4183 4637 4247 prope·

2677 4245 2942 4312 modum
2990 4243 3330 4311 liberatam
3376 4244 3742 4309 civitatem:
3803 4246 3990 4310 euius
4052 4247 4146 4312 rei
4201 4268 4401 4313 eausa
4443 4269 4636 4335 mag-

2679 4354 2799 4398 nas
2844 4332 3102 4415 agimus
3137 4329 3283 4395 Deo
3319 4330 3567 4414 gratias
3604 4339 3672 4396 et
3716 4329 3899 4395 vobis
3934 4332 4362 4416 gratulamur.
4429 4334 4636 4418 Apud

2678 4439 2797 4482 nos
2841 4416 3064 4482 nullus
3118 4424 3219 4481 est
3276 4414 3558 4497 amplius
3608 4417 3810 4498 pestis
3868 4427 4084 4490 metus
4140 4418 4262 4482 hoc
4321 4431 4635 4502 tempore.

2676 4503 2738 4568 N
2742 4524 2813 4569 os
2858 4513 3077 4566 tamen
3124 4521 3383 4584 semper
3425 4510 3689 4583 paratos
3725 4522 3865 4567 esse
3900 4504 4208 4568 convenit
4250 4502 4331 4568 ad
4368 4524 4635 4571 omnem

2676 4599 3000 4656 eventum.
3076 4586 3384 4671 Collegae
3427 4587 3824 4669 professores
3860 4608 4087 4652 omnes
4123 4600 4190 4652 et
4223 4597 4362 4654 tota
4404 4591 4636 4657 schola

2678 4672 2840 4740 bene
2888 4672 3102 4738 habet.
3175 4672 3484 4737 Vivimus
3519 4692 3745 4738 omnes
3781 4693 4023 4757 magna
4058 4674 4444 4755 animorum,
4489 4697 4633 4741 mo-

2672 4961 2859 5043 1454.
2883 4960 2940 5042 1)
2982 4961 3100 5015 Hoc
3144 4963 3416 5028 neaotium
3449 4964 3663 5034 alioqui
3703 4965 4037 5033 incomitum
4087 4965 4188 5019 tion·
4235 4965 4630 5022 enucleandum

2673 5032 3131 5160 reltwgsuili'nc
3162 5104 3381 5153 nocuae
3415 5099 3626 5154 natales
3660 5101 3923 5155 conticere
3956 5100 4125 5155 licuit.

2674 5168 2853 5223 1455.
2878 5166 2938 5230 1)
2992 5165 3151 5220 Vides
3192 5167 3337 5224 hunc
3383 5174 3582 5223 tomum
3628 5184 3689 5222 eo
3738 5174 3974 5236 tempore
4007 5170 4118 5223 iam

2669 5237 2872 5302 fuiss&
2920 5250 3050 5291 cave
3094 5251 3218 5290 vero
3271 5238 3383 5290 iam
3430 5235 3630 5290 editum
3687 5237 3899 5293 creda&

2670 5321 2815 5359 mum
2857 5303 2971 5360 aaz.
3012 5301 3125 5359 Oct.
3163 5304 3298 5359 data
3331 5310 3425 5359 est.

3977 5236 4123 5292 Prae
4150 5171 4630 5296 (1ὼῖωὲἐῖἔέ
