4900 6167
708 408 832 471 703

705 595 870 661 iiber
913 592 1377 677 vorbestimpte
1419 593 1665 661 strafen
1724 592 2084 659 verharren
2137 592 2320 660 vnnd
2364 592 2506 658 sich
2550 591 2654 656 nit

702 682 1015 749 besseren
1055 679 1314 753 wiirde‚
1376 700 1448 744 so
1502 679 1627 744 soll
1668 678 1786 743 der
1827 678 1985 744 oder
2028 677 2132 744 die
2174 700 2259 743 on
2304 678 2430 745 alle
2475 677 2650 763 gnad

705 787 822 833 vsa
881 765 998 831 der
1049 764 1231 831 Statt
1285 765 1528 832 Ziirich
1588 763 1722 830 vnd
1779 764 1976 830 Land
2045 765 2403 830 verwissen
2470 763 2653 829 vnnd

705 849 2121 1021 3555?53³033523¹f122333352ff⁰323
2155 849 2654 1002 22025323223

706 1022 793 1089 da
836 1043 913 1106 sy
960 1022 1097 1088 sich
1144 1022 1366 1088 mitler
1422 1031 1536 1108 zyt
1594 1022 1934 1088 euthalten
1979 1021 2093 1087 des
2131 1020 2475 1087 Eebruchs
2517 1019 2655 1086 vnd

706 1107 962 1174 annder
1004 1109 1227 1173 offnen
1269 1109 1592 1174 Lasteren
1655 1107 1808 1173 halb
1866 1130 1947 1172 on
1995 1129 2264 1192 argwon
2309 1107 2650 1192 gehalten:

711 1191 805 1261 So
848 1215 1005 1279 mag
1023 1194 1192 1259 Inen
1228 1192 1409 1260 Statt
1446 1193 1572 1258 vnd
1594 1193 1790 1259 Laud
1832 1193 2006 1260 nach
2053 1215 2366 1260 vnnserer
2388 1193 2653 1258 Heri-en

707 1279 905 1346 Gnad
966 1278 1329 1345 widervmb
1379 1280 1695 1364 vfgethon
1749 1279 2033 1346 werden.
2136 1278 2324 1344 Doch
2383 1278 2477 1345 sol
2538 1277 2653 1344 der

703 1386 863 1430 man
906 1366 1026 1430 inn
1070 1366 1286 1431 einem
1326 1364 1450 1432 Jar
1507 1365 1677 1432 nach
1732 1386 1964 1451 synem
2008 1364 2392 1439 inkommen
2434 1364 2655 1430 weder

705 1472 791 1517 zu
834 1451 1066 1535 gricht,
1113 1452 1314 1531 Rath,
1357 1452 1527 1517 noch
1571 1450 1867 1516 anndern
1913 1450 2267 1517 Eerlichen
2311 1455 2653 1534 amptereu

704 1536 888 1604 vnnd
936 1535 1197 1604 Sachen
1240 1537 1562 1622 gebrucht
1606 1536 1932 1601 werdenn.

881 1620 974 1686 So
1018 1622 1173 1688 aber
1218 1623 1401 1688 einer
1443 1621 1599 1688 oder
1643 1625 1786 1687 eine
1832 1620 2154 1688 nachdem
2190 1622 2308 1689 der
2348 1620 2508 1688 oder
2550 1621 2654 1687 die
2693 1617 2703 1627 “

710 1707 833 1772 inn
876 1706 1057 1773 Statt
1112 1708 1244 1775 vnd
1286 1708 1529 1774 Lannd
1586 1709 1930 1774 komment
1990 1707 2170 1774 vnnd
2213 1707 2379 1774 Inen
2424 1713 2654 1772 versii-

704 1815 895 1877 nung
958 1793 1093 1858 vnd
1148 1795 1523 1878 Ersetzung
1589 1794 1997 1861 beschechen
2055 1816 2229 1860 were
2285 1792 2653 1859 widervmb

705 1879 862 1944 inus
907 1879 1078 1945 offen
1122 1879 1361 1945 Laster
1412 1881 1517 1945 des
1551 1881 1893 1946 Eebruchs
1937 1880 2133 1946 fallen
2180 1879 2467 1948 wiirdint
2509 1878 2654 1964 (das

708 1963 874 2030 Gott
945 1965 1540 2051 barmherzigklich
1593 1966 1918 2031 wennden
1976 1965 2192 2051 wolle)
2250 1964 2434 2034 vnnd
2495 1963 2655 2029 kein

705 2049 1086 2135 Besserung
1139 2051 1226 2137 by
1268 2050 1317 2118 J
1320 2073 1449 2117 nen
1495 2052 1920 2117 zuverhoffen
1963 2073 2168 2131 were,
2229 2073 2301 2117 so
2356 2051 2480 2117 soll
2539 2049 2657 2115 der

706 2134 864 2201 oder
942 2136 1337 2222 dieselbigen
1415 2136 1836 2222 gefengklich
1915 2160 1999 2202 an
2047 2156 2395 2203 enommen
2468 2135 2654 2202 vund

703 2220 877 2287 nach
906 2222 1327 2307 Erfinndung
1368 2223 1580 2289 offner
1622 2224 1769 2289 tath
1812 2245 1963 2288 men
2002 2159 2303 2290 {lichem
2344 2244 2467 2288 zur
2491 2223 2654 2288 Bes-

704 2322 953 2457 {ei-ung
992 2308 1128 2374 vnd
1170 2308 1587 2375 Eebenbilldt
1642 2330 1765 2375 one
1826 2245 2011 2394 gna}
2059 2308 2444 2375 erthreuckt
2488 2329 2655 2375 wer-

753 2413 902 2459 enn.

1588 2939 1771 3010 1872.

1138 3093 1655 3162 DODMERUS
1684 3100 1733 3171 ¹)
1778 3094 2214 3163 GALVINO.

881 3267 1128 3332 Narrat
1166 3287 1287 3349 quo
1339 3267 1472 3332 iam
1526 3267 1599 3332 in
1639 3272 1811 3333 statu
1851 3288 1954 3333 res
1994 3268 2123 3333 sint
2163 3269 2236 3333 in
2276 3287 2465 3351 rayno
2508 3268 2651 3333 An-

698 3351 869 3437 gliae
908 3351 1018 3418 ubi
1055 3358 1347 3436 reynante
1391 3351 1621 3419 Maria
1650 3355 1993 3436 papis-mus
2034 3354 2455 3420 instauratur.

703 3522 809 3591 (Ex
847 3525 1182 3593 autographo
1218 3524 1349 3579 Ood.
1387 3523 1720 3645 Parisieneiisl
1732 3523 1884 3659 Bigl.)
1906 3527 2110 3579 nation.
2146 3522 2277 3577 Coll.
2298 3524 2499 3595 Dupuy
2519 3525 2648 3578 Vol.

1597 3635 1610 3660 ,
1666 3609 1700 3645 o
1724 3631 1739 3645 .
1846 3629 1859 3643 .

743 3850 756 3864 ·
874 3762 959 3828 D.
1006 3763 1241 3864 Ioanni
1285 3762 1561 3829 Calvino
1604 3763 1911 3830 ecclesiae
1947 3763 2363 3831 Genevensis
2404 3763 2649 3832 fidelis-

704 3870 869 3915 simo
914 3860 1154 3933 pastori

2148 3937 2479 4004 Genevae.

908 4056 992 4121 D.
1037 4055 1271 4121 Ioanni
1316 4054 1595 4121 Calvino
1639 4054 1915 4120 Ioannes
1959 4054 2332 4123 Dodmerus
2376 4056 2447 4125 S.

874 4194 1192 4277 Accipies,
1243 4194 1344 4257 vir
1375 4191 1807 4271 ornatissime,
1854 4193 1984 4260 huc
2019 4192 2266 4260 dudum
2302 4194 2648 4261 advenisse

702 4279 1030 4365 quendam
1105 4286 1609 4344 conterraneum
1684 4287 1983 4344 nostrum
2064 4281 2174 4364 qui
2254 4302 2338 4346 ex
2403 4280 2650 4365 Anglia

702 4387 1006 4451 egressus
1048 4375 1148 4431 est
1202 4368 1273 4428 13
1321 4363 1427 4429 die
1471 4364 1880 4443 Novembris,
1925 4366 2040 4449 qui
2083 4365 2249 4430 mihi
2291 4365 2650 4433 declaravit

701 4451 932 4518 ordine
976 4471 1102 4534 quo
1147 4470 1254 4514 res
1297 4449 1511 4515 omnis
1551 4449 1622 4514 in
1668 4458 1847 4516 statu
1889 4464 2032 4517 erat
2074 4452 2145 4516 in
2190 4452 2462 4519 decessu
2508 4474 2645 4518 suo.

702 4536 893 4620 Quae
935 4556 1062 4620 quo
1105 4534 1298 4600 modo
1337 4537 1724 4603 successerit
1770 4548 1832 4602 te
1876 4537 2087 4603 celare
2133 4558 2263 4603 uon
2308 4548 2409 4605 est
2451 4540 2650 4606 officii

699 4624 863 4689 mei:
910 4618 1335 4707 quamobrem
1379 4623 1599 4688 omnia
1642 4622 1761 4688 tibi
1805 4644 1999 4707 quam
2043 4624 2458 4709 paucissimis
2500 4646 2648 4708 per-

699 4709 1047 4775 strinxero.
1153 4705 1235 4772 In
1299 4708 1510 4791 primo
1566 4708 1853 4775 tumultu
1914 4711 2026 4793 qui
2094 4731 2133 4776 a
2197 4710 2363 4776 duce
2423 4710 2650 4776 North-

697 4792 1209 4859 amberlandiae
1251 4795 1570 4860 excitatus
1614 4806 1714 4860 est
1755 4806 1985 4862 contra
2006 4795 2295 4862 Mariam
2338 4799 2469 4861 iam
2507 4800 2646 4861 An-

700 4878 874 4964 gliae
919 4879 1246 4963 reginam,
1305 4900 1386 4944 ea
1429 4881 1599 4963 fugit
1650 4884 1716 4945 in
1773 4894 2064 4947 castrum
2116 4880 2442 4966 quoddam
2461 4884 2518 4959 ²)
2577 4882 2648 4946 in

699 4965 1015 5029 comitatu
1039 4964 1099 5028 N
1102 4965 1424 5042 orfolciae,
1470 4964 1643 5049 quod
1678 4977 1835 5034 tunc
1870 4969 1930 5032 ei
1966 4967 2270 5034 ultimum
2314 4969 2642 5052 refugium

701 5140 799 5148 -..w—-

701 5254 879 5311 1872.
918 5258 973 5317 ι)
1012 5256 1102 5311 De
1134 5257 1236 5312 1⁸00
1269 5258 1390 5313 viro
1424 5256 1586 5313 „aba
1620 5256 1849 5312 auur-ae
1880 5257 2023 5312 naza
2056 5258 2311 5315 amotuit.

906 5326 965 5387 2)
1003 5324 1400 5397 Kamul-an.
1470 5325 1719 5397 (weber,
1767 5326 1953 5383 anath.
1987 5325 2068 5381 K.
2104 5328 2360 5384 arom.
2399 5329 2465 5383 11.
2509 5326 2648 5394 185.)

2211 402 2737 471 EPISTOLAE
2787 406 3207 469 1871-1873
4554 415 4659 475 704

2749 591 2894 671 fuit,
2939 612 3066 674 quo
3109 592 3524 658 confluebant
3567 612 3796 659 omnes
3839 613 4046 676 paene
4089 591 4376 659 eiusdem
4409 596 4663 679 regionis

2753 678 2866 761 qui
2911 675 2991 742 de
3035 676 3349 762 religione
3389 676 3557 743 bene
3602 678 3999 758 sentiebant,
4045 677 4252 746 vitam
4296 700 4472 745 suam
4513 682 4664 749 ultro

2752 764 3161 846 libenterque
3219 763 3570 830 offerentes
3628 763 3712 830 ad
3755 762 4047 831 Mariam
4086 763 4513 844 liberandam,
4563 768 4663 834 sed

2755 871 2835 914 ea
2877 849 3021 933 lege
3064 857 3139 913 ut
3181 847 3453 914 liberata
3505 847 3588 914 ab
3631 848 3931 915 hostibus
3975 848 4348 935 religionem
4395 850 4664 919 christia·

2755 954 2911 1000 nam
2953 934 3226 1017 posthac
3269 942 3598 1001 tutaretur
3652 937 3722 1000 in
3780 933 4138 1020 eodemque
4222 957 4308 1002 uo
4351 943 4500 1004 tunc
4540 947 4666 1005 erat

2756 1029 2935 1086 statu
2991 1020 3273 1086 fideliter
3325 1030 3772 1087 conservaret:
3842 1020 4014 1103 quod
4070 1021 4182 1105 qui
4230 1043 4333 1087 em
4399 1024 4668 1105 promisit

2756 1107 2913 1171 totis
2958 1106 3204 1172 viribus
3258 1114 3656 1172 conaturam.
3680 1109 3734 1184 ⁸)
3821 1105 3951 1173 Ubi
4005 1108 4204 1172 etiam
4257 1128 4405 1173 cum
4452 1129 4550 1173 ma
4595 1132 4668 1175 na

2757 1192 2970 1278 gratia
3013 1213 3397 1274 summaque
3455 1213 3606 1258 cum
3667 1192 4077 1258 humanitate
4135 1194 4394 1278 excepit
4433 1194 4512 1259 D.
4616 1216 4668 1261 ο-

2747 1298 2975 1363 perum
3036 1299 3185 1344 cum
3252 1278 3518 1361 reliquis
3582 1278 3900 1343 ministris
3964 1278 4075 1361 qui
4139 1280 4198 1343 ei
4255 1289 4560 1345 venerant
4609 1280 4668 1346 in

2756 1363 3096 1442 auxilium,
3140 1364 3235 1427 ita
3278 1374 3351 1428 ut
3384 1364 3529 1447 ipsa
3562 1365 4139 1431 communicaverit
4172 1385 4412 1431 coenae
4435 1363 4670 1431 Domini

2755 1449 2974 1533 palam
3046 1451 3113 1513 in
3194 1450 3352 1532 ipsis
3426 1450 3724 1515 tentoriis
3790 1449 4151 1516 secundum
4217 1451 4670 1516 institutionem

2756 1535 3235 1619 evangelicam,
3281 1544 3348 1600 et
3391 1542 3548 1602 tunc
3594 1536 3904 1618 temporis
3947 1557 4069 1600 sua
4111 1537 4311 1602 etiam
4355 1546 4572 1620 sponte
4609 1537 4672 1600 in

2757 1622 3038 1705 gratiam
3083 1620 3307 1704 populi
3351 1621 3637 1705 pollicita
3681 1630 3783 1687 est
3827 1643 3936 1686 eos
3976 1643 4093 1706 per
4127 1622 4537 1706 septennium
4574 1643 4676 1686 ex·

2758 1707 3118 1773 actionibus
3161 1706 3488 1772 immunes
3531 1707 3687 1773 fore.
3760 1708 3885 1773 Tot
3927 1715 4151 1772 tamen
4195 1717 4504 1791 tantaque
4544 1728 4674 1791 pro-

2756 1794 2957 1858 missa
3013 1791 3277 1857 demum
3342 1791 3540 1857 oblita
3596 1792 3790 1858 fidem
3847 1794 3983 1858 iam
4038 1794 4248 1879 ftegit.
4271 1798 4325 1873 ⁴)
4415 1793 4558 1875 Qua
4608 1792 4677 1857 de

2757 1898 2956 1943 causa
3010 1899 3140 1943 non
3197 1877 3411 1943 solum
3465 1878 3828 1944 Christiani
3884 1879 4142 1963 lugent,
4213 1900 4444 1944 verum
4499 1880 4675 1944 etiam

2756 1963 3106 2048 populares
3163 1963 3456 2048 papistae
3497 1965 3800 2030 fremunt.
3888 1965 4164 2031 Recenti
4225 1984 4502 2047 namque
4542 1985 4675 2049 par-

2756 2050 3030 2115 lamenti
3082 2049 3340 2116 decreto
3366 2054 3417 2126 ⁶)
3475 2052 3875 2118 exactionem
3933 2051 4268 2136 ingentem
4314 2050 4446 2117 illis
4485 2052 4677 2133 impo-

2758 2136 2919 2201 suit:
2978 2157 3104 2220 quo
3163 2137 3236 2201 fit
3280 2145 3357 2201 ut
3395 2136 3525 2201 iam
3581 2138 3709 2221 ipsi
3749 2137 4045 2221 papistae
4087 2139 4181 2202 ita
4222 2133 4677 2203 debacchentur

2756 2230 2833 2287 ut
2876 2243 3006 2287 non
3051 2220 3355 2287 desinant
3395 2229 3620 2305 aperte
3675 2224 3734 2288 ei
3790 2221 4176 2288 maledicere
4216 2231 4283 2288 et
4326 2222 4678 2299 conviciari,

2759 2308 3049 2373 dicentes
3092 2330 3162 2374 se
3206 2306 3536 2393 negligere
3580 2317 3834 2374 veteres
3890 2317 3954 2373 et
4008 2329 4296 2376 summos
4340 2328 4491 2375 suos
4533 2306 4680 2373 ami·

2759 2413 2901 2471 cos,
2957 2393 3041 2458 ad
3096 2393 3257 2458 haec
3298 2391 3696 2473 sacerdotes,
3754 2394 3865 2479 qui
3916 2394 4049 2459 iam
4091 2393 4228 2461 illic
4281 2393 4474 2460 multi
4528 2402 4683 2471 sunt,

2761 2480 3148 2546 servitutem
3201 2480 3324 2546 sibi
3383 2479 3574 2545 solito
3624 2482 3933 2545 maiorem
3988 2480 4325 2563 imponere
4344 2532 4360 2556 ,
4427 2498 4684 2561 cumque

2760 2586 2890 2630 uno
2947 2562 3285 2631 commodo
3340 2564 3466 2630 duo
3519 2565 3928 2632 incommoda
3982 2565 4416 2632 introducere.
4515 2564 4686 2630 Haec

2760 2651 2912 2716 licet
2953 2652 3403 2735 sentiantjpsi
3442 2651 3787 2735 populares
3822 2660 3890 2714 et
3929 2652 4181 2730 rustici,
4225 2652 4513 2718 maxime
4546 2668 4686 2714 vero

2758 2736 3333 2820 septentrionales,
3389 2749 3466 2802 ut
3504 2737 3778 2817 Walici,
3825 2736 4313 2805 Gornubienses
4372 2745 4440 2803 et
4481 2738 4688 2802 Devo-

2758 2823 3049 2902 nienses,
3106 2842 3311 2907 usque
3368 2822 3529 2889 adeo
3572 2824 3912 2890 insaniunt
3953 2832 4020 2889 et
4061 2822 4347 2889 delirant
4388 2824 4463 2889 in
4502 2821 4688 2886 missa

2758 2917 2824 2972 et
2866 2908 3286 2974 caeremoniis
3330 2909 3611 2992 papismi
3628 2961 3643 2989 ,
3689 2921 3764 2974 ut
3805 2908 4208 2975 solummodo
4251 2908 4553 2992 exemplo
4592 2925 4688 2971 re·

2756 2994 2953 3076 ginae
2997 3002 3063 3059 et
3104 2995 3246 3059 sine
3290 2994 3423 3058 ullo
3466 2993 3776 3062 mandato
3812 3004 4127 3079 tanquam
4214 2997 4350 3061 orci
4395 2993 4479 3061 ad
4520 3010 4688 3058 aram

2754 3079 3074 3163 gregatim
3118 3088 3551 3159 accurrerent,
3595 3081 4016 3164 pristinisque
4060 3079 4165 3146 ido
4193 3080 4448 3147 olatriis
4489 3077 4692 3145 redin-

2757 3165 3092 3249 tegrandis
3145 3165 3418 3248 pedibus
3482 3167 3909 3249 manibusque
3973 3165 4394 3233 intenderent
4409 3219 4424 3245 ,
4488 3182 4687 3247 neque

2754 3248 2962 3316 labori
3005 3272 3217 3335 neque
3256 3252 3553 3335 sumptui
3598 3252 3729 3318 ullo
3768 3253 3960 3318 modo
3994 3263 4369 3337 parcentes:
4414 3251 4687 3334 adeoque

2755 3356 2862 3401 res
2895 3335 3093 3401 rediit
3124 3346 3198 3401 ut
3233 3340 3287 3402 si
3309 3337 3570 3421 Regina
3601 3338 3747 3421 ipsa
3788 3358 3898 3404 eos
3942 3339 4139 3404 missa
4173 3339 4441 3422 privare
4482 3335 4686 3411 vellet,

2754 3421 2825 3487 id
2869 3422 3010 3487 sine
3054 3443 3296 3507 magna
3338 3426 3681 3508 sanguinis
3736 3424 4051 3490 effusione
4103 3423 4368 3490 efficere
4409 3425 4541 3491 iam
4582 3440 4687 3486 ne-

2757 3517 2972 3592 queat.
3089 3506 3263 3574 Sunt
3335 3516 3555 3575 autem
3621 3509 3836 3574 multa
3914 3510 4483 3576 senatusconsulta
4501 3561 4516 3587 ,
4581 3504 4688 3573 sed

2755 3614 2887 3658 non
2944 3594 3159 3661 adhuc
3212 3594 3545 3680 publicata
3602 3595 3909 3678 (necdum
3966 3596 4141 3661 enim
4195 3595 4402 3662 finem
4445 3591 4688 3663 consul-

2754 3679 2942 3745 tandi
2984 3681 3307 3762 fecerunt)
3351 3682 3601 3765 quibus,
3644 3682 3847 3760 aiunt,
3891 3681 4251 3748 stabilitum
4294 3690 4399 3748 est
4441 3679 4691 3764 religio·

2752 3785 2907 3830 nem
2959 3787 3035 3832 eo
3088 3777 3265 3832 statu
3319 3765 3765 3851 reponendam
3820 3788 3946 3851 quo
4004 3767 4218 3833 fuerat
4272 3788 4450 3833 anno
4519 3767 4687 3841 1542,

2753 3859 3013 3935 praeter
3066 3852 3133 3916 id
3187 3851 3359 3936 quod
3416 3851 3830 3938 supplicatim
3889 3855 4029 3919 sive
4083 3854 4294 3919 mavis
4350 3849 4690 3937 processio,

2753 3939 2869 4003 fiet
2911 3937 3172 4023 anglica
3211 3937 3470 4022 lingua,
3526 3960 3679 4006 cum
3722 3938 4063 4022 evangelio
4117 3946 4184 4004 et
4224 3939 4505 4022 epistola
4547 3936 4691 4001 mis·

2753 4046 2883 4101 sae,
2928 4022 3122 4108 idque
3163 4024 3518 4091 sacerdotis
3562 4025 3830 4091 arbitrio
3874 4024 4269 4108 relinquitur
4286 4076 4301 4102 ,
4347 4046 4507 4091 nam
4549 4022 4693 4089 lice·

2735 4110 2867 4188 bit,
2913 4111 2966 4176 si
3012 4109 3208 4186 volet,
3252 4110 3460 4177 latine
3493 4131 3705 4194 agere.
3773 4111 4032 4193 Regina
4067 4111 4287 4176 renuit
4323 4131 4471 4178 esse
4514 4116 4698 4192 eaput

2754 4197 3083 4274 ecclesiae,
3128 4204 3196 4261 et
3236 4216 3542 4262 revocare
3586 4196 3795 4261 voluit
3849 4196 4231 4263 monachos:
4292 4195 4413 4261 sed
4457 4194 4698 4261 nobiles

2753 4282 3051 4347 nolentes
3111 4280 3385 4347 reddere
3439 4301 3603 4365 quae
3661 4281 3816 4347 olim
3883 4283 4221 4348 monachis
4288 4280 4692 4347 abstulerant

2751 4368 2993 4433 obnixe
3051 4366 3364 4451 refragati
3420 4376 3578 4432 sunt
3640 4367 3977 4451 ipsamque
4033 4369 4332 4452 reginam
4392 4367 4692 4435 ecclesiae

2752 4463 2951 4536 caput
2991 4453 3190 4518 etiam
3235 4453 3443 4519 invito
3486 4456 3983 4520 constituerunt.
4064 4455 4315 4519 Tamen
4357 4454 4695 4537 episcopus

2752 4538 3236 4604 wintoniensis
3271 4539 3539 4604 nomine
3579 4538 3904 4605 Gardiner
3923 4543 3979 4609 ὅ)
4022 4560 4140 4622 per
4182 4538 4471 4605 eundem
4515 4558 4693 4604 sena·

2751 4633 2895 4688 tum
2932 4625 3319 4691 constitutus
3357 4634 3456 4690 est
3490 4626 3864 4708 patriarcha
3899 4633 3965 4691 et
3988 4625 4343 4692 secundum
4368 4625 4694 4710 Reginam

2752 4718 2950 4793 caput
2992 4710 3327 4789 ecclesiae,
3371 4721 3437 4775 et
3478 4710 3654 4776 idem
3697 4713 3897 4778 etiam
3941 4720 4044 4779 est
4084 4710 4517 4778 cancellarius
4559 4713 4695 4776 An-

2955 4983 3015 5045 3)
3057 4981 3552 5039 Proclamatnbm
3602 4985 3723 5040 eius
3768 4985 3979 5041 exhalet
4025 4986 4187 5056 Fax,
4237 4987 4372 5043 Acts
4421 4984 4540 5041 <md
4584 4997 4693 5038 πιο-

2750 5054 3008 5108 meotis
3041 5052 3133 5106 ΙΙΙ.
3174 5051 3254 5104 12.
3327 5051 3413 5119 Gt.
3462 5051 3651 5108 Weber
3682 5073 3739 5126 p.
3779 5054 3895 5109 189.

2957 5121 3019 5187 4)
3066 5119 3257 5176 Weber
3285 5136 3347 5189 p.
3393 5121 3500 5177 196.

2954 5189 3016 5254 5)
3049 5189 3181 5246 ibid.
3259 5230 3274 5245 .
3307 5188 3427 5245 206.

2959 5258 3018 5321 6)
3055 5206 3539 5329 ΙιοτᾶΡΟαπῳῠοΠ,
3576 5260 3747 5317 Livor
3773 5259 3840 5337 οἱ
3871 5261 3960 5316 the
3994 5261 4325 5318 dmmeuors
4348 5261 4426 5316 ΙΙ.
4484 5258 4694 5329 Stryme·

2750 5343 2904 5383 Μ.
2940 5327 3002 5395 of
3036 5328 3302 5385 Granmer
3336 5330 3437 5384 111.
3475 5329 3526 5385 2.
3570 5330 3687 5387 Vol.
3723 5329 3793 5385 1-1.
3821 5346 3884 5398 p.
3923 5330 4005 5385 13.
