4900 6167
690 388 823 451 64ss
2203 380 2727 449 EPISTOLAE
2777 385 3193 448 1829—1832
4539 392 4646 453 644

690 574 950 639 (laesus
995 580 1095 637 est
1136 569 1292 635 Dux
1342 568 1852 649 Nerthumbriae‚
1875 576 1929 649 ⁴)
1988 572 2319 636 oonieotus
2376 572 2443 635 in
2488 571 2638 636 vin-

696 660 850 724 oula
884 657 1042 721 Dux
1086 656 1475 737 Suffolchiae,
1521 655 1634 721 sed
1668 677 1823 719 mox
1868 656 2193 731 dimissuS,
2239 655 2407 739 quod
2450 658 2641 721 inno-

700 765 857 810 eens
900 754 1100 819 esset,
1161 762 1313 805 mox
1373 749 1594 807 autem
1637 750 1976 824 correptus
2017 742 2242 807 morbo
2286 741 2367 806 ad
2414 743 2641 807 Domi·

696 849 861 894 num
906 829 1226 976 miffrasse
1270 827 1593 891 scribitur.
1621 831 1673 899 ὅ)
1745 825 2051 910 Optimus
2092 829 2198 893 vir
2232 828 2315 892 D.
2367 827 2641 892 Cantua-

693 914 934 979 riensis
1036 913 1356 995 epositus,
1381 912 1434 992 ⁶)
1488 914 1559 975 in
1610 912 1820 977 loeum
1879 913 2018 976 eius
2082 912 2276 978 Polus
2329 914 2642 978 suffectus

700 1008 821 1064 est.
903 998 1336 1064 Celebrantur
1378 997 1565 1062 modo
1610 999 1873 1062 comitia
1915 1000 2108 1082 regni
2144 1009 2292 1081 post
2314 999 2639 1081 Reginam

702 1096 1085 1151 eoronatam
1146 1104 1312 1167 quae
1371 1082 1562 1147 hodie
1619 1092 1988 1166 coeperunt.
2091 1083 2196 1148 De
2249 1085 2333 1149 D.
2388 1083 2641 1149 Ioanne

702 1192 749 1235 a
795 1170 1011 1247 Las-00,
1063 1169 1363 1251 Mar-tyre,
1415 1168 1581 1233 Gooeo
1599 1219 1614 1248 ,
1637 1168 1693 1252 ⁷)
1743 1168 2057 1251 SydalliO,
2088 1172 2140 1243 ⁸)
2193 1168 2450 1248 Ochino,
2479 1173 2530 1244 ⁹)
2575 1181 2642 1233 et

701 1255 972 1338 reliquis
1018 1255 1145 1320 Dei
1189 1256 1396 1319 servis
1440 1255 1867 1319 sanctissimis
1923 1263 1991 1319 et
2032 1254 2341 1319 fratribus
2385 1257 2639 1319 earissi-

697 1343 829 1404 mis
892 1339 1216 1404 nihildum
1275 1340 1435 1402 eerti
1501 1339 1724 1404 habeo,
1828 1337 1900 1403 Si
1971 1352 2043 1403 tu
2108 1361 2195 1406 ex
2251 1339 2475 1405 amieis
2535 1340 2641 1405 vel

702 1427 973 1490 meliora
1037 1426 1141 1489 vel
1209 1426 1426 1507 peiora
1492 1424 1924 1502 intellexeris,
2005 1427 2104 1491 fao
2169 1447 2254 1490 ne
2322 1427 2637 1508 ignorem.

698 1509 1027 1576 Dominus
1050 1516 1131 1586 ¹⁰)
1177 1512 1401 1574 visitat
1441 1521 1706 1593 peecata
1747 1519 1999 1587 nostra,
2045 1523 2114 1575 et
2157 1512 2639 1577 Antichristum

696 1597 1073 1681 propediem
1121 1597 1394 1660 deiiciat.
1468 1596 1681 1659 Multa
1723 1596 2060 1678 permittit,
2113 1607 2188 1660 ut
2230 1601 2342 1678 qui
2386 1596 2639 1679 probati

702 1691 859 1747 sunt
901 1680 1277 1765 probentur.
1361 1680 1643 1746 Oremus
1680 1680 2061 1756 Dominum,
2105 1691 2182 1746 ut
2222 1683 2279 1746 is
2322 1684 2392 1747 in
2438 1684 2639 1747 tantis

700 1768 910 1833 turbis
974 1778 1189 1832 servet
1248 1786 1432 1841 suos,
1489 1765 1806 1831 Sat-anam
1866 1767 2261 1849 supplantet.
2287 1767 2366 1853 ¹¹)
2471 1768 2639 1831 Vale

696 1865 1041 1917 aeternum
1085 1874 1230 1918 eum
1278 1852 1577 1916 omnibus
1610 1851 1931 1917 ministris
1976 1866 2041 1916 et
2075 1854 2399 1930 fratribus,
2443 1853 2636 1919 eolla-

700 1938 1109 2003 boratoribus
1174 1938 1435 2001 nostris.
1539 1937 2127 2002 Festinantissime.
2238 1940 2466 2022 Tiguri
2543 1945 2633 2003 15.

698 2022 1000 2089 Octobris
1046 2028 1242 2088 Anno
1296 2029 1473 2087 1553.

1791 2160 1972 2225 Tuus
2016 2159 2463 2244 Bullingerus.

1450 2452 1847 2464 ffl—-ffl

1560 2686 1749 2757 183⁰.

1210 2841 1617 2925 ,VIRETUS
1663 2841 2124 2908 FARELLO.

869 3010 1197 3079 erellum
1251 3013 1531 3079 hortatur
1584 3018 1655 3077 ut
1716 3012 2023 3077 Genevam
2074 3020 2173 3080 eat
2221 3012 2478 3079 Calvino
2532 3033 2634 3079 ro-

686 3102 900 3250 m
943 3099 1315 3250 (eltudgtidem
1371 3099 1722 3163 Lausanna
1783 3099 2173 3165 transiturus
2188 3151 2205 3178 ,
2273 3099 2381 3164 ubi
2432 3099 2634 3181 plura

698 3354 814 3421 (Ex
850 3355 1189 3410 Bibliotheca
1224 3360 1502 3423 pastorum
1550 3353 2016 3407 Neoeomensinm.
2099 3353 2237 3423 Epp.
2287 3354 2460 3409 Vireti
2502 3354 2631 3410 fase.

1363 3422 1477 3476 VII.
1514 3422 1586 3477 N.
1621 3420 1669 3474 6.
1710 3426 1960 3492 Autogr.)

686 3595 955 3661 Eximio
1000 3593 1147 3659 Iesu
1193 3592 1442 3659 Christi
1487 3614 1675 3658 servo
1698 3592 2054 3659 Guilielmo
2087 3592 2348 3659 Farello
2383 3594 2630 3659 Neooo-

686 3681 936 3747 mensis
981 3680 1286 3745 eoolesiae
1343 3680 1589 3762 pastori
1632 3679 1823 3743 fratri
1880 3692 1948 3743 et
1989 3686 2390 3764 symmystae
2431 3680 2629 3763 pluri·

1400 3786 1579 3830 mum
1625 3760 1911 3830 colende.

859 3901 929 3966 S.
996 3901 1484 3966 Constitueram
1544 3899 1794 3983 pridem
1839 3901 1922 3965 ad
1966 3910 2031 3966 te
2076 3900 2155 3965 de
2198 3900 2423 3965 multis
2469 3903 2627 3967 seri·

690 3986 865 4065 bere,
909 3987 1021 4052 sed
1065 3986 1284 4052 nullus
1329 4007 1617 4069 unquam
1656 3986 1817 4050 mihi
1854 3996 1955 4052 est
1988 3987 2264 4052 nuncius
2298 3988 2623 4052 inventus.

720 4128 875 4133 -———-
932 4126 1093 4133 --———.-

887 4190 950 4256 4)
984 4192 1037 4243 d.
1073 4189 1160 4245 22.
1208 4194 1442 4257 Auyusti
1485 4190 1606 4255 (Ser
1681 4207 1735 4260 e,
1784 4191 1946 4244 Mem.
1996 4190 2089 4244 111.
2137 4191 2185 4244 1.
2225 4188 2309 4245 41.
2392 4191 2623 4257 Burnet,

678 4261 778 4315 111.
817 4258 932 4313 335.
1005 4259 1209 4314 Zurt'ch
1250 4260 1455 4312 Letters
1491 4261 1533 4312 I.
1570 4259 1639 4313 36
1676 4262 1716 4326 .)

888 4327 946 4394 5)
989 4328 1106 4381 Imo
1151 4329 1329 4383 denuo
1379 4330 1439 4380 in
1487 4329 1703 4382 Turrim
1752 4327 2013 4381 deductus
2057 4328 2110 4381 d.
2146 4327 2193 4380 6.
2228 4328 2361 4394 febr.
2404 4326 2540 4382 1554
2572 4335 2624 4383 et

676 4397 779 4452 23⁰
813 4397 1122 4451 decollatus.

886 4465 947 4527 6)
983 4464 1061 4519 N.
1101 4463 1231 4517 1783
1265 4464 1363 4519 ubi
1396 4470 1446 4518 et
1478 4468 1752 4534 sequentia
1788 4465 2145 4532 attinguntur.

886 4532 939 4598 7)
976 4532 1109 4587 Cum
1150 4533 1317 4587 Gheco
1369 4539 1420 4586 et
1469 4533 1596 4586 aliis
1645 4538 1839 4601 captus
1890 4534 2082 4586 exsilio
2132 4534 2392 4587 multatus
2441 4540 2522 4589 est
2570 4540 2623 4588 et

678 4602 1150 4665 Fraucotordiam
1183 4617 1240 4655 se
1271 4618 1360 4655 rec
1441 4604 1485 4655 ‘t.
1556 4600 1717 4666 (Zur.
1758 4602 1971 4656 Leaen
2002 4601 2071 4656 11.
2104 4600 2245 4668 684.)

886 4668 948 4735 8)
985 4670 1178 4738 Hemy
1217 4668 1351 4724 Sida
1425 4675 1722 4724 canonicus
1745 4669 2073 4725 oxoniensis
2106 4671 2183 4725 ad
2254 4671 2498 4736 ontificia
2532 4686 2620 4726 sa-

674 4757 779 4796 era
809 4740 981 4794 rediit
1011 4747 1299 4808 postquam
1337 4739 1436 4793 sub
1473 4739 1745 4794 Eduardo
1793 4737 1889 4793 VI.
1909 4739 2168 4807 fervidus
2266 4742 2310 4794 ὀί
2354 4741 2624 4809 evauyelii

670 4810 971 4939 profeeegs.
984 4875 1188 4930 Ochini
1216 4890 1411 4929 nomen
1444 4891 1480 4929 a
1495 4875 1647 4929 Besa
1667 4877 1740 4957 ‘in
1773 4876 2113 4944 automapho
2145 4877 2496 4932 oanoezlatum
2528 4878 2620 4933 ab·

676 4952 759 5001 est
804 4947 873 5001 ab
919 4945 1233 5013 apoqrapko
1282 4949 1333 4996 et
1378 4943 1498 4997 edd.
1540 4942 1780 4999 Oehmuu
1826 4961 1870 4999 c.
1910 4944 2163 5015 Martyre
2196 4946 2620 5014 Aroentoratum

674 5016 850 5083 petiit.
924 5014 1007 5077 (Τ
1006 5014 1203 5067 rachael
1236 5011 1302 5065 11.
1339 5010 1481 5071 210.)

853 5083 944 5145 10)
984 5081 1321 5148 Apoyrapha
1367 5081 1658 5149 praebent:
1712 5082 1974 5136 Dominus
2020 5082 2206 5136 visitat
2258 5083 2427 5152 pilum
2475 5082 2618 5151 (edd.

676 5152 983 5274 &¹332
1008 5158 1253 5203 nostrum
1301 5156 1365 5270 eg
1402 5149 1725 5271 Alutiohristi
1771 5168 1977 5204 comam
2024 5151 2337 5221 propediem
2383 5152 2618 5205 deiiciat.

984 5234 1040 5271 es
1110 5233 1281 5287 noque
1463 5234 1499 5271 ι.

852 5286 944 5352 11)
981 5234 1481 5355 ευρῖὴιιῑωωὲῳιῖ.

2744 570 2940 636 Nune
2982 592 3139 635 vero
3182 591 3381 653 quum
3426 591 3680 653 sperem
3727 581 3792 636 te
3836 570 3917 636 ad
3962 592 4082 637 nos
4123 578 4469 639 venturum
4493 577 4537 654 ¹)
4583 584 4654 642 ut

2745 657 2898 721 hine
2941 663 3006 720 te
3050 655 3389 721 Genevam
3448 656 3742 722 conferas
3794 656 3959 721 nihil
4020 657 4303 723 seribere
4358 679 4510 741 opus
4547 668 4651 739 est,

2744 761 2909 825 quae
2952 761 3071 806 nos
3114 752 3491 823 praesentes
3536 742 3731 808 latius
3787 744 4388 811 commentabimur.
4469 744 4653 812 Intel-

2743 827 2909 911 liges
2951 847 3035 891 ex
3075 826 3324 892 Calvini
3357 827 3569 893 literis
3623 825 3707 891 ad
3741 849 3848 893 me
3891 827 4042 912 quid
4087 829 4167 893 ab
4207 838 4477 911 utroque
4515 852 4654 898 nos-

2743 920 2922 977 trum
3026 914 3281 977 ostulet.
3388 912 3732 993 Quodnam
3797 934 3950 979 vero
4006 914 4166 979 illud
4211 916 4299 981 sit
4338 916 4654 983 eonsilium

2745 998 2825 1063 de
2871 1012 2935 1063 te
3024 1020 3059 1062 e
3101 1019 3227 1081 quo
3270 999 3337 1062 in
3382 1000 3517 1063 suis
3560 999 3768 1064 literis
3801 1000 4119 1075 meminit,
4164 999 4283 1065 tibi
4320 1022 4513 1084 quum
4552 1023 4655 1067 ve-

2745 1085 2921 1149 neris
2967 1085 3273 1166 aperiam.
3364 1086 3508 1167 Ego
3562 1105 3762 1165 quum
3818 1085 4153 1150 eommode
4198 1086 4532 1152 Genavam
4569 1089 4657 1154 ire

2744 1191 2874 1233 non
2930 1170 3172 1251 possim
3232 1178 3520 1251 tempore
3555 1169 3687 1235 illo
3744 1169 3918 1253 quod
3971 1171 4134 1235 mihi
4190 1172 4657 1254 praescribitur.

2744 1266 3010 1337 propter
3049 1255 3199 1319 illas
3243 1255 3526 1321 rationes
3560 1275 3719 1337 quas
3762 1255 3869 1319 hio
3912 1256 4152 1335 audies,
4198 1278 4530 1323 oensemus
4568 1267 4657 1322 ta-

2745 1361 2898 1404 men
2953 1362 3176 1405 omnes
3244 1341 3796 1406 consultissimum
3840 1350 3915 1406 ut
3982 1351 4049 1407 tu
4110 1341 4482 1424 praeoedas,
4547 1363 4658 1428 ego

2744 1446 2901 1490 vero
2946 1436 3234 1508 tempore
3292 1438 3430 1491 tum
3488 1426 3650 1490 mihi
3707 1434 3848 1491 tum
3893 1426 4198 1495 eeclesiae
4242 1428 4660 1495 oommodiore

2743 1512 2939 1594 paulo
2983 1525 3130 1594 post
3170 1532 3420 1593 sequar,
3466 1514 3522 1577 si
3568 1512 3742 1577 volet
3775 1513 4119 1579 Dominus.
4205 1514 4550 1593 Voeamur,
4589 1520 4661 1579 ut

2744 1596 2954 1675 vides,
3018 1599 3082 1661 in
3148 1596 3400 1662 Calvim'-
3451 1597 3658 1662 literis
3717 1598 3795 1662 ad
3852 1600 4223 1681 proximum
4280 1598 4660 1667 dominicum

2744 1681 2936 1746 diem.
3040 1682 3202 1746 Vide
3257 1684 3485 1766 igitur,
3552 1684 3607 1747 si
3662 1683 3728 1747 id
3787 1694 4121 1766 praestare
4176 1686 4384 1768 possis
4439 1693 4503 1749 et
4554 1705 4660 1768 per

2742 1789 2862 1833 nos
2905 1769 3032 1833 iter
3064 1769 3292 1834 faeere.
3359 1768 3591 1834 Habeo
3635 1769 3858 1834 literas
3899 1770 4169 1835 Sultzeri
4211 1771 4294 1835 ad
4327 1792 4435 1835 me
4478 1771 4662 1853 serip-

2741 1861 2842 1919 tas
2861 1856 2916 1932 2)
2971 1874 3130 1936 quas
3189 1853 3269 1918 ad
3327 1863 3391 1918 te
3448 1854 3770 1919 misissem
3825 1855 3954 1920 nisi
4011 1876 4376 1937 sperassem
4431 1865 4495 1920 te
4547 1856 4660 1948 hae

2741 1938 3188 2004 transiturum.
3277 1941 3444 2004 Tum
3490 1941 3662 2005 enim
3717 1960 3824 2005 eas
3881 1962 4012 2005 non
4073 1942 4283 2007 solum
4337 1941 4456 2006 tibi
4498 1962 4659 2007 eom-

2741 2025 3081 2090 munieabo
3138 2024 3250 2090 sed
3309 2023 3472 2091 dabo
3524 2026 3723 2091 etiam
3772 2025 4030 2092 Calvino
4087 2026 4659 2093 communicandas.

2741 2107 2917 2176 Sunt
2960 2112 3134 2174 enim
3178 2110 3389 2175 multa
3422 2132 3586 2193 quae
3623 2120 3840 2177 vestra
3875 2112 4215 2196 utriusque
4250 2113 4419 2179 seire
4454 2112 4662 2178 refert.

2741 2196 2924 2261 Haeo
2966 2196 3340 2279 nuptiarum
3400 2197 3844 2280 opportunitas
3902 2198 4065 2262 mihi
4106 2198 4458 2264 admodum
4502 2218 4663 2263 eom-

2741 2279 2934 2345 moda
2975 2280 3252 2346 videtur.
3320 2282 3490 2346 Nam
3527 2282 3768 2365 alioqui
3814 2290 3881 2346 tu
3926 2281 4109 2349 brevi
4153 2285 4488 2350 vocandus
4530 2303 4664 2349 eras

2740 2386 2780 2430 a
2829 2365 3115 2445 Calvina,
3175 2377 3250 2432 ut
3292 2368 3398 2433 hio
3448 2368 3674 2433 audies
3730 2370 4068 2451 eopiosius.
4157 2369 4344 2434 Nihil
4390 2371 4521 2434 iam
4562 2365 4666 2434 ad-

2739 2450 2890 2515 dam
2933 2452 3210 2534 amplius
3269 2461 3522 2518 caetera
3577 2453 3883 2520 differens
3941 2453 4022 2519 ad
4067 2462 4258 2520 tuum
4303 2454 4668 2521 adventum.

2739 2536 3046 2602 Salutant
3089 2546 3155 2602 te
3214 2539 3419 2603 nostri
3475 2559 3700 2604 omnes
3758 2540 4145 2605 nominatim
4189 2539 4569 2607 Euanthius
4608 2542 4671 2605 et

2738 2620 2917 2687 Beza
2963 2623 3346 2705 quibuscum
3405 2624 3508 2689 his
3567 2625 3646 2688 de
3705 2626 3898 2690 rebus
3942 2626 4321 2692 consultavi.
4418 2626 4669 2709 Collega

2739 2728 2925 2774 meus
2979 2709 3174 2773 abest.
3274 2708 3582 2774 Salutant
3639 2719 3702 2773 te
3772 2732 3942 2776 uxor
4001 2718 4067 2776 et
4131 2711 4387 2777 filiolae.
4489 2712 4666 2776 Vale.

2738 2793 3131 2859 Lausannae
3183 2798 3274 2858 16.
3324 2790 3551 2860 Oetob.
3610 2799 3785 2860 1553.

3700 2933 3880 2998 'l'uus
3925 2933 4164 2998 Petrus
4210 2935 4502 3000 Viretus.

3503 3193 3908 3202 m

3609 3375 3799 3446 1831.

3108 3527 3590 3596 SULZEBUS
3637 3530 4263 3598 BULLINGERO.

2903 3697 3249 3765 Consilium
3304 3699 3768 3766 Basiliensium
3820 3704 3895 3768 de
3953 3703 4194 3769 Ser-veto
4255 3706 4313 3768 ei
4370 3705 4563 3769 mittit
4612 3709 4666 3769 et

2727 3784 3019 3864 optimam
3060 3786 3176 3849 alit
3209 3805 3382 3866 spem
3422 3807 3545 3851 non
3581 3788 3716 3869 fore
3747 3794 3818 3852 ut
3855 3788 4232 3855 Genevenses
4254 3796 4664 3872 praepostera

2725 3870 2799 3933 in
2839 3890 2978 3935 eum
3018 3870 3333 3936 elementia
3368 3878 3646 3952 utantur,
3690 3874 4047 3955 quanquam
4089 3875 4161 3940 ob
4191 3876 4424 3956 populi
4467 3878 4663 3941 inomn-

2725 3957 3026 4021 stantiam
3081 3955 3259 4023 Deus
3324 3959 3605 4023 orandus
3666 3961 3785 4024 erit
3844 3965 3914 4024 ut
3975 3961 4187 4024 omnia
4249 3980 4367 4025 suo
4433 3962 4664 4043 epm

2724 4048 2915 4124 reyat.

2726 4212 2834 4277 (Ex
2882 4213 3216 4335 autographo
3252 4213 3417 4266 Aroh.
3468 4213 3643 4268 Turio.
3680 4214 3822 4266 Plut.
3861 4215 3963 4268 VI.
4002 4216 4128 4269 Vol.
4173 4216 4301 4281 155,
4352 4218 4488 4272 olim
4522 4217 4661 4286 Epp-

3156 4282 3224 4334 ol.
3260 4280 3345 4350 33,
3382 4282 3471 4335 fol.
3505 4279 3627 4335 355.
3669 4311 3729 4320 -—
3766 4281 3976 4338 Simler.
4015 4284 4138 4339 Vol.
4172 4284 4282 4352 80.)

2899 4468 3063 4533 Viro
3117 4472 3680 4553 praestantissimo
3736 4469 3819 4536 D.
3867 4472 4229 4538 Heinrioho
4271 4474 4663 4558 Bullingero

2724 4555 3034 4619 eeclesiae
3077 4556 3435 4640 'fig-urinae
3493 4558 3768 4622 antistiti
3830 4556 4089 4623 domino
4143 4568 4211 4623 et
4252 4570 4662 4647 symmystae

2725 4640 3174 4706 oolendissimo
3219 4663 3382 4733 suo.¹

4027 4730 4179 4797 Gan
4221 4731 4488 4798 Zurieh.

2891 4860 2959 4927 S.
3026 4861 3231 4927 Reote
3265 4861 3508 4929 factum
3555 4875 3656 4933 est
3699 4886 3738 4930 a
3781 4873 3864 4946 te,
3907 4867 3999 4931 mi
4034 4866 4443 4951 Bullingere‚
4491 4864 4659 4952 quod

2720 4948 3119 5013 oooasionem
3179 4949 3574 5016 rescribendi
3628 4974 3744 5035 per
3801 4953 3978 5018 huno
4036 4951 4456 5019 tabellarium
4521 4955 4660 5037 ipse

2718 5151 2979 5221 1830.1)
3029 5152 3161 5208 Vide
3194 5157 3413 5210 omnim
3443 5159 3690 5226 proxime
3718 5156 4122 5227 praecedentem
4161 5158 4401 5228 Calain,
4451 5161 4550 5216 abs·
4593 5158 4662 5214 de

2718 5221 2883 5276 huius
2915 5238 2994 5357 εἰς.
3016 5222 3389 5359 gemam
3425 5227 3591 5297 doque
3622 5228 3831 5296 nuptiis
3865 5226 4164 5330 Ber-nardi.
