4900 6167
777 411 902 473 26⁷
1334 361 1339 366 ’
2264 403 2776 473 memmi
2826 408 3241 470 1592—1595
4594 419 4698 484 2⁶⁸

945 594 1079 662 Sed
1123 615 1331 679 neque
1362 585 1488 659 ists
1529 593 1807 659 sci-i’bere
1841 614 1946 659 me
1979 594 2228 677 patitur
2258 614 2707 678 personarum,

777 693 1161 765 temporum,
1195 680 1596 762 aliarumque
1638 679 2273 745 circumstantiarum
2316 680 2499 745 ratio.
2586 678 2708 745 Oo-

776 787 921 833 ram
955 786 1222 831 narrare
1264 765 1501 830 rectius
1544 764 1879 848 tutiusque
1920 785 2201 848 possem:
2243 764 2414 847 quod
2457 765 2710 830 utinam

774 852 920 918 fieri
963 860 1179 934 posset
1218 870 1459 934 mag-no
1504 850 1843 934 utriusque
1885 850 2138 935 gaudio.
2226 848 2362 915 Sed
2404 851 2710 933 quoniam

775 937 847 1003 id
882 938 1024 1002 fieri
1059 957 1230 1002 nunc
1251 956 1381 1001 non
1415 942 1645 1018 potest,
1680 936 1807 1000 isto
1850 945 2192 1001 contentus
2233 935 2363 1001 eris
2384 934 2710 1019 evangelii

776 1022 1151 1108 evangelio:
1171 1018 1345 1105 quod
1365 1019 1700 1086 obscurius
1731 1021 1865 1087 scio
1896 1040 2093 1104 quam
2114 1020 2300 1098 velis,
2333 1019 2448 1085 sed
2470 1038 2546 1086 ut

777 1130 925 1174 sum
970 1107 1313 1172 annuncio.
1400 1105 1712 1171 Nostrum
1769 1107 2033 1171 interim
2084 1106 2287 1171 fuerit
2343 1125 2530 1171 orare
2561 1040 2710 1172 ff:

776 1195 1065 1266 minum.
1118 1213 1201 1257 ne
1242 1192 1367 1256 hac
1421 1212 1540 1255 nos
1592 1212 1705 1273 spe
1746 1191 2047 1256 frustrari
2090 1191 2292 1269 sinat,
2336 1189 2455 1255 sed
2494 1192 2713 1257 omnia

775 1279 992 1362 potius
1034 1279 1102 1342 in
1161 1278 1480 1361 optimum
1532 1286 1775 1341 statum
1831 1285 2243 1359 promoveat,
2304 1276 2471 1343 oin-a
2525 1276 2712 1342 cuius

775 1384 967 1447 opem
1014 1362 1182 1427 nihil
1223 1363 1488 1427 omnino
1545 1372 1717 1428 recte
1772 1381 2062 1446 unquam
2116 1362 2425 1428 constitui
2483 1372 2710 1444 potest.

948 1448 1349 1524 Memineris,
1393 1467 1647 1530 quaeso,
1691 1447 2039 1514 sollicitare
2079 1447 2454 1511 Beruenses
2495 1469 2570 1513 ac
2604 1448 2713 1511 'Pi-

777 1535 1071 1620 gurinos,
1125 1534 1541 1617 ipsorumque
1583 1535 1834 1598 animos
1876 1539 2194 1615 quantum
2243 1534 2490 1615 poteris
2532 1553 2716 1616 prae-

778 1619 1058 1694 monito,
1085 1628 1174 1693 ut,
1210 1619 1267 1683 si
1285 1619 1506 1701 aequis
1529 1617 2003 1685 conditionibus
2036 1628 2366 1700 rogentur,
2408 1638 2494 1682 ne
2517 1616 2713 1683 adve-

776 1706 925 1770 nire
980 1713 1279 1769 renuant.
1364 1704 1765 1769 Nominatim
1811 1702 2187 1779 Musoedum,
2252 1702 2712 1782 Bibliandmm,

780 1791 1072 1873 aliosque
1115 1791 1256 1855 eius
1298 1799 1523 1869 notae,
1590 1791 1644 1855 si
1692 1790 1803 1872 qui
1858 1788 1966 1854 hic
2010 1790 2187 1871 regio
2231 1789 2555 1872 stipendio
2599 1789 2713 1854 do-

779 1897 931 1943 cere
973 1875 1197 1939 volent
1216 1928 1233 1953 ,
1291 1895 1531 1958 quaeso
1548 1928 1563 1952 ,
1623 1887 1700 1939 ut
1753 1874 1874 1939 tibi
1918 1894 2128 1958 nuper
2178 1874 2474 1940 dixeram
2493 1927 2508 1953 ,
2566 1895 2713 1957 per-

776 1959 979 2028 suade
1023 1970 1336 2045 quantum
1378 1971 1561 2044 potes
1604 1969 1681 2025 ut
1722 1961 2007 2026 veniant.
2036 1961 2124 2040 ²⁰)
2212 1959 2288 2026 Si
2331 1960 2551 2045 videas
2589 1960 2716 2025 huc

779 2047 1100 2113 inclinare
1142 2067 1369 2112 eorum
1415 2047 1663 2111 animos
1728 2054 1803 2109 ut
1856 2046 2064 2109 facere
2118 2047 2332 2129 parati
2373 2047 2508 2111 sint
2548 2066 2715 2128 quae

777 2134 1080 2217 cupimus
1096 2184 1112 2210 ,
1179 2131 1362 2197 nobis
1433 2152 1675 2215 quaeso
1738 2130 1806 2194 id
1868 2129 2159 2196 indicare
2224 2152 2354 2195 non
2417 2132 2716 2215 graveris

777 2240 974 2302 quam
1016 2220 1158 2283 fieri
1201 2219 1396 2282 etiam
1442 2217 1681 2301 poterit
1722 2213 2071 2300 oe’cyssime.

950 2302 1082 2368 Sed
1117 2305 1250 2367 iam
1285 2301 1531 2367 dudum
1569 2301 1978 2384 epistolarem
2021 2300 2285 2368 modum
2325 2302 2595 2380 excessi,
2641 2323 2718 2367 ac

775 2388 929 2474 plus
971 2390 1140 2453 iusto
1181 2388 1388 2453 fateor
1428 2408 1534 2451 me
1567 2386 1767 2452 fuisse
1808 2388 2137 2467 πολύλογον.
2225 2384 2486 2473 Obtigit
2519 2388 2716 2453 ctiam

775 2493 955 2540 nunc
988 2475 1263 2556 ineptus,
1298 2472 1463 2537 mihi
1499 2482 1673 2537 certe
1706 2473 2215 2550 molestissimus,
2251 2473 2561 2551 calamus,
2604 2474 2717 2557 qui

777 2560 1071 2643 picturae
1126 2558 1280 2624 huic
1333 2566 1410 2622 ut
1466 2557 1646 2623 vides
1703 2556 2188 2624 sordidissimae
2239 2566 2458 2642 totque
2497 2557 2717 2624 lituris

778 2663 1041 2710 causam
1100 2642 1417 2724 praebuit.
1517 2641 1713 2709 Sensi
1771 2664 2023 2728 quoque
2076 2645 2416 2729 ingenium
2460 2665 2537 2710 ac
2578 2665 2716 2710 me-

778 2729 1057 2793 moriam
1100 2748 1234 2792 non
1278 2730 1437 2794 satis
1481 2728 1588 2794 hic
1632 2749 1826 2794 suum
1868 2730 2152 2794 officium
2194 2731 2441 2796 fecisse.
2529 2729 2717 2812 Quae

777 2822 846 2878 te
883 2815 1103 2878 omnia
1155 2834 1268 2880 oro
1323 2814 1510 2898 aequi
1566 2814 1841 2898 bonique
1897 2815 2214 2881 consulas.
2301 2815 2498 2881 Hanc
2539 2816 2716 2880 enim

780 2894 995 2963 denuo
1036 2900 1388 2966 rescribere
1430 2900 1628 2965 nimis
1684 2900 1952 2984 longum
1995 2900 2179 2966 foret.
2267 2901 2352 2966 D.
2414 2899 2714 2980 Vir-emm,

781 2981 1126 3064 Farellum,
1172 2985 1281 3049 ubi
1326 2985 1585 3063 videris,
1632 3006 1715 3050 ex
1755 3006 1862 3049 me
1945 3007 2141 3051 uaeso
2182 2984 2540 3070 plurimum
2583 2987 2712 3052 sal·

776 3090 932 3167 vere
975 3071 1214 3150 iubeas,
1255 3079 1449 3153 atque
1491 3072 1690 3136 etiam
1731 3071 1817 3136 D.
1922 3071 2317 3136 mundium
2358 3093 2508 3137 cum
2551 3072 2712 3136 ami·

778 3175 877 3222 cis
920 3154 1236 3233 omnibus,
1282 3158 1338 3223 si
1382 3157 1495 3240 qui
1536 3156 1921 3241 praesertim
1964 3155 2045 3222 de
2085 3178 2194 3222 me
2235 3156 2709 3240 percontabun-

775 3249 907 3303 tur.
996 3239 1292 3321 Quorum
1337 3244 1629 3307 omnium
1680 3243 1935 3325 tuisque
1993 3241 2075 3306 ad
2118 3240 2338 3306 Deum
2389 3242 2708 3326 precibus,

777 3345 854 3390 ac
896 3335 1152 3391 vestrae
1194 3329 1481 3392 omnium
1528 3327 1865 3404 amicitiae,
1919 3347 2115 3411 quam
2157 3326 2709 3394 commendatissi-

775 3430 926 3474 mus
968 3431 1109 3477 esse
1150 3413 1358 3496 cupio.
1425 3413 1608 3492 Vale,
1652 3412 2192 3478 christianissime
2233 3412 2706 3480 cordatissime-

777 3515 907 3578 que
957 3494 1228 3563 Calvina
1307 3497 1630 3563 Dominus
1672 3506 1738 3561 te
1781 3508 2000 3563 servet
2041 3505 2282 3582 tuaque
2325 3499 2549 3565 omnia
2590 3521 2706 3582 pro

778 3591 936 3646 voto
990 3583 1293 3648 fortunet.
1379 3580 1669 3647 Londini
1718 3587 1811 3646 11.
1857 3582 1996 3648 Gal.
2038 3583 2430 3651 Februarias
2480 3590 2658 3649 1552.

1488 3718 1670 3783 Tuus
1713 3718 2096 3787 Franciscus
2140 3741 2179 3786 a
2221 3721 2624 3806 Burgundia.

1539 4013 1942 4026 O*

1647 4233 1836 4302 15⁹8.

860 4361 1327 4432 CALVINUS
1372 4367 1850 4435 MINIS'I‘RIS
1894 4369 2611 4438 BASILIENSIBUS.

957 4533 1220 4600 Gratias
1284 4538 1414 4619 ayit
1475 4538 1557 4602 iis
1611 4539 1684 4602 de
1738 4559 2025 4622 responso
2081 4541 2147 4604 in
2203 4563 2397 4608 causa
2457 4541 2702 4608 Bolseci
2747 4539 2753 4566 '

778 4597 2752 4715 datoquamvisminusplenodliqm’doquamoptandum!

774 4704 1018 4784 fuisset.
1124 4706 1287 4770 Tum
1332 4709 1524 4774 denuo
1575 4711 1645 4774 in
1700 4709 1879 4775 illum
1938 4711 2263 4778 invehitur·
2300 4713 2513 4780 relatis
2564 4716 2700 4778 eius
2747 4717 2752 4758 ¹

772 4787 1093 4854 haereticis
1151 4791 1441 4872 somniabis
1491 4800 1547 4859 d
1600 4793 1714 4861 hac
1759 4798 2064 4861 occasione
2120 4799 2306 4863 etiam
2350 4798 2698 4864 Folle-sium
2746 4785 2753 4842 ¹

818 5165 827 5174 ⁹
939 5095 1033 5163 20)
1072 5097 2093 5158 Laeuos-mainerium
2138 5121 2328 5159 vocare
2373 5051 2753 5175 commem!

775 5167 2163 5241 manuvoeiaoipocmetaumepmozae·
2163 5175 2700 5243 ‚Autumnum
2746 5165 2752 5218 Ι

770 5231 846 5369 ἔ
864 5231 1193 5354 flammae
1235 5243 1285 5290 a
1331 5238 1450 5305 ipso
1495 5238 1631 5294 adeo
1678 5240 2010 5310 Bullia-qm.
2096 5241 2179 5308 cf.
2232 5243 2474 5310 Bana..
2519 5245 2699 5302 Lamo
2745 5237 2753 5310 4

2814 592 3006 658 (Manu
3050 593 3391 646 amanuensis
3436 594 3643 664 scripta
3685 602 3867 649 exstat
3906 596 3966 649 in
4010 596 4129 651 solo
4174 596 4301 656 cod.
4347 598 4537 655 (ἔων.
4581 601 4701 670 101⁵,

2812 661 2902 716 fol.
2936 660 3022 715 5⁰.
3074 660 3265 716 Edidit
3296 660 3443 715 Besa
3475 662 3609 718 Gen.
3644 679 3698 732 p.
3726 662 3838 728 105,
3875 664 4036 720 Iasus.
4071 681 4127 734 p.
4149 663 4270 731 235,
4303 666 4506 736 Hanov.
4537 669 4700 738 1).ss

2813 729 3026 785 Obouet
3074 747 3128 800 p.
3175 728 3277 783 141
3292 770 3306 796 ,
3354 730 3529 785 Aiunt.
3564 748 3620 802 p.
3652 729 3736 785 64.
3809 731 4102 787 variantes
4154 733 4325 788 Beue
4368 736 4553 790 nullius
4597 751 4703 792 sunt

3418 799 3677 853 momenti
3708 806 3929 870 praeter
3961 804 4171 865 unam.)
4663 813 4668 822 '

2813 966 3049 1033 Gratia
3089 965 3277 1032 vobis
3320 978 3389 1040 et
3429 988 3558 1051 pax
3602 989 3643 1033 a
3684 968 3826 1034 Deo
3914 978 4059 1035 atre
4099 983 4322 1037 nostro
4358 983 4423 1038 ct
4453 974 4703 1042 Domino

2812 1051 2966 1117 Iesu
3021 1049 3286 1118 Christo
3343 1053 3658 1119 carissimi
3679 1066 3803 1204 122
3804 1075 3874 1204 dp
3898 1055 4188 1122 urimum
4243 1057 4473 1124 fratres
4530 1061 4704 1126 hono-

2983 1273 3131 1338 Etsi
3173 1293 3555 1356 responsum
3611 1275 3692 1340 dc
3748 1278 4127 1358 quaestione
4181 1279 4361 1344 vobis
4414 1281 4707 1362 proposita

2815 1357 3084 1423 dedistis
3126 1359 3344 1424 miuus
3387 1358 3654 1442 plenum
3701 1382 3775 1426 ac
3818 1359 4135 1445 liquidum
4187 1385 4381 1447 quam
4432 1384 4531 1430 res
4567 1366 4706 1430 forte

2934 1442 3186 1508 tulabat
3200 1494 3215 1520 ,
3279 1457 3457 1510 cei-te
3514 1466 3710 1528 quam
3765 1467 3913 1529 spes
3964 1458 4246 1531 votaque
4298 1459 4514 1515 nostra
4565 1450 4706 1515 fere-

2898 1540 2994 1605 nt,
3017 1532 3066 1605 ¹)
3130 1541 3425 1595 vestrum
3487 1543 3706 1596 tamen
3761 1531 4110 1598 candorem
4158 1534 4542 1617 iuvandique
4590 1543 4706 1600 stu·

2815 1612 2998 1678 dium
3041 1614 3249 1697 gratis
3289 1616 3525 1680 animis
3550 1615 3836 1701 amplexi
3879 1639 4122 1686 sumus.
4190 1618 4531 1686 Caeterum
4568 1620 4707 1684 nibil

2816 1698 2950 1765 illic
2993 1700 3120 1765 nisi
3179 1701 3360 1783 pium
3417 1713 3486 1764 ct
3539 1701 3979 1768 orthodoxum
4033 1705 4356 1771 contineri
4409 1705 4708 1771 sentimus.

2816 1784 3090 1850 Utinam
3133 1785 3283 1850 talis
3327 1787 3640 1852 confessio
3679 1789 4015 1871 impetrari
4059 1810 4100 1855 a
4121 1789 4376 1857 Bolseno
4414 1792 4707 1875 potuisset

2817 1869 3017 1934 Nulla
3050 1870 3226 1934 enim
3259 1891 3455 1937 causa
3485 1872 3714 1937 fuisset
3746 1873 4152 1941 exhibendae
4179 1876 4366 1943 vobis
4400 1876 4709 1942 molestiae.

2817 1953 2954 2020 Sed
2995 1954 3168 2038 quod
3212 1956 3292 2022 de
3333 1958 3475 2040 ipso
3516 1959 3738 2022 testati
3789 1980 4031 2038 sumus,
4074 1960 4226 2044 plus
4265 1981 4459 2044 quam
4498 1962 4708 2026 ferreae

2817 2061 2958 2106 esse
3000 2041 3232 2106 frontis
3260 2041 3611 2119 hominem,
3656 2064 3886 2109 verum
3927 2065 4071 2112 esse
4110 2048 4495 2132 comprobat,
4536 2066 4708 2129 quum

2817 2147 2887 2191 se
2929 2136 3151 2192 vestro
3193 2126 3433 2192 iudicio
3474 2127 3879 2195 subscribere
3921 2132 4258 2197 mentitur.
4284 2131 4340 2216 ²)
4421 2132 4484 2197 Ν
4483 2153 4552 2198 ec
4581 2151 4709 2196 vero

2817 2232 2969 2276 eum
3009 2212 3245 2294 puduit
3285 2233 3504 2278 coram
3526 2213 3778 2280 Senatu
3811 2226 4037 2281 nostro
4080 2216 4256 2281 idem
4289 2219 4539 2284 iactare.
4597 2214 4707 2282 Sed

2816 2295 3035 2361 valida
3087 2298 3472 2364 refutatione
3526 2320 3695 2382 quae
3750 2300 3819 2364 in
3888 2311 4195 2385 promptu
4249 2315 4391 2370 erat
4441 2302 4707 2369 confusus

2817 2381 3083 2447 tandem
3125 2383 3463 2449 obmutuit.
3532 2384 3739 2450 Porro
3775 2406 3862 2450 an
3946 2386 4260 2470 uidquam
4305 2396 4549 2456 vestrae
4583 2385 4706 2452 doc·

2818 2468 3030 2533 trinae
3068 2469 3264 2534 affine
3306 2470 3556 2548 habeat,
3602 2492 3730 2536 non
3771 2482 3873 2537 est
3962 2474 3975 2486 '
4050 2473 4176 2539 cilo
4217 2473 4536 2541 iudicium.
4612 2471 4707 2537 Li·

2819 2552 2977 2617 teris
3033 2555 3273 2620 nostris
3329 2575 3404 2621 ac
3453 2556 3827 2622 testimonio
3878 2579 3961 2623 ne
4018 2558 4338 2626 habeatur
4389 2558 4543 2625 fides
4557 2610 4572 2637 ,
4622 2556 4708 2622 de-

2818 2638 3093 2721 scriptas
3135 2660 3219 2704 ex
3262 2642 3423 2706 actis
3465 2641 3742 2723 publicis
3784 2644 3924 2709 eius
3966 2645 4420 2728 responsiones
4460 2643 4706 2710 Senatus

2817 2733 3040 2789 noster
3083 2725 3265 2790 vobis
3306 2726 3501 2803 misit,
3548 2728 3616 2791 in
3659 2728 3894 2810 quibus
3948 2731 4286 2812 reperietis
4338 2729 4421 2796 ad
4470 2727 4706 2796 verbum

2816 2808 3009 2874 fidem
3066 2810 3147 2876 ab
3202 2811 3516 2877 elecfione
3565 2834 3697 2877 non
3740 2812 4053 2896 pendere:
4117 2818 4275 2881 item
4295 2867 4310 2895 ,
4367 2815 4705 2882 electimmi

2816 2914 2961 2959 esse
3003 2916 3087 2960 ex
3130 2895 3294 2961 fide:
3353 2897 3530 2974 item,
3575 2899 3902 2964 neminem
3955 2901 4029 2965 in
4080 2921 4203 2966 sua
4253 2902 4552 2968 caecitate
4599 2917 4706 2962 ma·

2815 2998 2974 3044 nere
3015 2979 3099 3045 ob
3143 2993 3413 3047 naturae
3454 2985 3949 3066 corruptionem,
3996 2987 4151 3069 quia
4196 2987 4318 3053 rite
4354 3008 4394 3052 a
4423 2987 4557 3052 Deo
4589 2982 4706 3047 iuu-

2814 3065 3155 3131 minantur
3195 3086 3446 3132 omnes:
3506 3069 3722 3134 Deum
3779 3091 3935 3136 vero
3991 3072 4387 3138 contumelia
4437 3071 4610 3148 affici,
4661 3067 4706 3131 si

2812 3151 2959 3233 quis
3017 3149 3194 3218 dicat
3246 3150 3458 3217 deseri
3514 3154 3764 3238 aliquos
3819 3156 3889 3219 in
3956 3177 4077 3223 sua
4125 3159 4436 3238 caecitate
4488 3177 4528 3222 a
4571 3156 4704 3229 Deo.

2812 3236 3120 3319 quoniam
3164 3235 3260 3301 illi
3317 3239 3408 3304 sic
3469 3240 3682 3306 visum
3726 3255 3841 3306 est.
3928 3241 4121 3322 Item,
4166 3245 4346 3310 trahi
4382 3264 4422 3308 a
4452 3241 4586 3308 Deo
4621 3260 4706 3304 rs-

2814 3321 3086 3388 tiousles
3127 3343 3353 3388 omnes
3406 3335 3769 3391 creaturas:
3822 3346 3943 3392 nec
3999 3349 4374 3413 quenquam
4426 3328 4504 3395 ab
4554 3324 4706 3391 initio

2812 3404 3021 3472 deseri
3035 3458 3052 3483 ,
3112 3405 3227 3472 sed
3279 3411 3390 3491 qui
3443 3412 3700 3494 saepius
3741 3410 3887 3477 Deo
3941 3413 4304 3481 reluctatus
4356 3423 4467 3481 est.
4545 3412 4704 3482 Item.

2809 3511 2892 3557 ex
2935 3490 3189 3575 lapideo
3231 3494 3423 3560 corde
3464 3495 3608 3562 fieri
3651 3517 3761 3562 coi·
3802 3519 4126 3578 carneum,
4172 3500 4346 3566 nihil
4387 3520 4520 3566 esse
4559 3492 4704 3563 aliud

2807 3597 3002 3660 quam
3047 3576 3188 3643 dari
3228 3599 3342 3645 cor
3379 3581 3856 3666 intelligentiae
3897 3605 4138 3669 capax:
4189 3587 4360 3652 hanc
4399 3605 4545 3651 vero
4581 3600 4703 3665 gra·

2809 3662 2970 3727 tiam
3013 3663 3382 3747 generalem
3438 3686 3599 3733 esse.
3701 3667 3904 3748 Item,
3957 3691 4091 3734 non
4152 3692 4301 3738 esse
4353 3670 4472 3736 hos
4522 3665 4704 3751 potin!

2805 3767 3000 3830 quam
3053 3747 3199 3814 illos
3257 3749 3339 3814 ad
3395 3751 3673 3817 salutem
3730 3754 4271 3837 praedestinatos.
4368 3755 4576 3837 Quum
4623 3748 4702 3814 illi

2807 3853 2893 3896 ex
2939 3833 3152 3916 primo
3207 3834 3287 3899 ad
3346 3836 3668 3920 Ephesios
3736 3841 3944 3922 capite
3991 3840 4284 3909 obiectus
4341 3848 4504 3908 esset
4551 3837 4699 3904 loona

2807 3923 2895 4000 (ν.
2944 3923 2981 3980 5
3025 3919 3139 3998 ss.)
3184 3941 3301 4002 pro
3355 3920 3696 4006 desperata
3750 3945 3870 3990 sua
3923 3925 4334 4008 impudentia
4385 3921 4696 4009 respondit,

2805 4024 2935 4068 non
2988 4003 3121 4071 illio
3177 4005 3258 4070 de
3314 4011 3644 4074 communi
3702 4010 3953 4091 piorum
4009 4011 4220 4078 salute
4276 4011 4555 4088 tracturi,
4601 4002 4695 4074 sed

2803 4089 2959 4171 quia
3002 4089 3251 4157 Paulus
3306 4113 3455 4157 cum
3510 4095 3643 4159 suis
3698 4093 3962 4179 collegis
4021 4098 4089 4161 in
4146 4119 4387 4164 munus
4655 4092 4693 4137 ’-

2802 4194 2950 4239 cum
2994 4175 3239 4241 electus
3279 4177 3462 4243 foret.
3550 4176 3771 4258 Quum
3809 4201 3965 4265 ergo
4005 4203 4273 4248 rursum
4316 4207 4356 4249 a
4394 4204 4440 4247 n
4522 4182 4533 4194 '
4599 4199 4692 4244 ex·

2802 4270 3060 4342 ceptum
3102 4271 3290 4339 esset,
3344 4262 3515 4328 solos
3557 4264 3761 4348 igitur
3803 4268 4123 4349 apostolos
4177 4268 4534 4352 adoptionis
4568 4282 4692 4348 gr·-

2802 4346 3006 4409 tuitae
3061 4365 3205 4411 esse
3260 4357 3605 4431 compotes,
3664 4350 3835 4416 solos
3877 4352 4020 4417 Deo
4071 4356 4510 4421 reconciliatos
4557 4369 4691 4420 esse,

2801 4430 2969 4495 solos
3013 4433 3391 4498 remissione
3433 4441 3839 4515 pcccatorum
3884 4436 4171 4516 donatos,
4218 4439 4377 4506 adeo
4417 4459 4540 4504 non
4577 4453 4692 4499 mo-

2802 4527 2911 4579 tus
2950 4526 3050 4580 est
3095 4528 3170 4581 ut
3212 4519 3444 4582 canino
3490 4519 3625 4584 risu
3667 4521 3946 4588 fulmina
3986 4523 4101 4587 illa
4140 4527 4482 4608 exciperet.
4542 4519 4689 4613 Cou-

2801 4601 2971 4665 ferre
3015 4600 3174 4668 haec
3216 4602 3444 4670 deliria
3500 4625 3646 4671 oum
3705 4621 3927 4672 vestro
3984 4608 4225 4676 iudicio
4241 4662 4257 4686 ,
4323 4608 4474 4693 quid
4513 4623 4688 4687 magle

2802 4685 3326 4753 dissentaneum?
3415 4689 3605 4755 Absit
3646 4713 3800 4777 ergo
3845 4703 3919 4757 ut
3954 4715 4072 4759 vos
4113 4695 4332 4779 impiis
4373 4695 4505 4760 eius
4542 4709 4687 4756 erro·

2801 4772 2980 4836 ribus
3044 4771 3335 4838 dicamus
3386 4776 3759 4859 suffragari:
3817 4798 3858 4841 a
3913 4778 4148 4861 quibus
4206 4802 4322 4848 vos
4375 4800 4509 4846 esse
4557 4775 4685 4839 alie·

2745 4865 2752 4954 j
2803 4858 3102 4921 nissimos
3144 4859 3411 4939 epistola
3455 4873 3671 4928 vestra
3713 4863 3952 4927 diserte
3996 4863 4249 4931 clamat.
4337 4866 4475 4931 Imo
4514 4877 4684 4945 quum

2802 5114 2976 5168 leae.
3019 5115 3071 5178 1)
3111 5115 3218 5169 Hic
3247 5117 3531 5185 pacandum
3579 5116 3703 5170 sinzo
3743 5116 4103 5173 moderatiore
4150 5127 4323 5176 utum
4358 5120 4550 5190 setique
4579 5124 4684 5170 um·

2799 5189 2981 5250 perat,
3033 5199 3202 5251 nuper
3253 5186 3445 5240 altiore
3499 5200 3566 5238 su
3622 5184 3785 5265 ‘cilio
3830 5185 4106 5243 incedebat
4155 5189 4226 5242 N.
4281 5187 4410 5242 1564
4463 5195 4507 5242 et
4555 5181 4681 5236 1571-

2747 5329 2754 5358 ι
2808 5249 3493 5386 onwan-affl
3509 5327 3559 5375 et
3652 5255 4125 5394 affimyc.
4153 5343 4210 5394 p.
4247 5324 4363 5378 381.
