4900 6167
626 400 708 462 47
2126 392 2651 461 EPIS'POLAE
2708 398 2952 459 1448-
2967 398 3124 459 1449
4553 394 4647 457 48

618 583 1012 668 poenituerit
1055 603 1162 648 me
1204 582 1639 666 simplicitatis
1683 603 1883 659 meae,
1931 602 2061 666 qua
2104 581 2220 648 tibi
2265 581 2572 649 doctissi-

619 691 726 736 mo
771 669 1067 753 acquievi
1122 668 1578 734 transmittens
1635 668 1751 734 tibi
1810 667 2090 752 improbi
2155 665 2391 733 laboris
2437 669 2567 734 mei

617 756 1046 822 immaturum
1090 755 1395 820 fructum.
1425 757 1471 831 ¹)
1558 754 1689 836 Qui
1748 776 1883 820 non
1926 754 2118 819 alicui
2164 755 2380 838 parari
2424 773 2572 819 coe-

618 841 717 925 pit
784 841 913 907 nisi
979 840 1147 905 mihi
1216 839 1369 918 soli,
1448 862 1639 923 quem
1707 837 2015 907 discendo
2081 848 2148 906 et
2212 838 2574 905 divinando

619 928 851 1012 scripsi
886 924 970 991 ad
1005 926 1283 1011 primam
1320 947 1593 992 manum
1627 933 1696 991 et
1737 925 2081 992 scribendo
2117 925 2262 990 sine
2299 924 2573 992 docente

619 1011 816 1079 didici
875 1022 947 1078 ut
988 1011 1134 1078 fieri
1176 1013 1406 1095 potuit.
1498 1012 1844 1095 Postquam
1903 1011 2080 1077 enim
2123 1032 2242 1094 per
2290 1010 2572 1077 sedecim

619 1118 828 1164 annos
883 1098 1038 1164 olim
1104 1097 1272 1163 nihil
1335 1097 1643 1163 haberem
1701 1098 2017 1166 librorum
2075 1107 2336 1180 praeter
2393 1094 2574 1162 nuda

621 1184 853 1261 biblia,
910 1205 1061 1250 cum
1106 1205 1237 1266 qua
1255 1187 1314 1266 2)
1361 1184 1652 1249 laborare
1695 1204 2035 1265 coeperam
2081 1183 2295 1255 solus,
2364 1181 2571 1248 donec

620 1268 1152 1335 concordantiam
1197 1268 1565 1354 colligerem
1617 1290 1954 1352 operosam
2001 1289 2084 1334 ex
2128 1267 2395 1353 vulgata
2439 1276 2570 1333 tra·

621 1354 949 1430 ductione,
1005 1365 1072 1421 et
1134 1355 1628 1439 grammaticam
1686 1354 1851 1420 mibi
1921 1355 2271 1420 scriberem
2295 1355 2347 1440 3)
2417 1363 2570 1420 ante

620 1441 783 1507 alios
826 1463 1082 1520 omnes,
1126 1441 1256 1507 iam
1305 1463 1345 1506 a
1388 1463 1572 1507 xxxv
1617 1442 1809 1506 annis
1851 1440 2324 1506 commentaria
2366 1440 2570 1505 Rabi-

621 1549 854 1593 norum
896 1526 1129 1593 maiori
1187 1548 1337 1593 cum
1396 1527 1612 1593 labore
1668 1526 2036 1610 intelligere
2095 1524 2322 1602 didici,
2379 1534 2444 1591 et
2488 1527 2570 1592 ob
2611 1531 2618 1552 “

618 1615 970 1679 memoriae
1028 1612 1351 1678 fallaciam
1408 1613 1692 1679 scribere
1738 1613 2050 1695 inquisita
2105 1610 2355 1688 studui,
2413 1612 2569 1677 olim

620 1721 661 1764 a
705 1719 810 1763 me
867 1698 973 1764 vel
1033 1699 1309 1783 posteris
1410 1699 1717 1764 erfectius
1762 1698 2239 1776 transferenda,
2300 1697 2408 1762 vel
2442 1699 2571 1764 cri-

619 1782 901 1862 branda,
970 1793 1085 1850 aut
1147 1785 1218 1850 in
1278 1783 1360 1850 Iu
1406 1805 1675 1850 aeorum
1729 1784 2178 1850 confusionem
2236 1780 2573 1867 prodenda

616 1869 968 1953 aliquando
1012 1879 1080 1936 et
1120 1869 1567 1955 improbanda.
1657 1870 1866 1936 Malui
1927 1892 2082 1956 ergo
2139 1869 2448 1936 confundi
2491 1868 2572 1935 de

619 1956 991 2040 ignorantia
1048 1956 1259 2021 multa
1310 1978 1443 2040 qua
1485 1956 1700 2022 adhuc
1743 1956 1999 2033 laboro,
2053 1957 2341 2021 maxime
2401 1956 2574 2021 circa

620 2041 847 2107 stilum
891 2041 1336 2126 magistralem
1381 2041 1796 2108 Rabinorum
1842 2051 1911 2124 et
1954 2041 2374 2107 talmudicam
2422 2041 2570 2106 bar-

618 2128 884 2207 bariem,
930 2148 1094 2212 quae
1139 2127 1356 2211 qualia
1404 2128 1538 2194 sint
1580 2148 1713 2192 non
1756 2127 2022 2211 ignoras
2041 2179 2055 2206 ,
2102 2139 2169 2192 et
2211 2148 2375 2210 quae
2420 2148 2570 2191 eru-

620 2212 886 2280 ditiores
930 2235 1184 2297 quoque
1227 2213 1588 2297 prudenter
1624 2213 1973 2297 repudiant
2015 2223 2084 2278 et
2119 2221 2569 2290 contemnunt,

617 2299 730 2365 vel
774 2311 1123 2383 assequuta
1141 2304 1195 2372 ⁴)
1239 2299 1436 2364 etiam
1482 2298 1829 2377 damnant,
1878 2320 2073 2382 quam
2118 2298 2376 2365 caritati
2417 2311 2572 2365 tuae

615 2407 860 2469 negare
893 2385 1200 2466 officium,
1245 2385 1356 2468 qui
1393 2393 1469 2450 ut
1503 2384 1719 2450 iunior
1755 2395 1821 2450 et
1855 2384 2174 2451 eruditior
2215 2385 2288 2449 in
2322 2384 2569 2469 linguis

617 2492 703 2536 ex
748 2471 1141 2537 stercoribus
1185 2469 1470 2554 deligere
1514 2492 1806 2555 gemmas
1851 2471 2058 2549 nosti,
2115 2479 2185 2536 et
2227 2471 2570 2537 condolere

615 2558 978 2623 infortunio
1024 2578 1201 2634 mec,
1258 2557 1366 2640 qui
1412 2578 1579 2639 quae
1624 2557 1803 2640 potui
1864 2557 2002 2639 egi,
2070 2579 2201 2622 non
2247 2578 2411 2640 quae
2458 2578 2570 2621 vo·

618 2642 905 2708 luissem.
1007 2642 1393 2708 Barbariem
1410 2644 1468 2719 ὃ)
1528 2643 1703 2707 enim
1764 2650 1859 2706 tot
1921 2643 2112 2708 annis
2170 2645 2264 2709 sic
2321 2641 2567 2720 imbibi,

619 2729 690 2792 in
735 2750 862 2812 qua
906 2737 1100 2794 natus
1157 2749 1305 2794 sum
1350 2736 1418 2794 et
1474 2728 1837 2794 innutritus
1878 2750 1997 2812 per
2043 2729 2354 2814 temporis
2396 2729 2570 2794 iniu-

620 2815 807 2892 riam,
855 2823 925 2879 ut
969 2814 1170 2879 venia
1212 2812 1352 2880 dari
1391 2814 1624 2880 debeat
1666 2813 1832 2879 mihi
1867 2823 1932 2879 et
1965 2815 2180 2900 gratia
2213 2814 2293 2880 de
2336 2815 2570 2881 inven-

622 2901 725 2977 tis,
771 2920 901 2965 non
944 2900 1161 2965 irrisio
1207 2910 1272 2965 et
1314 2899 1639 2965 calumnia
1685 2899 1765 2965 de
1810 2922 1938 2965 non
1985 2901 2366 2983 assequutis.
2438 2899 2571 2982 Qui

619 2986 692 3050 in
735 2984 914 3052 hunc
971 3007 1229 3069 quoque
1275 2985 1449 3050 diem
1495 2997 1758 3074 paratus
1796 3007 2005 3052 essem
2054 2986 2281 3052 audire
2327 2988 2570 3071 magis-

620 3079 759 3137 tros
817 3072 1136 3138 doctiores
1180 3073 1248 3137 in
1286 3071 1562 3152 «talibus,
1627 3080 1696 3137 et
1737 3073 1930 3138 fateri
1976 3072 2445 3171 ignorantiam,
2505 3082 2572 3136 et

618 3156 954 3224 laboribus
1000 3182 1127 3223 non
1173 3179 1466 3241 parcere:
1517 3159 1628 3241 qui
1673 3157 1756 3223 ad
1784 3159 2149 3242 insigmora
2192 3157 2409 3223 studia
2454 3181 2571 3222 na-

620 3251 728 3310 tus
772 3265 901 3309 non
948 3266 1116 3320 sum,
1163 3265 1284 3310 nec
1318 3266 1358 3309 a
1400 3244 1685 3310 Domino
1731 3243 2109 3310 destinatus.
2192 3244 2437 3309 Videor
2482 3253 2573 3308 ta-

618 3350 771 3395 men
816 3328 980 3394 mihi
1026 3330 1178 3394 huic
1222 3335 1357 3394 tam
1417 3329 1649 3395 humili
1694 3329 1808 3395 sed
1849 3351 2049 3395 sanae
2095 3330 2415 3395 vocationi
2466 3352 2572 3396 sa-

620 3416 704 3479 tis
746 3413 1096 3499 diligenter
1147 3414 1536 3495 incubuisse,
1583 3423 1650 3480 et
1690 3415 1863 3481 viam
1907 3417 2219 3481 stravisse
2263 3437 2394 3498 qua
2435 3417 2572 3483 sint

618 3500 1017 3567 ambulaturi
1086 3500 1155 3565 hi
1212 3501 1325 3584 qui
1381 3501 1464 3566 ad
1507 3500 1787 3585 gloriam
1847 3501 2157 3567 maiorem
2203 3523 2242 3566 a
2286 3503 2570 3568 Domino

617 3593 776 3655 sunt
816 3585 1123 3652 destinati
1176 3595 1243 3651 et
1305 3587 1520 3672 gratia
1573 3586 1887 3669 ampliore
1941 3586 2245 3653 donandi.
2336 3586 2571 3669 Qualis

618 3681 692 3737 tu
754 3693 1009 3756 quoque
1067 3694 1136 3738 es
1194 3685 1387 3738 natus
1430 3686 1498 3737 et
1542 3682 1880 3755 promotus
1925 3673 2008 3739 ad
2053 3694 2301 3739 sacram
2350 3673 2570 3739 erudi-

618 3759 869 3823 tionem
913 3768 979 3821 et
1015 3759 1272 3843 linguas
1308 3767 1584 3825 sanctas.
1660 3757 1797 3824 Oro
1836 3768 1926 3835 ut,
1972 3760 2025 3825 si
2066 3759 2221 3842 quid
2265 3763 2370 3839 (ut
2413 3768 2571 3824 sunt

616 3844 827 3909 multa
862 3865 1201 3929 perperam
1240 3845 1511 3928 scripta)
1543 3845 1860 3921 invenias,
1907 3845 2254 3930 emendare
2299 3859 2369 3910 tu
2414 3868 2566 3928 quot

617 3951 772 4012 que,
829 3943 897 3995 et
941 3931 1214 4012 posteris
1258 3952 1335 3996 ea
1380 3931 1629 3996 ratione
1674 3929 1978 4014 prodesse
2039 3932 2225 4008 velis,
2288 3933 2569 4015 bonique

615 4014 986 4092 consulere,
1050 4037 1180 4080 non
1238 4017 1673 4082 eruditionem
1733 4034 1948 4082 meam
2005 4039 2169 4100 quae
2228 4018 2405 4083 nulla
2448 4025 2567 4096 est,

616 4101 734 4168 sed
777 4100 1070 4166 studium
1125 4103 1418 4167 caritatis
1477 4113 1543 4167 et
1585 4101 1955 4168 sedulitatis
2019 4103 2382 4187 probando,
2440 4125 2570 4187 qua

617 4197 879 4268 tempus
922 4208 1141 4251 meum
1179 4208 1313 4252 non
1350 4188 1419 4252 in
1462 4188 1595 4254 otio
1640 4187 1752 4254 sed
1791 4189 1859 4252 in
1904 4188 2376 4271 contemptibili
2422 4188 2569 4254 aliis

616 4273 867 4350 stadie,
922 4271 1135 4356 quoad
1196 4271 1562 4339 barbariem
1621 4274 1766 4339 aliis
1824 4274 2136 4351 invisam,
2197 4276 2569 4358 expendere

617 4379 751 4425 non
795 4359 1105 4424 dubitavi.

607 4581 796 4636 1448.
820 4579 879 4645 1)
918 4581 1128 4635 Novum
1166 4583 1399 4660 aliquem
1431 4588 1554 4649 post
1589 4585 2025 4638 commentarium
2045 4583 2281 4636 edidisse
2303 4598 2419 4635 eum
2450 4598 2567 4636 nes-

609 4655 798 4708 cimus.
835 4666 962 4718 erqo
1006 4650 1156 4703 alum
1201 4651 1510 4718 mynificart'
1548 4652 1597 4706 Ιι.
1637 4653 1670 4705 ἰ.
1711 4658 1945 4720 oportet,
1995 4657 2046 4707 et
2090 4667 2230 4721 quae
2263 4657 2568 4722 sequuntur

608 4719 903 4853 optune2i)n
940 4735 1057 4799 qum
1094 4719 1312 4773 cadunt.

919 4803 1011 4843 stc.

816 4857 878 4922 3)
918 4856 1089 4912 Cuius
1124 4857 1339 4911 titulum
1374 4861 1435 4911 ut
1467 4856 1597 4912 libri
1628 4872 1819 4912 revera
1853 4856 2108 4924 impressi
2121 4856 2279 4909 multi
2310 4857 2412 4912 tibi
2443 4858 2569 4925 offe·

612 4933 770 4981 ruat.-
810 4927 888 4979 De
924 4926 1083 4979 modo
1118 4926 1333 5006 legendi
1379 4931 1435 4980 et
1480 4925 1837 5007 intelligendi·
1865 4925 2100 5006 hebraea
2139 4923 2285 5006 13503.
2371 4926 2568 4981 Verum

612 5012 690 5119 ῗῖ
706 4994 1186 5144 ἒῗὲτῖῗπεέεζξειῖρ
1203 4993 2566 5144 ἶῖἒῖνῗὲὴξὲΐξυέηὗΐέῒαὲαβὲῧὲηρὲῗὲ·1896..

821 5132 874 5194 4)
912 5133 1023 5187 Hic
1056 5138 1107 5186 et
1140 5132 1295 5199 infra
1325 5148 1548 5201 passuro
1585 5149 1761 5185 sensu.

821 5200 881 5264 5)
920 5202 1135 5256 Alludit
1166 5201 1244 5254 ad
1276 5218 1431 5255 meam
1465 5203 1527 5254 in
1566 5201 2067 5256 Franci-manorum
2101 5208 2254 5257 coetu
2282 5207 2566 5271 peractam

610 5269 912 5339 lomim-em
948 5273 1089 5324 vitae
1116 5276 1344 5339 partem.
1420 5271 1600 5339 Supra
1648 5287 1773 5325 vero
1819 5275 1867 5325 et
1902 5270 2057 5336 infra
2091 5271 2272 5325 eodem
2306 5272 2565 5327 vocabulo

612 5340 792 5395 σιτίων
828 5338 939 5393 alio
973 5355 1136 5393 sensu
1169 5340 1286 5395 scil.
1322 5355 1389 5393 ea·
1426 5346 1594 5395 mente
1612 5341 1762 5410 aalys·
1790 5341 2046 5396 hebraica
2078 5341 2267 5395 studia
2301 5342 2565 5398 taxandis.

2846 581 3126 650 Iuvenes
3171 591 3429 649 nostros
3491 583 3772 667 accipias
3834 592 3909 649 tu
3951 603 4202 667 quoque
4263 583 4334 648 in
4400 600 4649 647 curam

2680 675 2894 745 tuam,
2951 679 3027 733 ut
3070 677 3293 735 sancte
3353 666 3713 753 proficiant.
3801 670 3900 735 Tu
3957 690 4211 754 quoque
4254 675 4322 735 et
4376 665 4649 733 familia

2679 760 2794 818 tua
2879 761 3014 819 tota
3090 755 3232 820 sitis
3311 754 3563 841 gratiae
3643 753 3904 820 divinae
3982 750 4648 821 commendatissimi.

2679 836 2917 904 Gratia
2954 840 3082 907 Dei
3136 839 3353 906 adhuc
3409 840 3573 907 bene
3615 840 3932 907 habemus
3983 862 4239 921 omnes,
4295 859 4464 924 quae
4518 858 4650 904 nos

2678 945 2795 1007 per
2859 926 3080 990 omnia
3136 947 3394 1010 semper
3450 926 3708 1011 dirigat.
3795 927 3966 994 Vale
4008 937 4076 992 et
4140 946 4332 1010 parce
4390 925 4651 990 liturae

2677 1009 3066 1077 inconditae.
3156 1013 3385 1095 Tiguri
3433 1019 3490 1078 5.
3529 1012 3873 1078 Februarii
3923 1017 4104 1078 1551.

3826 1150 4008 1217 'Puus
4050 1150 4122 1215 in
4166 1148 4452 1215 Domino

3842 1251 4001 1319 Gon.
4047 1251 4441 1319 Pellicanus.

3439 1547 3846 1560 m

3559 1781 3747 1852 1449.

3159 1936 3656 2005 FARELLUS
3703 1936 3885 2005 OAL
3898 1937 4053 2002 VIN
4057 1936 4138 2003 Ο.

2847 2108 2949 2175 De
3015 2109 3241 2192 synodo
3300 2110 3700 2176 Neocomensi
3745 2111 4035 2192 proxime
4104 2109 4497 2190 celebranda,
4563 2111 4649 2177 de

2673 2195 3128 2262 commentariis
3170 2196 3304 2279 reyi
3338 2195 3614 2280 Anyliae
3655 2194 3984 2273 mittendi&
4029 2195 4104 2260 de
4149 2195 4344 2262 Lusci
4377 2216 4647 2277 nupera

2674 2281 2934 2364 epistola
2949 2332 2964 2358 ,
3007 2283 3082 2347 de
3123 2280 3360 2368 Bjuceri
3402 2281 3799 2366 ambiyuitate
3842 2281 4113 2364 aliisque
4155 2282 4336 2347 rebus
4370 2283 4646 2364 passim

2673 2369 2766 2433 ita
2806 2367 3059 2434 disserit
3097 2372 3168 2432 ut
3207 2368 3465 2452 saepius
3506 2368 3661 2451 quid
3702 2366 3825 2434 sibi
3866 2368 4013 2434 velit
4055 2388 4175 2433 non
4216 2367 4379 2434 clare
4420 2389 4644 2452 appa-

2671 2458 2824 2519 reat.

2966 2627 3074 2691 (Ex
3111 2627 3447 2697 autographo
3484 2624 3610 2680 cod.
3650 2626 3853 2681 Genev.
3889 2623 3990 2678 111
4007 2639 4057 2690 ⁸,
4097 2625 4184 2678 sol.
4223 2623 4332 2692 42.)

2844 2799 3108 2864 Eximio
3166 2797 3409 2864 Christi
3477 2819 3669 2866 servo
3728 2797 3964 2864 Ioanni
4037 2795 4315 2865 Calvino
4377 2797 4644 2882 pastori

2674 2884 2983 2951 ecclesiae
3027 2885 3439 2951 Genevensis
3482 2905 3678 2968 quam
3734 2883 4113 2950 fidelissimo
4159 2882 4644 2950 instaurandae

2675 2970 2903 3055 pietati
2947 2978 3014 3037 et
3061 2993 3250 3037 verae
3303 2970 3604 3055 religioni
3660 2970 4144 3036 conservandae
4187 2990 4439 3035 summo
4487 2977 4644 3035 stu-

2675 3055 2779 3122 dio
2823 3057 3224 3124 incumbenti
3267 3056 3456 3122 fratri
3492 3068 3559 3122 et
3594 3064 3997 3141 symmystae
4032 3077 4230 3139 quam
4265 3054 4640 3121 carissimo.

4123 3175 4449 3241 Genevae.

2848 3313 2918 3381 S.
2966 3315 3195 3380 Habeo
3242 3314 3359 3380 tibi
3401 3314 3684 3398 gratiam
3726 3312 3894 3396 quod
3937 3334 4043 3378 me
4085 3312 4284 3378 officii
4325 3320 4461 3378 tam
4511 3336 4641 3381 ne·

2675 3400 2942 3467 cessarii
3001 3397 3337 3467 admones.
3363 3403 3411 3484 ¹)
3514 3400 3605 3465 Et
3664 3419 3820 3465 sane
3891 3399 4125 3463 merito
4180 3396 4642 3483 obiurgandus

2678 3486 2975 3552 venirem
3017 3485 3186 3569 quod
3231 3495 3501 3571 rogatus
3538 3485 3619 3551 ab
3655 3485 3794 3568 ipso
3839 3483 4211 3568 Bullinyero
4248 3491 4321 3549 ut
4364 3486 4639 3567 saepius

2674 3572 2758 3637 ad
2816 3592 2885 3638 se
2953 3572 3304 3638 scriberem
3361 3569 3429 3636 id
3473 3594 3599 3637 non
3669 3572 3947 3637 fecerim.
4037 3571 4175 3634 Vix
4218 3570 4393 3635 enim
4438 3570 4540 3637 bis
4593 3595 4639 3639 a

2673 3658 2987 3742 colloquio
3052 3658 3261 3742 ipsum
3330 3658 3606 3724 conveni
3673 3656 3908 3734 litoris,
3988 3656 4112 3721 etsi
4175 3656 4245 3720 in
4308 3657 4473 3722 meis
4539 3660 4639 3724 ad

2675 3743 3007 3811 Hallerum
3050 3766 3307 3826 semper
3351 3744 3490 3810 eius
3533 3743 3839 3819 memini,
3896 3763 3971 3808 ac
4010 3740 4317 3808 ecclesiae
4361 3742 4637 3826 Tiguri-

2675 3853 2814 3909 nae,
2861 3829 2940 3895 de
2984 3851 3112 3913 qua
3155 3830 3404 3914 gaudeo
3450 3842 3516 3895 te
3560 3829 3801 3911 optime
3840 3830 4083 3894 sentire
4126 3828 4320 3893 iustis
4364 3849 4636 3911 pernio-

2676 3927 2813 3981 tum
2862 3916 3236 3982 rationibus.
3325 3916 3526 3980 Faxit
3564 3914 3869 3980 Christus
3912 3924 3987 3978 ut
4021 3915 4112 3978 ita
4147 3914 4422 3979 cacteris
4466 3935 4635 3979 con-

2676 4003 2768 4066 tin
2861 4015 2902 4067 t.
3183 4013 3186 4016 '

2773 4022 3143 4152 gaHallerus
3187 4097 3453 4170 rogatus
3499 4085 3786 4151 nondum
3845 4085 4206 4169 respondit,
4264 4086 4391 4152 nisi
4494 4087 4642 4154 uod-

2670 4173 2860 4240 fratri
2902 4173 3015 4257 qui
3059 4173 3348 4238 Bernam
3392 4170 3569 4249 adiit,
3616 4192 3745 4236 non
3803 4171 4028 4237 classis
4073 4173 4336 4236 nomine
4380 4192 4448 4237 se
4538 4172 4631 4238 ob

2671 4260 2929 4342 privata
2971 4259 3262 4343 negotia,
3332 4256 3498 4323 dixit
3539 4277 3610 4321 se
3657 4257 3767 4322 vix
3813 4279 4000 4341 posse
4045 4258 4299 4334 venire,
4323 4259 4380 4338 ²)
4436 4255 4628 4324 actu-

2673 4366 2820 4410 rum
2879 4357 3100 4410 tamen
3159 4344 3239 4409 de
3294 4364 3371 4408 ea
3428 4363 3498 4407 re
3562 4363 3711 4408 cum
3764 4343 4028 4428 collegis
4089 4354 4154 4408 et
4206 4343 4470 4409 demum
4515 4365 4627 4409 re-

2672 4451 3084 4516 sponsurum.
3165 4428 3301 4496 Sed
3337 4428 3504 4493 nibil
3548 4429 3725 4494 misit
3761 4429 4075 4496 hactenus
4119 4429 4295 4494 ultra
4337 4449 4415 4495 ea
4449 4449 4625 4513 quae

2672 4515 2920 4582 scribis.
3011 4514 3205 4598 Apud
3259 4535 3367 4579 me
3424 4515 3669 4598 cogito,
3713 4537 3914 4599 quum
3962 4514 4290 4594 nonnulli,
4349 4525 4625 4598 propter

2670 4602 3152 4686 improbitatem
3200 4600 3553 4666 multorum
3597 4602 3704 4684 qui
3751 4611 3973 4666 sancta
4031 4599 4351 4683 colloquia
4394 4599 4622 4666 detur-

2672 4699 2834 4772 pant
2876 4688 3012 4753 suis
3054 4686 3325 4771 perditis
3361 4688 3668 4766 moribus,
3715 4709 3945 4771 parum
3990 4687 4182 4770 aequi
4216 4697 4373 4753 sunt
4416 4689 4620 4752 coeti-

2672 4775 2792 4839 bus
2837 4773 3070 4851 sacris,
3136 4795 3266 4838 non
3312 4773 3501 4839 facile
3546 4775 3749 4839 ituros
3793 4774 3863 4836 in
3907 4772 4329 4851 sententiam,
4392 4784 4464 4838 ut
4507 4794 4619 4839 eo-

2671 4880 2818 4924 rum
2880 4858 2966 4924 ali
3014 4860 3111 4924 uis
3180 4857 3381 4923 adsit:
3445 4859 3597 4924 inde
3662 4858 3805 4924 fieri
3878 4868 3955 4921 ut
4015 4856 4182 4923 nihil
4249 4857 4614 4926 audiamus.

2672 4944 2959 5028 Quidqui
3049 4945 3161 5023 sit,
3209 4966 3588 5028 persuasum
3636 4942 3870 5020 habes,
3919 4943 4085 5009 nihil
4127 4945 4268 5008 fieri
4312 4944 4457 5011 odio
4497 4955 4619 5012 aut

2670 5038 3046 5115 contemptu
3094 5033 3329 5110 nostri,
3396 5031 3510 5097 sed
3570 5052 3688 5096 nos
3743 5030 3839 5096 eis
3882 5050 4066 5096 caros
4109 5051 4279 5109 esse,
4337 5038 4415 5096 ut
4455 5041 4616 5098 sunt

2668 5269 2936 5337 1449.1)
2977 5270 3052 5325 N.
3095 5269 3239 5325 1445.

2870 5339 2930 5405 2)
2969 5341 3045 5396 ad
3076 5340 3342 5412 synodum
3381 5339 3790 5394 Neocomensem
3821 5341 4068 5407 proxime
4100 5340 4405 5394 (namnum.
