4900 6167
238 410 335 473 461

233 595 599 681 lsdjunction
642 595 723 661 de
765 597 1076 683 mariage,
1095 597 1152 684 θ)
1194 605 1316 664 818.
1361 619 1646 665 summes
1680 604 1819 666 este
1851 602 2130 667 occasio·

234 702 355 760 nes,
392 679 536 765 puis
556 701 684 764 que
725 682 1006 765 pooeible
1050 695 1195 749 nest
1227 704 1355 769 que
1395 705 1718 770 personne
1762 683 1850 751 du
1895 685 2131 753 monde

233 769 419 853 puisse
455 767 670 833 servir
712 774 780 833 et
934 768 949 784 ⁸
1059 770 1073 784 ⁰
1199 790 1241 835 a
1275 767 1444 835 deux
1479 769 1790 855 religione
1832 781 1901 837 et
1931 793 2129 856 pour-

233 853 478 919 veoistre
508 852 572 917 le
621 853 956 920 ministare
1005 852 1087 921 de
1135 854 1286 920 dieu
1321 852 1435 922 des
1477 852 1648 921 deux
1683 864 1942 923 constes
1977 879 2132 924 sans

231 937 557 1037 contrarier-
613 940 939 1006 tousiours
1003 960 1044 1005 a
1099 940 1254 1006 lune
1321 939 1578 1008 diceulx
1645 951 1715 1008 et
1767 963 1842 1007 sa
1893 963 2130 1027 propre

229 1043 570 1090 conscience
585 1074 602 1104 ‚
661 1022 740 1090 de
783 1024 1064 1108 laquelle
1105 1047 1244 1112 ung
1284 1026 1373 1092 tel
1415 1027 1615 1093 seroit
1655 1029 2132 1095 maximem'ent

228 1109 547 1261 &mma
562 1106 1013 1280 ‘'iffi’qussr
1035 1111 1368 1280 ffi?
1369 1111 1601 1265 1ξὲοέ
1602 1131 1639 1178 ⁶
1670 1113 2129 1265 affissnffliimffss

228 1279 292 1346 (18
325 1280 511 1367 Nyon
568 1288 636 1346 et
691 1219 877 1366 dun}
927 1282 1223 1348 ministre
1266 1281 1347 1351 de
1389 1282 1617 1350 Orans.
1688 1220 2131 1385 Lexgemptant

227 1386 364 1450 pour
412 1365 508 1431 les
548 1366 799 1434 raisons
854 1387 981 1451 que
1037 1365 1267 1436 (188888
1336 1366 1417 1435 (18
1470 1369 1660 1455 celuy
1715 1368 1795 1435 de
1837 1369 1969 1435 Fih
2060 1393 2126 1455 y,

225 1449 486 1516 combien
528 1471 656 1534 que
678 1451 1003 1537 cydevant
1024 1455 1319 1520 cussions
1361 1457 1603 1539 permis
1645 1454 1785 1539 quil
1827 1477 1978 1539 pree
2028 1467 2129 1522 ast

225 1556 394 1619 aussy
434 1557 476 1602 a
517 1536 597 1602 F·
633 1538 646 1552 ⁰
741 1560 805 1623 y.
895 1539 1177 1624 Dequoy
1219 1560 1385 1607 vous
1426 1562 1508 1606 en
1554 1561 1790 1619 avons,
1836 1541 2126 1627 Magnif-

222 1622 433 1704 ficques
472 1631 651 1689 tresc
700 1643 807 1688 ers
850 1623 1357 1711 combourgeoys
1397 1626 1883 1710 amyablement
1925 1628 2125 1694 voulu

222 1704 480 1772 advertir-
549 1707 632 1773 de
695 1707 885 1775 telles
937 1710 1191 1777 raisons
1205 1761 1221 1789 ‚
1292 1719 1359 1776 et
1428 1712 1585 1778 affin
1662 1733 1788 1796 que
1843 1714 2124 1796 puissiea

219 1793 539 1875 pourvooir
601 1792 698 1859 les
777 1800 1027 1861 vostros
1093 1795 1174 1862 de
1236 1796 1542 1863 Ministro
1606 1819 1647 1864 a
1709 1805 1931 1864 vostre
1993 1798 2123 1865 bon

217 1876 428 1960 plaisir.
517 1877 899 1962 Requerant
952 1901 1026 1947 88
1082 1903 1168 1947 88
1222 1881 1504 1967 prendre
1558 1902 1599 1948 a
1651 1882 1718 1948 la
1762 1884 2124 1952 maulvaise

447 1964 515 2030 A
573 1973 717 2029 tant
774 1966 994 2049 priant
1049 1965 1217 2034 Dieu
1273 1968 1337 2034 18
1393 1967 1711 2035 01881881
1765 1969 1905 2052 quil
1959 1989 2122 2036 vous

285 2048 298 2062 ’
455 2050 837 2134 prosper-ite.
904 2053 1147 2119 Donne
1188 2075 1263 2121 88
1304 2053 1497 2140 xxiij⁸
1544 2054 1625 2120 de
1645 2053 1910 2120 Ianvier
1939 2057 2119 2121 1553.

954 2188 1121 2256 Lad.
1165 2197 1232 2256 et
1274 2189 1538 2258 Conseil
1583 2190 1664 2256 (18
1707 2190 1945 2257 Berne.

1048 2716 1232 2788 1⁶⁹7.

427 2866 860 2937 MINISTRJ
901 2870 1865 2942 MOMBELGARDENSES

720 2972 1577 3044 LAUSANNENSIBUS.

357 3139 791 3227 Susptmonem''
847 3148 2118 3232 ammoverestudentquasiminis·

212 3225 2117 3302 uosdmoblnmmdmmmdeioffluwrianon

211 3312 1055 3396 mofficiisresbiuaism.

295 3481 394 3547 <Ex
437 3486 756 3556 apographo
789 3486 1162 3542 Bibliothecae
1196 3495 1474 3560 pastorum
1510 3453 2001 3561 Neocomensium.)

240 3650 641 3739 Responsum
682 3657 1372 3744 Monbelgardensium
1413 3661 1498 3728 ad
1541 3662 2066 3732 Lausannenses.

347 3806 414 3875 S.
497 3808 960 3878 colendissimi
1021 3814 1254 3881 fratres
1326 3823 1392 3881 et
1455 3825 1875 3902 symmystae.
1976 3817 2114 3886 Nos

208 3911 305 3974 pro
341 3904 561 3962 vestro
604 3917 763 3982 erga
801 3917 925 3964 nos
966 3906 1033 3965 et
1075 3899 1379 3968 ecclesias
1432 3911 1690 3968 nostras
1734 3900 1948 3968 studio
1987 3904 2113 3970 im-

209 3980 483 4079 mortales
528 3982 712 4049 vobis
753 3983 999 4068 gratias
1041 3994 1311 4070 agentes
1352 3988 1574 4070 paucis
1629 3997 1697 4053 et
1736 3989 2116 4089 simpliciter

207 4060 273 4128 ad
308 4065 646 4150 eplstolam
701 4077 988 4136 vestram
1011 4073 1066 4148 ¹)
1131 4070 1685 4155 respondebimus.
1774 4074 2111 4159 Principio

207 4150 472 4304 affl
505 4153 750 4305 KQ.
773 4176 1191 4308 Pimmtsssm²
1251 4178 1372 4257 ¹²⁹⁸
1426 4178 1557 4310 '²23¹
1614 4158 1999 4312 mmuh&
2022 4161 2114 4260 ³¹²

264 4320 277 4334 ·
349 4322 363 4336 ο
815 4325 831 4340 .
852 4262 1019 4306 8188
1171 4263 1448 4326 impmm
1546 4264 1790 4312 8888118
1983 4267 2113 4312 nm

207 4337 504 4400 relemsse,
563 4343 686 4392 888
741 4345 999 4392 11118818
1051 4348 1393 4412 perpessos
1451 4349 1594 4396 esse
1652 4349 1850 4414 quam
1906 4332 2017 4415 qui
2070 4351 2112 4396 8

207 4404 358 4473 nobis
400 4407 720 4477 abierunt.
742 4412 803 4494 ²)
890 4410 1114 4494 Quum
1172 4422 1390 4481 autem
1449 4413 1559 4481 hic
1616 4415 1947 4483 rarissime
1988 4417 2108 4484 ha-

205 4629 2108 4759 Μεὲῒξηῳωιρμκςαεῧηῳαοκωῷωαοω

304 4705 2105 4908 ΜὛΜἽἪΜ

305 4840 1081 4986 μευηωωναᾶᾎηῖἕι
1113 4858 2106 4985 ωρῶιωᾱωηνοὲἧοηωωαὲ

265 4988 370 5030 m
431 5046 444 5058 ⁶
524 5046 536 5060 ·
1318 4981 1675 5038 al‘afflable.
1743 4982 2105 5043 Ruchdawt

206 5044 1044 5128 ‹tanewara-„501
1115 5050 1167 5105 2.

206 5104 809 5242 ¹⁰⁰⁷·{Jm
861 5118 1812 5204 mammonae-‚tama

400 4981 991 5046 &proponunt-r

1909 417 2068 478 1553
2110 412 2486 480 IANUAR.

4028 423 4155 484 462

2233 601 2498 668 beamus
2540 604 2652 686 qui
2695 602 2778 668 ad
2822 625 2939 669 vos
2980 604 3507 687 proficiscantur,
3552 612 3619 671 et
3660 605 3940 672 sciamus
3985 607 4158 672 Neo-

2229 707 2582 767 oomenses,
2622 687 2806 754 nobis
2839 690 2909 753 in
2942 690 3224 755 Domino
3262 688 3881 757 observandissimos
3923 692 4159 759 fratres

2230 783 2298 838 et
2371 773 2658 852 vicinos,
2731 774 2919 840 vobis
2983 794 3239 840 summa
3306 776 3379 839 in
3458 773 3723 841 Christo
3803 778 4156 843 necessitu-

2229 856 2382 923 dine
2425 861 2801 926 coniunctos
2843 881 3016 940 osse,
3081 854 3399 926 Tot-sanus
3441 861 3645 927 frater
3689 870 3910 927 noster
3955 884 4156 928 vene-

2227 943 2509 1009 randum
2570 952 2827 1028 patrem
2886 954 3179 1011 nostrum
3235 945 3320 1012 G.
3380 944 3707 1012 Fas-ellum
3771 968 3897 1012 non
3954 947 4158 1013 semel

2227 1049 2345 1179 fler
2387 1029 2609 1095 literas
2652 1032 2897 1108 oravit,
2953 1038 3027 1095 ut
3068 1051 3184 1097 vos
3227 1052 3358 1097 non
3401 1031 3612 1097 solum
3657 1031 3736 1096 de
3778 1032 3990 1117 gratia
4031 1033 4158 1098 Dei

2276 1116 2382 1180 818
2426 1114 2731 1182 ecclesiae
2773 1116 3006 1182 collata
3046 1117 3161 1181 sed
3204 1116 3400 1182 etiam
3445 1115 3524 1183 de
3568 1119 3893 1183 sententia
3935 1127 4160 1184 nostra

2228 1197 2328 1289 ad·
2363 1199 2545 1266 verbi
2600 1201 2730 1267 Dei
2788 1202 3221 1268 ministerium
3279 1202 3387 1268 hic
3440 1203 3510 1267 in
3574 1204 3907 1287 integrum
3966 1205 4155 1269 resti·

2228 1286 2545 1353 tuendum
2590 1289 2896 1354 certiores
2938 1286 3195 1354 faceret.
3218 1289 3275 1364 3)
3363 1285 3557 1369 Quod
3600 1287 3846 1355 factum
3888 1310 4030 1355 esse
4073 1289 4154 1355 ab

2226 1370 2340 1437 illo
2383 1393 2514 1438 non
2570 1373 2979 1457 ignoramus,
3042 1395 3163 1439 nec
3219 1371 3658 1439 dubitavimus
3714 1375 3872 1458 quin
3928 1382 4159 1458 nostra

2226 1458 2444 1523 omnia
2506 1457 2819 1524 fratribus
2887 1460 3127 1524 nostris
3185 1459 3327 1524 istic
3397 1459 3739 1543 agentibus
3807 1460 3977 1525 bona
4029 1459 4158 1526 fide

2224 1544 2810 1609 communicaretis.

2395 1627 2591 1710 Quod
2635 1639 2854 1696 autem
2888 1630 3186 1707 scribitis,
3231 1628 3313 1694 ad
3348 1629 3788 1695 ministerium
3822 1630 3931 1696 hic
3963 1630 4157 1695 resti-

2225 1712 2544 1780 tuendum
2613 1736 2723 1780 eos
2779 1734 3003 1782 omnes
3060 1715 3426 1799 oportuisse
3499 1716 3797 1799 inprimis
3868 1716 4159 1782 revocari

2223 1801 2333 1883 qui
2376 1820 2511 1866 una
2552 1801 2886 1867 nobiscum
2927 1807 3121 1866 antea
3162 1799 3589 1866 servivissent
3631 1800 3783 1866 huic
3826 1801 4153 1880 ecclesiae,

2220 1892 2683 1969 praeterquam
2738 1884 2911 1970 quod
2955 1885 3062 1951 1118
3120 1887 3261 1951 8188
3314 1885 3740 1971 magistratus
3784 1886 4156 1966 autoritate,

2221 1991 2413 2055 quem
2478 1972 2629 2056 prin
2751 1992 2782 2037 s
2847 1970 3045 2037 huius
3123 1969 3430 2037 ecclesiae
3509 1993 3585 2036 su
3634 1970 4158 2038 erintendentem

2221 2055 2576 2137 constituit,
2623 2057 2694 2121 ni
2744 2056 2791 2121 il
2826 2078 3188 2140 possumus,
3233 2065 3388 2122 sunt
3422 2058 3533 2141 qui
3639 2058 3757 2122 'ter
3799 2057 3923 2124 hac
3959 2055 4040 2123 de
4082 2077 4155 2122 re

2219 2162 2418 2225 quam
2474 2163 2589 2208 vos
2645 2143 2964 2208 sentiant:
3025 2162 3261 2226 nempe
3305 2140 3607 2209 ecclesias
3649 2162 3872 2209 omnes
3916 2142 4152 2209 debere

2218 2228 2405 2294 nobis
2446 2248 2532 2293 ex
2575 2247 2781 2312 aequo
2824 2226 3309 2295 commendatas
3352 2248 3510 2307 esse,
3555 2228 3627 2292 in
3659 2227 3979 2312 rebusque
4013 2248 4152 2294 om-

2219 2312 2413 2379 nibus
2492 2313 2830 2398 religionis
2920 2334 3176 2398 semper
3244 2314 3555 2379 maiorem
3633 2312 4153 2380 aedificationem

2218 2398 2671 2485 spectandam,
2738 2405 2806 2464 et
2860 2418 2973 2464 eas
3028 2399 3333 2466 ecclesias
3392 2419 3557 2484 quae
3614 2399 3842 2465 fratres
3895 2407 4153 2464 nostros

2218 2485 2395 2549 omni
2436 2484 2760 2567 praesidio
2805 2483 3145 2552 destitutos
3188 2485 3592 2568 excepissent
3629 2505 3981 2568 eorumque
4025 2485 4151 2549 mi-

2220 2568 2492 2636 nisterio
2534 2591 2710 2637 nunc
2754 2570 2999 2636 maiore
3038 2570 3310 2636 fortasse
3353 2591 3503 2636 cum
3545 2570 3759 2635 fructu
3802 2591 3996 2653 quam
4040 2569 4150 2636 1118

2222 2663 2564 2721 uterentur
2578 2707 2594 2735 ,
2648 2676 2781 2721 non
2825 2663 3071 2721 temere
3113 2654 3482 2741 spoliandas
3499 2707 3515 2735 ,
3577 2663 3650 2720 ut
3691 2665 3868 2722 certe
3921 2675 4148 2741 aeger-

2219 2742 2385 2806 rime
2462 2740 2760 2808 tulerunt
2846 2740 3219 2822 Bielenses‚
3296 2761 3499 2824 quum
3575 2739 3684 2806 vel
3759 2761 3964 2806 unum
4047 2760 4149 2807 88-

2218 2825 2358 2892 lum
2402 2847 2487 2892 ex
2529 2825 2772 2893 eisdem
2829 2827 3139 2896 fratribus
3196 2827 3437 2892 nostris
3494 2825 3573 2891 ab
3619 2826 3779 2909 ipsis
3824 2834 4148 2911 repetere-

2218 2932 2383 2977 mus.
2451 2912 2544 2978 nt
2576 2913 2757 2979 scitis
2798 2933 3022 2978 eorum
3063 2919 3316 2996 partem
3353 2912 3496 2977 sine
3531 2919 3933 2977 caeterorum
3969 2932 4153 2997 prae-

2217 2996 2455 3063 iudicio
2508 3007 2576 3062 81
2629 2998 2984 3064 offensione
3040 2996 3227 3065 facile
3295 2997 3586 3063 revocari
3654 3016 3782 3061 non
3840 2997 4151 3081 potuisse,

2216 3081 2505 3167 aliosque
2547 3082 2693 3150 aliis
2736 3084 2805 3149 in
2847 3083 3072 3150 multis
3115 3082 3404 3149 ecclesiis
3448 3102 3638 3166 saepe
3680 3081 4145 3148 commodiores

2216 3188 2384 3235 esse:
2450 3189 2534 3234 ne
2574 3168 2864 3236 dicamus
2906 3169 3177 3248 interea,
3236 3166 3394 3234 dum
3436 3188 3476 3232 a
3518 3165 3708 3232 nobis
3751 3167 3986 3246 absint,
4031 3185 4147 3252 po-

2214 3254 2421 3321 tuisse
2456 3254 2804 3322 nonnullos
2847 3276 2925 3320 ex
2971 3254 3149 3338 ipsis,
3207 3253 3379 3338 quod
3422 3259 3647 3318 tamen
3684 3271 3815 3318 non
3861 3252 4149 3319 affirma-

2212 3360 2379 3420 mus,
2424 3339 2520 3408 sic
2562 3360 2633 3406 88
2673 3340 2745 3406 18
2786 3339 2931 3405 81118
2974 3339 3258 3407 888188118
3453 3339 3596 3419 ’888,
3641 3344 3717 3403 81
3757 3360 3984 3404 eorum
4027 3338 4152 3403 mi-

2215 3425 2485 3493 nisterio
2528 3426 2597 3491 in
2637 3426 3009 3511 praesentia
3050 3426 3152 3491 uti
3195 3446 3278 3491 no
3330 3444 3531 3490 emus.

2383 3510 2581 3578 Nunc
2639 3520 2859 3578 autem
2911 3511 3081 3596 quod
3150 3510 3234 3576 ad
3303 3509 3751 3577 testimonium
3814 3508 4065 3574 attinet.
4091 3509 4147 3590 ⁴)

2214 3594 2785 3678 Quemadmodum
2842 3598 2899 3661 si
2951 3599 3061 3681 qui
3125 3595 3234 3663 hic
3287 3596 3459 3661 inter
3514 3615 3665 3675 888,
3725 3602 3801 3659 81
3850 3593 4150 3659 1181111888

2213 3703 2444 3748 sumus
2493 3689 2560 3747 et
2602 3702 2897 3749 erramus
2940 3703 3186 3762 omnes,
3232 3689 3383 3747 ante
3428 3681 3812 3765 abrogatum
3853 3678 4149 3744 ministe-

2212 3769 2384 3834 rium
2429 3767 2647 3851 aliqua
2688 3768 2760 3833 in
2803 3788 2875 3833 re
2916 3773 3312 3852 peccassent,
3357 3767 3544 3832 cuius
3595 3770 3819 3849 postea
3860 3764 4150 3848 egissent

2211 3853 2700 3937 poenitentiam,
2745 3854 2876 3920 seri
2956 3875 3040 3920 ue
3094 3874 3313 3921 coram
3354 3851 3498 3917 Deo
3553 3858 3623 3917 et
3661 3850 3970 3917 fi-atribus
4011 3870 4152 3915 me-

2210 3938 2443 4006 liorem
2478 3960 2703 4007 curam
2746 3949 2815 4006 et
2864 3938 2933 4004 di
2957 3939 3271 4023 igentiam
3314 3938 3381 4003 in
3428 3936 3697 4002 88818818
3736 3935 3865 4001 Dei
3954 3935 4152 4001 romi·

2213 4025 2473 4105 sissent,
2530 4024 2958 4110 ignotumque
3003 4025 3096 4090 eis
3140 4031 3329 4104 88881,
3372 4042 3503 4087 888
3546 4021 3829 4088 fuissent
3873 4021 3888 4035 '
3950 4020 3964 4034 ⁶
4012 4025 4147 4086 sta-

2213 4111 2334 4176 tim
2376 4118 2754 4196 propterea,
2812 4122 2889 4176 ut
2941 4131 3005 4175 m
3097 4109 3111 4125 ‘
3255 4108 3353 4174 tui
3411 4115 3479 4172 et
3534 4108 3723 4174 nobis
3765 4109 3982 4173 visum
4027 4113 4147 4184 est,

2211 4196 2234 4260 i
2282 4197 2375 4262 sis
2431 4196 2816 4281 praesertim
2873 4196 2944 4261 in
3117 4194 3348 4261 ‘ctione
3406 4192 3799 4273 constitutis,
3865 4191 3970 4257 vel
4012 4199 4147 4257 tra-

2210 4216 2490 4350 ducendi
2512 4281 2684 4366 apud
2706 4282 2866 4348 alios
2888 4280 2995 4347 vel
3029 4278 3399 4347 testimonio
3421 4277 3756 4362 privandi:
3779 4280 3874 4343 ita
3893 4278 3948 4343 81
3971 4297 4150 4343 nunc

2208 4368 2573 4434 ministerio
2642 4368 2947 4434 restituto
3012 4363 3383 4433 huiusmodi
3440 4363 3813 4448 praeteritis
3868 4362 4149 4429 aliorum

2208 4472 2405 4537 opera
2469 4461 2831 4534 uteremur,
2895 4472 3059 4536 quos
3116 4460 3184 4516 et
3246 4449 3663 4535 magistratui
3720 4456 3788 4515 et
3839 4448 4147 4516 ecclesiae

2208 4539 2529 4623 gratiores
2571 4546 2640 4605 81
2680 4535 3143 4605 commodiores
3184 4535 3557 4602 videremus
3571 4586 3586 4612 ‚
3642 4554 3777 4599 non
3818 4543 4033 4618 posset
4076 4531 4145 4597 id

2206 4623 2397 4691 nobis
2440 4646 2481 4690 a
2559 4645 2605 4690 u
2688 4645 2843 4692 uam
2884 4625 3029 4689 iure
3071 4623 3232 4688 vitio
3274 4622 3461 4700 verti,
3517 4621 3899 4705 praesertim
3944 4638 4148 4704 quum

2206 4709 2316 4777 hic
2357 4730 2494 4775 non
2517 4644 2810 4776 ffieolma
2851 4710 3135 4793 caprina,
3188 4708 3368 4774 victu
3414 4713 3531 4772 aut
3572 4706 3815 4773 vestitu
3858 4704 4147 4772 hominis

2410 4915 2471 4986 3)
2511 4915 2594 4983 Cf.
2632 4915 2708 4971 N.
2748 4912 2901 4968 1681.
2950 4912 3101 4968 1683.
3170 4914 3277 4967 Les
3325 4919 3576 4983 pastenrs
3621 4910 3861 4980 evangeli
3901 4924 3997 4962 888
4024 4905 4137 4990 ⁸qui

2204 4986 2423 5039 avaient
2457 4986 2683 5040 survecu
2719 4983 2752 5037 a
2785 4998 2876 5037 ces
2909 4987 3087 5053 temps
3120 4981 3472 5036 malheureux
3524 4981 3703 5035 fun-ent
3746 4979 3900 5032 retab
3923 4978 3968 5029 is
4016 4993 4047 5027 a
4082 4975 4139 5029 la

2204 5055 2319 5108 tete
2352 5055 2433 5108 de
2457 5055 2605 5108 leurs
2640 5053 2849 5123 e'glises.
2919 5050 3066 5106 Ceux
3101 5051 3238 5106 dont
3270 5067 3340 5104 on
3377 5050 3526 5103 avait
3542 5049 3574 5102 8
3594 5065 3654 5102 18
3751 5053 3872 5126 tter.
3894 5047 3948 5099 la
3980 5049 4137 5113 perte

2204 5129 2399 5177 curent
2519 5140 2585 5176 ur
2629 5137 2967 5177 successeurs
3015 5121 3084 5174 (18
3118 5118 3303 5174 fideles
3338 5120 3610 5173 ministres
3682 5132 3713 5170 8
3747 5115 3946 5169 Christ.
3996 5111 4137 5179 (Go-

2200 5192 2416 5273 MP·
2523 5195 2560 5255 .)
2632 5187 3542 5246 lesetiamah'biministerio
3583 5186 4135 5253 memnona-

2407 5300 2467 5398 ι’)
2504 5327 2652 5399 ιιρι
2693 5327 2943 5385 viretum
2978 5326 3058 5384 Ν.
3097 5325 3249 5382 1681.
