4900 6167
694 413 820 474 447

690 609 810 676 est,
854 617 1019 680 quae
1064 609 1332 662 exustae
1379 598 1635 662 fuerant
1678 604 1938 680 praeter
1996 599 2225 665 cellam
2280 620 2515 676 unam,
2573 603 2645 664 in

692 707 821 770 qua
865 682 1194 747 decumbit
1238 681 1498 748 Caesar.
1595 683 1898 768 Hegnam
1922 688 1971 760 ⁹)
2021 693 2269 759 vocant,
2319 683 2517 750 distat
2561 686 2642 750 ab

691 772 854 837 urbe
896 781 1082 853 parte
1127 769 1417 833 miliaris.
1506 767 1685 835 Sane
1729 791 1865 835 non
1926 779 2101 836 reete
2157 770 2316 835 mihi
2382 771 2644 836 videtur

689 871 869 923 astra
914 854 1335 931 consuluisse,
1396 853 1569 938 quod
1616 865 1753 920 tam
1798 856 2021 938 iniquo
2077 856 2211 920 sole
2268 878 2336 922 66
2382 868 2447 921 61
2491 879 2642 923 61106

688 945 928 1008 misere
972 942 1275 1023 exposuit
1318 941 1399 1005 iis
1444 963 1609 1024 quae
1639 956 1737 1006 661
1775 943 2066 1006 meritus,
2137 940 2380 1008 Omnia
2416 943 2639 1028 hospi-

689 1029 850 1093 talia
894 1027 1193 1092 feruntur
1232 1026 1432 1110 plena
1467 1041 1611 1091 tum
1647 1029 2125 1112 aegrotantium
2173 1039 2313 1094 tum
2358 1030 2641 1095 morien-

688 1116 877 1188 tium,
923 1114 1116 1177 etiam
1165 1112 1342 1177 ultra
1389 1115 1921 1197 Argentoratum.
1995 1114 2135 1178 Rea:
2179 1115 2396 1181 nescio
2441 1137 2640 1198 quam

686 1199 1044 1283 prudenter
1105 1211 1261 1282 agat
1304 1221 1503 1280 quum
1554 1201 1802 1264 feratur
1845 1201 2129 1265 cinxisse
2156 1204 2240 1282 ¹⁰)
2306 1200 2640 1267 obsidione

686 1286 1025 1352 Hedinum
1053 1288 1106 1324 ¹¹
1183 1290 1257 1348 ut
1300 1285 1684 1367 Burgundis
1730 1286 1996 1349 auferat.

861 1371 1012 1435 Non
1085 1393 1252 1434 vane
1330 1369 1666 1452 Philippus
1745 1373 2004 1453 scripsit
2073 1372 2242 1437 bella
2307 1372 2638 1439 Saxoniae

686 1459 918 1543 gravia
985 1478 1143 1521 6666.
1235 1456 1544 1521 Liber-ato
1605 1457 1752 1522 duci
1813 1467 2040 1522 contra
2088 1457 2471 1522 Mauritium
2546 1459 2638 1523 fa-

685 1553 847 1611 vent
893 1564 1094 1625 paene
1135 1563 1388 1617 01111166,
1451 1542 1733 1625 Lypsia,
1781 1543 2320 1628 ,Magdeburgum
2380 1554 2447 1608 et
2492 1545 2641 1608 reli-

734 1652 854 1695 uae
932 1628 1125 1692 urbes
1191 1627 1574 1692 maritimae.
1678 1628 2002 1694 Perdotur
2066 1630 2266 1695 miser
2329 1628 2638 1714 proditor.

685 1721 923 1783 homes
950 1712 1440 1793 Man-§foldensis
1464 1714 1626 1778 (11106
1647 1714 1858 1780 fertur
1895 1716 2058 1780 mire
2084 1737 2357 1781 vexasse
2392 1718 2640 1799 episco-

682 1823 820 1886 pos.
891 1802 981 1865 Et
1023 1798 1188 1864 alter
1222 1800 1400 1882 prior
1434 1801 1684 1882 primus
1707 1802 2213 1868 Teutonicorum
2248 1802 2640 1884 pontificius

684 1889 799 1972 qui
846 1908 914 1952 sc
954 1884 1216 1950 Caesari
1251 1885 1657 1964 adiunxerat,
1705 1884 1898 1952 aedes
1935 1887 2245 1969 quasdam
2283 1909 2443 1970 quas
2486 1888 2642 1952 olim

682 1974 886 2039 huius
933 1971 1229 2037 factionis
1279 1973 1400 2036 viri
1446 1972 1902 2055 possederant,
1951 1975 2015 2038 vi
2059 1974 2400 2056 occupavit
2430 1977 2514 2042 ¹²)
2570 1974 2641 2039 in

684 2060 928 2125 ducatu
973 2056 1584 2141 wirtembergensi,
1630 2058 1743 2123 sed
1794 2057 2268 2142 Christophorus
2332 2062 2639 2144 profliga-

683 2156 827 2212 tum
873 2143 1121 2227 depulit
1165 2144 1325 2220 loce,
1374 2144 1547 2208 unde
1592 2142 1948 2209 coniiciunt
1991 2143 2234 2210 bellum
2281 2145 2416 2210 illic
2460 2145 2639 2210 futu-

684 2253 849 2297 rum.
955 2229 1257 2294 Christus
1335 2231 1509 2311 pacis
1572 2241 1761 2294 autor
1815 2239 1882 2294 61
1946 2230 2131 2294 dator
2194 2253 2417 2313 pacem
2488 2252 2640 2298 vere

679 2318 1108 2385 christ-ianam
1155 2315 1300 2380 orbi
1345 2315 1678 2398 largiatur.

855 2402 990 2466 Nos
1038 2401 1370 2484 pergimus
1416 2422 1532 2483 pro
1574 2423 1779 2466 more:
1840 2401 2081 2485 aliquid
2143 2402 2405 2468 videtur
2451 2402 2638 2469 dece-

684 2489 838 2555 dere
893 2487 1206 2569 improbis
1265 2499 1442 2550 metu
1511 2489 1855 2569 praefecti,
1928 2511 2118 2572 quem
2171 2490 2346 2554 fures
2404 2511 2637 2571 parum

681 2575 931 2640 habeut
995 2585 1278 2655 gratum.
1393 2573 1772 2658 Collega¹³)
1833 2597 2167 2658 nunquam
2225 2575 2639 2658 appetentior

681 2661 810 2726 fuit
853 2660 1101 2723 uxoris:
1152 2659 1318 2722 faxit
1363 2658 1666 2725 Christus
1712 2683 1793 2725 ne
1838 2685 1878 2724 a
1921 2659 2148 2745 Scylla
2183 2663 2249 2725 in
2276 2661 2637 2745 Oarybdim

679 2744 945 2811 ineidat.
1018 2744 1251 2810 Nescio
1298 2744 1452 2826 quid
1497 2748 1744 2827 patitur
1787 2748 2048 2830 gentile,
2099 2755 2173 2811 ut
2218 2746 2439 2812 videre
2483 2747 2639 2811 licet

680 2833 755 2897 in
791 2831 928 2897 suis
977 2830 1238 2896 vicinis:
1287 2830 1452 2895 mire
1496 2832 1757 2914 placent
1799 2855 1919 2898 sua
1952 2834 2112 2916 ipsis
2149 2832 2438 2910 consilia,
2484 2831 2637 2897 sibi-

682 2940 810 3003 que
856 2918 1121 3000 sapiunt
1176 2915 1368 2981 valde
1422 2939 1666 3000 suaque
1727 2918 1914 2985 valde
1970 2926 2223 3003 urgent.
2325 2917 2638 2984 Orandus

681 3017 785 3071 est
830 3005 1014 3069 Deus
1061 3015 1135 3067 ut
1171 3003 1247 3079 61,
1294 3003 1424 3066 imo
1470 3005 1799 3083 ecclesiae,
1862 3004 2048 3070 adsit.
2140 3006 2207 3069 Is
2269 3017 2333 3067 te
2374 3005 2634 3082 salutat,

684 3099 750 3156 et
789 3090 1289 3155 Dommartinus.
1322 3093 1403 3168 ¹⁴)

852 3176 1021 3240 Vale
1085 3197 1278 3256 quam
1345 3175 1736 3241 felicissime.
1854 3175 2158 3242 Christus
2239 3174 2410 3258 quod
2478 3175 2636 3241 facit

679 3282 874 3345 quam
945 3261 1324 3343 plenissime
1393 3262 1712 3344 perficiat:
1781 3273 1842 3325 te
1907 3271 2178 3343 tuosque
2245 3259 2497 3326 labores
2560 3283 2634 3327 ac

677 3362 1162 3414 sacrosanctam
1194 3350 1274 3418 ¹⁵)
1336 3348 1741 3428 provinciam
1833 3368 1983 3410 uam
2027 3345 2312 3410 maxime
2359 3347 2631 3432 frugife-

676 3454 821 3500 ram
888 3433 1244 3497 salutarem
1312 3432 1610 3497 omnibus
1678 3432 1792 3497 red
1840 3442 1939 3510 at,
2019 3444 2363 3515 servetque
2435 3454 2633 3516 quam

676 3519 1044 3587 diutissime
1088 3518 1154 3580 in
1202 3517 1492 3580 omnium
1541 3517 2052 3583 aedificationem
2112 3529 2179 3583 et
2221 3521 2315 3584 tui
2372 3530 2438 3584 et
2491 3540 2632 3584 om-

674 3606 858 3671 nium
906 3604 1163 3687 piorum
1208 3602 1736 3668 consolationem.
1804 3601 2036 3669 Saluta
2070 3604 2351 3689 collegas
2386 3627 2629 3671 omnes.

674 3689 1008 3757 Adiuvate
1045 3711 1162 3753 nos
1201 3687 1516 3771 precibus.
1581 3689 2058 3764 Normandium,
2101 3690 2412 3770 Budeum,
2456 3692 2633 3756 Trie-

671 3779 860 3850 eium,
910 3776 1358 3841 Marchionem
1407 3795 1482 3839 ac
1504 3776 2016 3841 concionatorem
2044 3779 2126 3861 16)
2169 3776 2436 3855 Italum,
2461 3778 2632 3841 Lau-
2684 3823 2687 3834 .

671 3863 944 3929 rentium
974 3865 1056 3927 ¹⁷)
1103 3883 1246 3926 cum
1293 3862 1584 3944 coniuge,
1631 3862 1768 3944 pios
1804 3861 2084 3945 denique
2127 3884 2352 3927 omnes
2398 3864 2625 3928 saluta.

671 3947 985 4015 Christus
1031 3949 1226 4010 istum
1276 3960 1411 4011 tam
1459 3965 1754 4013 sanctum
1801 3959 2055 4013 coetum
2116 3965 2362 4022 servet,
2427 3949 2628 4013 adau-

671 4047 826 4120 geat
871 4047 938 4098 et
995 4034 1287 4115 perficiat
1345 4032 1791 4100 benedictione
1849 4037 2025 4099 omni
2086 4035 2365 4100 coelesti.
2459 4034 2630 4101 Neo-

671 4122 838 4188 comi
888 4125 986 4183 27.
1036 4118 1395 4184 decembris
1450 4122 1738 4196 1553.¹⁸)
2375 4128 2386 4140 ’

1680 4259 1866 4323 Tuus
1912 4268 2085 4322 totus
2130 4257 2449 4324 Farelluffl

879 4515 941 4578 9)
979 4515 1220 4584 Hognam
1263 4513 1377 4567 116.

849 4583 941 4644 10)
978 4584 1185 4652 cepisse
1224 4582 1337 4636 116.

2202 408 2717 477 EPISTOLAE
2774 415 3187 476 1691-1693

4542 420 4646 483 448

2917 601 3063 666 Has
3121 621 3360 683 quaeso
3416 599 3724 685 legendas
3790 602 3982 667 alicui

2691 713 2697 738 ι
2749 686 2916 752 dato.
2943 689 3029 765 ¹⁹)
3114 686 3285 751 Nam
3330 705 3435 752 me
3492 688 3770 771 urgebat
3815 709 3981 753 nun·-

2747 773 2886 838 eius
2929 794 3139 856 neque
3173 781 3239 838 te
3272 773 3343 837 in
3380 773 3722 839 scribendo
3758 773 3841 839 ad
3877 795 3983 839 1116

2747 879 2958 941 neque
3002 859 3069 923 in
3114 858 3276 924 meis
3331 858 3624 941 legendis
3670 859 3815 926 volo
3859 864 3980 925 te*

2742 944 3062 1011 iacturam
3098 945 3326 1010 facere.
3414 944 3607 1025 Quod
3642 966 3832 1028 saepe
3869 966 3979 1029 pe·

2689 1022 2696 1112 Ῐ
2745 1031 2821 1096 111
2865 1031 3103 1096 iterum
3151 1051 3226 1095 ao
3269 1031 3512 1096 iterum
3557 1051 3770 1114 posco.

3623 1544 3811 1615 1692.

3126 1700 3479 1766 GALVIN
3526 1702 3585 1765 A
3630 1701 3723 1766 Μ.
3771 1699 3896 1766 DE
3942 1699 4305 1767 FALAJS.

2749 1871 2984 1935 (Minute
3031 1871 3384 1942 autographo.
3426 1872 3564 1925 Bibl.
3617 1871 3686 1925 (16
3721 1871 3939 1926 Geneve
3977 1872 4102 1927 Vol.
4144 1871 4299 1940 107⁸,
4335 1873 4426 1928 sol.
4469 1871 4580 1926 338.
4613 1900 4668 1910 -

3432 1939 3647 1995 Lettres
3681 1941 3746 1994 fr.
3785 1941 3824 1995 1.
3861 1940 4009 2002 363.)

2920 2112 3402 2197 Monseigneur,
3445 2114 3590 2196 puis
3626 2134 3752 2195 que
3790 2134 3951 2178 vous
3987 2134 4223 2198 penses
4261 2114 4445 2179 avoir
4476 2114 4670 2179 bonne

2745 2220 2969 2275 cause,
3017 2198 3389 2283 pardonnes
3432 2220 3584 2283 moy
3628 2199 3684 2264 si
3742 2200 3805 2264 ie
3859 2220 3943 2264 ne
3998 2221 4163 2266 vous
4206 2200 4364 2284 puis
4388 2205 4441 2277 ¹)
4501 2199 4672 2265 satis-

2741 2287 2905 2350 faire
2949 2307 3033 2350 en
3075 2285 3449 2351 confessant
3487 2306 3614 2368 que
3669 2285 3820 2370 iaye
3866 2293 4028 2363 tort,
4093 2305 4165 2351 66
4209 2288 4326 2369 qui
4368 2307 4451 2352 116
4494 2284 4672 2350 661011
4768 2309 4799 2372 ῃ

2742 2371 3220 2520 311119110611616.
3309 2370 3442 2437 Gar
3483 2371 3546 2436 16
3590 2391 3749 2456 scay
3806 2393 3931 2453 que
3993 2392 4147 2457 moy
4204 2392 4461 2438 mesme
4515 2370 4675 2436 desia

2788 2479 2822 2522 6
2867 2457 3021 2542 long
3065 2467 3274 2540 temps
3293 2459 3351 2530 2)
3399 2478 3563 2523 vous
3598 2478 3684 2540 ay
3721 2457 3978 2523 declax-e
4013 2457 4094 2523 de
4131 2458 4422 2524 lhomme
4466 2477 4535 2522 ce
4575 2456 4673 2537 qui

2742 2564 2827 2608 en
2870 2546 3092 2619 estoit,
3138 2551 3205 2607 et
3242 2564 3319 2609 ca
3359 2560 3498 2609 este
3538 2543 3731 2609 chose
3776 2553 3921 2628 trop
3965 2564 4315 2611 commune
4360 2543 4475 2610 (166
4518 2553 4676 2607 actes

2743 2628 2879 2711 quil
2924 2649 2964 2692 a
3002 2629 3215 2695 faictz.
3285 2630 3533 2712 Depuis
3578 2650 3652 2694 66
3694 2635 3907 2714 temps
3951 2629 4012 2694 la
4037 2634 4090 2708 ³)
4134 2652 4306 2696 vous
4342 2629 4528 2696 laven
4568 2627 4675 2692 tel-

2741 2714 2989 2779 lement
3031 2715 3212 2790 Ioue,
3270 2736 3399 2798 que
3442 2714 3659 2797 celluy
3704 2715 3816 2798 qui
3860 2736 3968 2782 1116
4009 2713 4071 2779 16
4114 2716 4378 2781 16611011
4422 2723 4570 2781 usat
4607 2712 4675 2776 de

2742 2820 2850 2866 666
2889 2807 3096 2877 metz,
3158 2801 3295 2883 quil
3355 2801 3586 2864 navoit
3639 2822 3768 2885 ouy
3825 2801 4124 2867 iammais
4167 2801 4337 2866 faire
4383 2802 4440 2868 si
4482 2798 4676 2884 grand

2741 2907 2851 2951 cas
2923 2886 3162 2951 dhome
3233 2885 3322 2951 du
3387 2885 3644 2951 monde.
3765 2886 3996 2967 Quant
4070 2909 4231 2952 vous
4317 2909 4400 2952 en
4471 2886 4675 2952 venies

2740 2972 2968 3054 iusque
3013 2972 3106 3049 la,
3167 2981 3384 3037 estant
3440 2970 3618 3036 desia
3661 2971 3939 3057 adverty
3981 2994 4102 3055 par
4143 2993 4338 3057 moy,
4398 2972 4447 3036 il
4488 2971 4678 3037 falloit

2739 3058 2889 3124 bien
2934 3079 3059 3140 que
3101 3077 3268 3122 vous
3313 3056 3374 3122 16
3417 3057 3673 3123 111166166
3732 3059 3786 3122 61
3844 3058 4033 3124 hault
4087 3079 4258 3141 pour
4325 3080 4492 3124 nous
4535 3057 4676 3122 faire

2739 3141 3134 3209 condemner
3177 3163 3336 3209 avec
3394 3149 3572 3208 toute
3630 3152 3852 3209 nostre
3896 3143 4218 3216 doctrine.
4287 3142 4372 3210 de
4415 3141 4679 3228 laquelle

2738 3230 2785 3293 il
2830 3238 2965 3294 6661
3006 3238 3297 3295 1110116116
3354 3230 3407 3294 61
3447 3230 3679 3295 mortel
3723 3251 4041 3314 ennemy‚
4108 3232 4295 3297 voire
4343 3249 4584 3314 ens-age
4622 3237 4679 3292 et

2740 3316 3184 3399 demoniaque,
3229 3315 3365 3399 quil
3411 3337 3497 3380 na
3536 3335 3658 3399 pas
3702 3336 3784 3380 eu
3829 3317 4026 3381 1101116
4067 3315 4473 3398 descrire:⁴)
4519 3314 4681 3380 Deus

2743 3400 2994 3466 calvini
3028 3408 3118 3467 est
3151 3400 3489 3486 hypocrita,
3531 3403 3818 3477 mandax,
3858 3403 4159 3484 perfidus,
4200 3403 4513 3479 iniustus,
4552 3400 4681 3499 [αις

2737 3491 2832 3552 tor
2874 3492 2932 3552 et
2962 3492 3277 3570 patronus
3317 3486 3628 3562 scelerum,
3676 3493 3733 3552 et
3773 3488 4018 3556 diabolo
4056 3490 4197 3571 ipso
4232 3490 4445 3571 peior.
4508 3489 4683 3553 Ama

2735 3573 2783 3638 il
2828 3572 3148 3638 fauldroit
3189 3594 3316 3657 que
3360 3594 3527 3656 pour
3568 3593 3734 3638 vous
3778 3575 4068 3658 gratifier
4085 3575 4143 3659 ⁵)
4187 3575 4255 3640 16
4301 3590 4682 3640 renoncasse
4798 3651 4799 3654 Ἴ

2736 3680 2776 3723 a
2820 3659 2992 3724 Dieu
3055 3669 3122 3723 et
3165 3681 3205 3724 a
3247 3681 3321 3725 sa
3364 3659 3601 3739 verite,
3659 3670 3726 3724 et
3768 3680 3852 3725 au
3896 3658 4070 3726 salut
4112 3681 4243 3743 que
4290 3662 4405 3728 1611
4450 3677 4683 3743 espere.

2735 3745 2975 3812 Vostre
3020 3745 3346 3811 intention
3391 3755 3541 3810 nest
3582 3765 3700 3827 pas
3745 3745 3914 3824 telle,
3962 3748 4021 3812 ie
4067 3745 4127 3810 16
4170 3766 4355 3833 croy.
4425 3745 4597 3811 Mais
4636 3742 4685 3805 si

2734 3852 2899 3914 pour
2971 3831 3333 3896 lbumanite
3397 3841 3462 3895 et
3530 3831 3962 3896 mansuetudo
4033 3830 4114 3897 de
4171 3843 4413 3898 vostre
4474 3830 4683 3915 esprit.

2735 3938 2900 3982 vous
2947 3929 3114 3982 estes
3157 3924 3428 3982 content
3453 3917 3758 3999 dignorer
3789 3918 3935 4000 quel
3984 3926 4085 3983 est
4120 3920 4349 4004 celluy
4384 3919 4501 4002 qui
4547 3916 4687 3982 faict

2734 4002 2801 4068 la
2842 4025 3078 4087 guerre
3114 4027 3153 4069 a
3190 4003 3381 4079 Dieu,
3429 4015 3495 4067 61
3539 4025 3670 4067 11011
3707 4005 4073 4068 seulement
4107 4005 4271 4086 cola,
4320 4006 4496 4070 mais
4542 3999 4686 4067 nad-

2734 4088 3027 4154 ioustant
3072 4089 3248 4154 nulle
3292 4091 3401 4172 foy
3444 4112 3484 4151 a
3527 4096 3751 4152 nostre
3796 4099 4239 4175 tesmognage‚
4293 4091 4553 4157 donnes
4595 4107 4688 4152 oc—

2733 4175 2947 4240 casion
2998 4175 3076 4238 de
3120 4198 3284 4240 nous
3330 4173 3566 4238 rendre
3602 4173 4021 4240 detestables:
4071 4175 4383 4256 souffres‚
4431 4179 4496 4241 ie
4543 4192 4688 4241 vous

2682 4249 2687 4270 '
2735 4261 2890 4343 prie,
2940 4283 3066 4343 que
3110 4262 3258 4346 iaye
3303 4260 3577 4344 quelque
3618 4260 3754 4325 zele
3812 4258 3893 4326 de
3937 4261 4305 4327 maintenir
4368 4261 4693 4328 lhonneur

2680 4357 2685 4412 l
2734 4344 2813 4410 de
2858 4368 3012 4410 mon
3058 4347 3346 4413 Maistre.
3440 4344 3610 4410 Mais
3634 4349 3686 4423 ⁰)
3730 4347 3962 4413 cestoit
4004 4368 4167 4431 pour
4226 4349 4295 4414 le
4358 4350 4579 4413 moins
4619 4343 4691 4408 (16

2734 4452 2895 4498 vous
2939 4455 3020 4497 611
3067 4433 3371 4497 arlvertir.
3444 4432 3501 4495 A
3538 4452 3709 4516 quoy
3756 4433 3814 4498 ie
3852 4433 4132 4516 respond
4171 4454 4475 4518 quapres
4521 4431 4693 4499 avoir

2734 4609 3117 4616 —----—.-—-...--

846 4652 939 4719 11)
981 4653 1258 4722 Oppidum
1309 4652 1520 4706 Heudin
1574 4670 1743 4722 »super
1800 4655 1870 4707 ab
1923 4657 2048 4707 Ant.
2100 4656 2167 4706 cle
2215 4653 2359 4723 Croy
2405 4660 2627 4722 captum
2677 4615 2683 4708 l

671 4739 819 4779 nunc
849 4728 978 4790 post
1005 4737 1214 4790 paucos
1251 4721 1366 4800 dies
1401 4737 1457 4774 se
1493 4722 1686 4776 dedere
1719 4728 1958 4778 coactum
1992 4723 2101 4788 fuit
2141 4722 2388 4787 (Theon.
2424 4726 2459 4777 l.
2499 4723 2571 4790 1.).

844 4790 939 4925 {33
976 4797 1310 4914 ῗζῗέἷῗὲῗᾶἐῗ
1347 4789 1461 4844 ¹¹⁶·

846 4929 943 4986 14)
983 4928 1066 4995 Cf.
1107 4927 1181 4982 N.
1218 4925 1369 4992 1667,
1404 4934 1521 5014 not..
1549 4929 1616 4982 16
1649 4932 1747 4986 ubi
1779 4932 1938 4985 aliter
1972 4933 2196 4999 Ieyimus
2230 4946 2421 4984 nornen
2457 4930 2583 4986 viri.

848 4998 941 5128 131
976 4998 1535 5120 ἓέῗιῖοὶῗὶζῒιῖ“ῗἰὲ.“’·

847 5134 938 5196 17)
979 5136 1132 5188 nobis
1152 5139 1404 5202 iynotum.
1463 5136 1722 5192 Fortasse
1746 5138 2024 5204 Icqewlaeem
2045 5162 2061 5190 .·
2081 5137 2422 5192 Lactantium
2443 5136 2625 5208 (3119-
2678 5197 2681 5206 ,

671 5204 832 5260 noni)
877 5202 1242 5257 concionator
1271 5205 1445 5258 italica
1475 5214 1652 5260 coetus
1677 5213 1817 5261 'tunc
1853 5217 1967 5262 era!
2012 5206 2194 5262 Celsus
2223 5207 2626 5278 Martiumque

848 5271 934 5334 18)
971 5288 1069 5326 sec.
1112 5282 1354 5324 nostrum
1389 5283 1689 5341 computum
1720 5275 1869 5330 1552.
1930 5276 2016 5330 De
2049 5293 2197 5330 anno
2221 5293 2335 5331 non
2369 5276 2626 5332 dubitant·
2677 5303 2683 5372 ἰ

669 5340 802 5396 dum
838 5345 889 5394 si
925 5342 1003 5395 vel
1035 5345 1204 5395 solam
1249 5342 1569 5396 Metensium
1606 5345 1936 5400 obsidionem
1971 5347 2418 5403 consideraveris.

2656 4979 2685 5188 4⁸
2935 5001 2991 5063 3)
3030 4997 3249 5065 Depuia
3281 4999 3328 5052 lc
3361 5000 3775 5054 bannissment.

2677 4713 2683 4812 ι
2908 4723 2994 4788 19)
3036 4724 3112 4778 Et
3145 4739 3244 4777 nos
3279 4725 3382 4778 alii
3412 4725 3631 4779 cuidam
3651 4726 3876 4779 libenter
3898 4724 4153 4793 leocadae
4186 4725 4547 4781 dedissemus
4580 4738 4692 4778 oeu-

2676 4825 2685 4964 ξ
2731 4794 2909 4846 lorum
2944 4794 3084 4848 aciei
3116 4800 3167 4846 et
3201 4793 3509 4858 diffidentes
3544 4802 3595 4848 et
3628 4796 3982 4862 prospecturi.

2730 4862 2911 4917 1692.
2938 4861 2994 4926 1)
3032 4879 3131 4930 par
3164 4860 3357 4914 devcrs
3390 4879 3535 4932 moy,
3573 4864 3623 4917 ie
3662 4881 3727 4916 ne
3772 4879 3905 4916 vous
3939 4864 4058 4930 puis
4096 4861 4186 4917 Bt.

2937 4931 2995 4998 2)
3032 4945 3165 4982 sam
3200 4929 3357 4983 doute
3391 4938 3563 4986 avant
3597 4931 3647 4984 le
3672 4933 3878 5000 proces.

2935 5068 2996 5134 4)
3035 5067 3243 5121 Comme
3274 5082 3359 5122 666
3389 5069 3621 5136 phrases
3653 5084 3722 5122 ne
3750 5068 3987 5137 figurent
4057 5071 4173 5123 oin&
4208 5069 4371 5124 dam
4406 5073 4459 5126 le
4495 5071 4694 5138 proces,

4100 5140 4176 5192 les
4217 5141 4457 5206 relever,
4502 5140 4548 5193 a
4576 5138 4697 5204 faut

2731 5139 2801 5194 οὐ
2835 5141 3135 5190 autu-emm
3179 5153 3250 5190 on
3282 5135 3529 5192 n’awrait
3572 5152 3681 5204 pas
3722 5153 3849 5190 man
3927 5205 3982 5259 B
4015 5206 4062 5260 ιε

3984 5223 4014 5259 ο
4062 5222 4133 5261 ec.

2678 5231 2684 5292 Ι
2732 5221 2997 5274 supposes·
3031 5206 3254 5285 quelque
3285 5202 3422 5260 e'orit
3451 5206 3579 5275 plus
3613 5202 3793 5259 re'eem

2938 5275 2999 5338 5)
3039 5275 3284 5344 quahfier
3320 5274 3412 5328 Bt.

2936 5344 2997 5408 6)
3034 5342 3469 5398 sous-entendez:
3506 5342 3828 5396 ditem-vous.
