4900 6167
275 402 374 465 397

271 585 1103 667 oasa‘bihmprovinoiam
1145 586 2191 670 dmaudard,perHotomanum

274 671 756 740 &madir
796 672 1124 740 desere.

425 798 433 808 υ
532 845 542 852 ’
575 843 689 909 OEx
724 842 1061 914 autographo
1096 843 1224 898 Cod.
1261 842 1464 898 Gensv.
1508 841 1628 912 114,
1664 842 1758 899 sol.
1791 842 1870 911 4.)

409 1017 468 1081 A
512 1014 987 1099 Monseigneur
1029 1027 1096 1081 et
1139 1036 1293 1099 pere
1334 1015 1557 1082 Monsr
1588 1014 1825 1082 Calvin

1641 1137 1681 1181 a
1725 1116 2015 1183 Geneve.

407 1251 476 1319 S.
560 1251 639 1319 Si
696 1253 780 1318 D.
825 1251 1037 1320 Bezae
1090 1273 1209 1336 per
1262 1253 1675 1319 incredibiles
1732 1252 2192 1336 occupationes

261 1340 522 1406 licuisset
588 1338 671 1405 ad
739 1347 806 1403 te
881 1339 1166 1406 scribere
1241 1337 1695 1406 lubentissime
1771 1337 1840 1403 id
1911 1339 2189 1418 fecisset,

293 1424 410 1491 uod
451 1446 572 1509 ego
615 1423 793 1489 illius
836 1445 1036 1491 causa
1079 1446 1184 1490 me
1226 1424 1557 1491 facturum
1600 1425 1835 1509 recepi.
1904 1423 2040 1491 Sed
2083 1425 2191 1492 his

257 1449 451 1577 decem
496 1511 654 1575 totis
700 1509 927 1577 diebus
969 1519 1082 1576 aut
1125 1511 1440 1594 amplius,
1501 1511 1742 1595 quibus
1796 1518 1863 1576 et
1904 1512 2189 1576 interro-

255 1595 430 1682 gandi
472 1607 538 1662 et
583 1595 668 1662 ad
704 1597 1025 1662 rationem
1063 1596 1433 1663 studiorum
1468 1594 1878 1662 referendam
1913 1595 2189 1663 vocandi

254 1693 388 1749 sunt
426 1702 656 1748 omnes
700 1681 783 1748 ad
826 1703 1027 1748 unum
1067 1681 1429 1749 scholastici
1467 1691 1604 1748 tam
1640 1681 1868 1747 multis
1904 1682 2189 1768 negotiis

255 1767 608 1852 implicatur
649 1776 726 1833 ut
768 1776 835 1833 et
875 1767 1136 1833 illorum
1182 1767 1636 1852 magnitudine
1693 1775 1761 1832 et
1815 1768 2191 1852 praelectio-

253 1876 393 1919 num
425 1875 696 1921 suarum
721 1853 943 1920 labore
970 1864 1163 1938 atque
1184 1851 1566 1920 assiduitate
1591 1873 1940 1937 oppressus
1983 1855 2190 1936 respi-

252 1937 377 2004 rare
417 1939 624 2005 libere
665 1939 778 2004 vix
823 1940 1042 2023 possit.
1134 1938 1489 2006 Baduellus
1542 1940 1680 2025 egit
1734 1953 1885 2005 cum
1949 1960 2027 2004 eo
2071 1960 2190 2024 per

251 2026 449 2091 literas
471 2034 548 2090 ut
583 2025 922 2110 negotium
960 2025 1559 2092 convertendarum
1594 2025 1980 2093 concionum
2016 2025 2187 2109 quod

251 2110 330 2174 illi
373 2110 647 2176 dederas
692 2111 814 2177 sibi
860 2109 1275 2195 relinqueret.
1305 2116 1351 2190 ¹)
1443 2111 1608 2175 Eius
1651 2111 2057 2194 postulatum
2103 2133 2187 2176 ex

249 2197 264 2260 i
333 2198 429 2262 ius
493 2197 708 2262 literis
793 2217 957 2280 quas
1023 2197 1094 2262 in
1159 2197 1265 2263 his
1347 2196 1734 2262 inclusimus
1815 2217 2183 2281 cognosces.

249 2217 404 2348 §seza
445 2281 608 2366 quid
651 2282 1045 2366 respondeat
1078 2283 1150 2347 in
1183 2282 1308 2348 hoc
1344 2284 1728 2365 praesertim
1774 2284 2187 2367 negotiorum

247 2369 426 2434 fluctu
485 2367 687 2434 valde
744 2369 1033 2433 incertus
1094 2377 1210 2435 est.
1301 2367 1664 2433 Autoritati
1723 2388 1799 2433 ac
1855 2369 2186 2433 voluntati

247 2463 378 2520 tuae
418 2474 674 2520 morem
715 2475 943 2538 gerere
979 2455 1225 2519 statuit.
1294 2454 1527 2537 Itaque
1570 2453 2013 2538 superioribus
2048 2453 2186 2519 die-

247 2540 349 2605 bus
389 2542 672 2624 primam
710 2541 1086 2606 concionem
1121 2560 1327 2624 prope
1361 2539 1445 2604 ad
1480 2540 1730 2604 exitum
1768 2538 2182 2624 perduxerat.

245 2625 453 2708 Neque
497 2624 626 2691 sibi
672 2625 1034 2709 quidquam
1090 2626 1373 2708 optatius
1430 2635 1544 2690 aut
1601 2626 1931 2709 antiquius
1991 2646 2185 2709 posse

245 2710 514 2778 accidere
561 2711 849 2776 affirmat
892 2731 1090 2795 quam
1134 2719 1211 2776 ut
1252 2711 1323 2776 in
1367 2732 1440 2776 re
1475 2712 1859 2793 praesertim
1904 2720 2040 2777 tam
2077 2711 2187 2794 pia

245 2805 300 2861 et
347 2797 629 2863 honesta
684 2818 876 2862 suum
932 2799 1000 2862 in
1067 2807 1132 2861 te
1198 2795 1490 2862 studium
1555 2795 2038 2862 observant-iam
2107 2818 2183 2864 ac

242 2884 436 2965 potius
501 2883 814 2966 pietatem
882 2883 1240 2967 experiare.
1351 2880 1487 2948 Sed
1510 2881 1565 2968 2)
1632 2881 2182 2965 quemadmodum

244 2967 534 3035 Baduello
583 2967 978 3051 respondeat
1021 2977 1089 3033 et
1141 2968 1238 3034 illi
1290 2968 1570 3034 honesta
1624 2969 2037 3035 recusatione
2081 2988 2186 3034 sa-

244 3054 519 3121 tisfacere
667 3053 816 3154 ssit,
888 3053 1015 3120 nisi
1074 3054 1135 3119 ei
1207 3062 1277 3119 tu
1336 3053 1755 3161 voluntatem,
1802 3055 1943 3137 ipse
1995 3061 2186 3120 tuam

243 3159 873 3292 ἓᾞῗῐωᾘέωαῗ
925 3148 1331 3309 ἷῗὲαὲἓῒαὲ
1407 3139 1954 3321 ξφᾚιῐᾜῗὲἷῇ
1984 3160 2186 3292 Ἓξζι

241 3310 540 3380 Baduello
583 3311 976 3395 respondere
1014 3334 1062 3376 n
1143 3332 1229 3377 ue
1270 3312 1483 3394 potuit
1524 3332 1733 3395 neque
1773 3311 1987 3378 voluit
2027 3312 2185 3378 dum

241 3397 381 3480 quid
419 3399 633 3465 animi
678 3398 749 3462 in
793 3419 872 3463 ea
913 3419 986 3463 re
1029 3398 1119 3463 ha
1199 3419 1305 3463 res
1351 3396 1769 3481 intelligeret.
1857 3397 2006 3464 Hoc
2045 3399 2187 3482 ipse

241 3483 312 3549 ad
351 3493 434 3562 te,
482 3485 545 3550 si
582 3484 917 3549 tantulum
960 3484 1270 3567 temporis
1314 3484 1630 3567 potuisset
1671 3484 1942 3566 eripere,
1986 3485 2188 3567 scrip-

891 3570 1059 3634 tium
1100 3591 1176 3634 eo
1217 3569 1551 3635 lubentius
1594 3570 1877 3653 suscepi,
1935 3577 2011 3634 ut
2055 3571 2185 3634 mei

241 3570 434 3636 sisset.
528 3570 679 3654 Ego
720 3590 804 3635 ne

879 3662 945 3721 te
981 3655 1241 3720 assidue
1275 3664 1516 3734 tuerer,
1559 3675 1755 3738 quam
1791 3654 1909 3720 tibi
1945 3656 2015 3719 in
2054 3657 2184 3722 tuis

239 3657 615 3722 memoriam
663 3676 790 3739 apu

239 3744 527 3823 precibus
569 3762 967 3826 magnopere
1009 3740 1529 3807 commendatam
1576 3761 1719 3807 esse
1759 3740 2185 3807 vehementer

239 3829 420 3894 etiam
467 3837 670 3912 atque
713 3828 908 3893 etiam
953 3825 1270 3893 desidero.
1672 3881 1676 3886 .

390 3916 499 3981 De
549 3935 699 3980 meo
742 3913 1005 3998 negotio
1061 3913 1229 3978 nihil
1286 3911 1429 3979 dico
1486 3933 1689 3996 quum
1740 3912 1922 3978 illam
1978 3913 2183 3978 animi

238 4000 322 4063 tui
365 3998 770 4085 singularem
815 4019 890 4065 ae
935 4020 1137 4082 prope
1180 3998 1626 4064 incredibilem
1691 4019 1850 4084 erga
1905 4019 2012 4063 me
2069 3999 2183 4065 be-

233 4086 670 4153 nevolentiam
715 4085 879 4150 mihi
924 4106 1261 4168 nunquam
1297 4085 1371 4150 in
1405 4105 1483 4150 ea
1517 4106 1589 4150 re
1634 4083 2001 4150 defuturam
2039 4105 2182 4150 esse

235 4192 352 4236 non
396 4172 717 4238 dubitem.
786 4171 868 4237 In
913 4171 1107 4237 rebus
1151 4173 1395 4237 nostris
1427 4170 1597 4236 nihil
1633 4181 1735 4236 est
1770 4170 1966 4253 plane
2000 4172 2179 4250 novi,

232 4257 348 4323 nisi
391 4257 572 4342 quod
615 4258 686 4322 in
732 4257 815 4323 D.
880 4257 1079 4323 Virdi
1120 4257 1362 4325 vicinia
1384 4261 1440 4338 ³)
1498 4265 1840 4341 aegrotare
1899 4276 2180 4338 puerum

235 4346 598 4428 quempiam
625 4344 994 4422 affirmant,
1041 4345 1152 4426 qui
1196 4356 1271 4409 ut
1312 4352 1497 4426 peste
1540 4343 1815 4408 affectus
1861 4343 1947 4408 sit
1987 4343 2180 4408 multi

235 4441 562 4496 verentur.
667 4429 775 4494 Ad
819 4451 967 4495 eum
1014 4439 1081 4494 et
1124 4449 1427 4495 sermone
1470 4437 1537 4495 et
1578 4429 1788 4495 literis
1824 4428 2182 4494 multorum

233 4517 556 4597 perlatum
615 4524 717 4581 est
769 4515 1166 4581 sacrificulos
1231 4516 1629 4581 missatorios
1685 4514 2181 4599 Mombelgardo

231 4770 397 4829 1600.
421 4773 482 4838 1)
525 4770 855 4826 Baduellum
891 4771 1022 4825 libri
1052 4771 1236 4842 qualis
1269 4771 1437 4827 latine
1470 4771 1650 4825 editus
1683 4777 1761 4826 eet
1794 4771 2179 4826 transmersu-

228 4843 389 4906 fnu'sse
422 4842 713 4896 docuimus
729 4856 795 4893 ex
830 4841 1010 4909 ipsius
1039 4839 1398 4909 praefatione.
1444 4839 1579 4908 Opp.
1615 4839 1760 4895 Toni.
1780 4839 1924 4894 VIII.
1939 4841 2179 4909 proleqy.

227 4926 276 4977 p.
309 4926 435 4966 :ss-v.
513 4910 608 4963 An
641 4924 768 4963 voro
803 4911 969 4964 totius
1001 4925 1115 4965 non
1149 4911 1333 4979 liquet,
1366 4924 1533 4978 quus·
1568 4907 1721 4965 Besa
1764 4924 1901 4979 opus
1945 4910 2060 4963 iam
2094 4912 2179 4963 in·

425 5020 486 5115 2)
529 5047 780 5102 Mum
814 5049 1138 5117 scripserat.-
1171 5047 1423 5102 Movetur
1467 5053 1649 5101 tamen
1686 5046 1934 5102 Baduelli
1970 5045 2177 5116 cupidi-

232 5123 335 5171 tate
371 5134 435 5172 ac
472 5116 748 5171 desiderio
783 5118 868 5170 cui
912 5117 1225 5186 gratificari,
1274 5116 1320 5169 si
1358 5117 1588 5172 facultas
1625 5117 1811 5185 ferret,
1847 5131 2178 5185 magnopere

427 5227 490 5321 3⁸)
533 5254 649 5310 Res
691 5271 802 5310 non
849 5255 1040 5324 magni
1079 5255 1295 5310 nidmu·
1337 5254 1514 5322 fuisse
1559 5254 1828 5324 momenti,
1860 5269 2027 5325 quum
2060 5253 2179 5322 ipse

243 5321 451 5380 Virmn
487 5323 549 5379 in
585 5325 704 5379 suis
738 5324 912 5379 literis
944 5325 1012 5380 de
1045 5339 1110 5381 ea
1145 5327 1334 5381 taceat.

1991 402 2155 465 1552
2201 395 2530 466 OO'I'OB.

4128 401 4256 466 398

2293 584 2521 669 pulsos
2563 607 2725 666 esse,
2770 591 2839 652 et
2878 585 2953 651 in
2995 584 3111 651 illa
3151 587 3464 653 universa
3498 584 3747 652 ditione
3789 585 4084 653 revocari
4124 588 4252 655 mi-

2294 672 2543 738 nistros
2586 671 2944 756 evangelii:
2969 676 3027 749 ⁴)
3062 670 3432 740 admonitos
3466 679 3687 739 tamen
3728 693 3871 739 esse
3905 672 4255 742 nonnullos

2294 758 2408 841 qui
2450 758 2561 825 hic
2606 767 2781 837 sunt,
2826 779 2912 824 ne
2954 758 3271 824 festinent
3325 758 3540 825 redire
3556 809 3574 837 ,
3625 758 3759 824 nisi
3812 758 4129 842 principis
4169 759 4255 826 li-

2296 844 2457 911 teris
2500 854 2569 910 et
2613 844 2823 910 accitu
2866 851 3251 928 evocentur,
3311 843 3483 928 quod
3535 844 3748 927 primo
3786 864 4039 928 quoque
4082 851 4252 910 tem-

2295 950 2453 1012 pore
2498 930 2791 996 futurum
2835 951 2965 995 non
3014 928 3338 995 dubitant.
3426 930 3750 996 Dominus
3806 927 3890 994 ob
3930 930 4098 996 illud
4139 930 4255 998 be-

2296 1016 2604 1082 neficium
2649 1013 2733 1081 ad
2776 1036 3007 1081 omnes
3051 1016 3460 1082 saeculorum
3514 1022 3761 1082 aetates
3802 1015 4108 1082 laudetur
4151 1025 4253 1082 at-

2297 1121 2424 1184 que
2446 1100 2529 1167 ab
2562 1101 2864 1167 omnibus
2908 1099 3288 1168 celebretur.
3357 1100 3545 1169 Idem
3563 1109 3632 1168 te
3674 1102 3917 1167 nostris
3960 1102 4251 1170 ecelesiis

2296 1187 2691 1254 incolumem
2738 1208 2932 1271 quam
2991 1187 3352 1254 diutissime
3398 1195 3762 1254 conservet.
3850 1187 4251 1255 Lausannae

2295 1273 2457 1357 xxij.
2505 1270 2737 1339 Octob.
2765 1276 2820 1357 5)

2910 1410 3302 1477 Franciscus
3336 1411 3752 1476 Hotomanus
3796 1421 3946 1477 tuus

2678 1498 2854 1561 omni
2897 1497 3110 1563 officio
3153 1496 3572 1563 observantia
3615 1516 3691 1562 ac
3733 1499 3974 1580 pietate
4012 1498 4211 1564 filius.

3048 1787 3456 1802 ᾕ-

3179 2005 3366 2076 16⁸7.

2780 2142 3253 2211 GALVINUS
3295 2145 3760 2214 FARELLO.

2468 2315 2684 2381 Novae
2726 2315 3238 2382 adversariorum
3279 2317 3631 2383 calumniae
3685 2322 3741 2383 d
3781 2320 3991 2386 minae
4020 2324 4242 2403 prodi-

2289 2402 2482 2467 tionis
2515 2402 2729 2485 ipsum
2769 2406 2828 2467 et
2861 2421 3015 2466 suos
3046 2401 3573 2469 insimulantium.
3660 2404 3861 2470 Veraci
3878 2410 4243 2487 macswid

2299 2486 2580 2553 Genevae
2620 2487 3016 2555 desideratur
3057 2488 3311 2570 quidem
3351 2489 3461 2554 sed
3502 2489 3611 2555 vix
3651 2496 3967 2572 speratur.

2290 2658 2403 2727 (Ex
2438 2659 2776 2729 autographo
2801 2658 2931 2714 Cod.
2967 2658 3202 2714 Gothani
3236 2656 3358 2725 404,
3390 2659 3481 2713 fol.
3518 2659 3604 2715 20.
3672 2661 3864 2715 Edidit
3900 2663 4240 2720 Bretsehnei·

2371 2727 2472 2781 der
2506 2744 2561 2797 p.
2598 2725 2683 2781 34.
2755 2728 2987 2797 Anglice
3024 2745 3185 2784 versa
3218 2728 3420 2797 legitur
3453 2729 3510 2782 iu
3548 2731 3635 2788 ed.
3670 2730 3869 2784 Edinb.
3906 2732 3974 2786 11.
4010 2730 4162 2801 355.)

2290 2898 2557 2964 Eximio
2601 2897 2874 2965 Domini
2916 2900 3125 2966 nostri
3159 2900 3314 2966 Iesu
3356 2898 3607 2966 Christi
3650 2920 3842 2968 servo
3878 2902 4238 2973 Guillelmo

2289 2984 2554 3051 Fareuo
2626 2983 3094 3052 Neocomensis
3164 2985 3473 3052 ecclesiae
3539 2988 3786 3069 pastori
3859 2988 4237 3058 fidelissimo

2684 3071 2877 3138 fratri
2917 3078 2986 3137 et
3028 3078 3433 3157 symmystae
3475 3073 3830 3140 carissimo.

2464 3206 2535 3273 S.
2603 3206 2829 3289 Quum
2886 3209 3129 3274 soleam
3171 3208 3540 3290 interdum,
3606 3210 3762 3293 quia
3813 3209 4024 3278 literis
4067 3214 4237 3279 nihil

2291 3291 2567 3378 dignum
2625 3294 2940 3378 suppetit,
3007 3315 3047 3358 a
3103 3294 3441 3361 scribendo
3498 3295 3857 3376 abstinere,
3915 3297 4076 3365 fecit
4130 3300 4239 3365 his

2291 3377 2520 3446 diebus
2553 3380 2818 3445 uberior
2853 3399 3049 3463 quam
3082 3381 3317 3447 vellem
3354 3382 3629 3447 materia
3662 3402 3747 3447 ne
3781 3383 3934 3465 quid
3971 3387 4239 3450 omnino

2290 3465 2662 3531 scriberem.
2752 3464 2949 3532 Solus
2993 3468 3172 3532 enim
3215 3465 3539 3533 malebam
3582 3468 3996 3537 tristissimas
4039 3489 4235 3536 curas

2289 3570 2459 3633 quae
2502 3573 2608 3617 me
2652 3553 3037 3618 excruciant
3068 3572 3322 3630 vorare,
3368 3573 3566 3637 quam
3610 3554 4002 3620 levationem
4036 3576 4237 3638 quae-

2289 3657 2436 3701 rere
2480 3657 2565 3702 ex
2608 3643 2724 3703 tuo
2766 3637 3193 3705 incommodo.
3273 3637 3667 3723 Quanquam
3711 3641 3767 3704 si
3804 3641 3873 3705 in
3907 3648 3974 3704 te
4017 3641 4238 3715 oneris

2286 3731 2545 3804 partem
2588 3723 2810 3789 reiicio
2855 3722 3016 3789 adeo
3060 3724 3227 3789 nihil
3271 3725 3577 3792 sublevor
3610 3732 3689 3789 ut
3721 3725 3967 3790 malum
4012 3727 4230 3809 potius

2287 3810 2721 3892 ingravescat.
2822 3809 3015 3874 Adde
3082 3810 3257 3893 quod
3326 3812 3472 3894 ipsa
3528 3810 3657 3876 scri
3703 3812 3793 3875 tio
3848 3812 4236 3878 memoriam

2289 3894 2588 3961 excitans
2629 3895 2875 3961 vulnus
2918 3915 3174 3979 quoque
3216 3895 3578 3962 exacerbat.
3720 3895 3971 3962 ciebam
4009 3898 4235 3965 hostes

2287 3979 2420 4044 iam
2468 4000 2508 4044 a
2550 3989 2830 4064 quatuor
2871 3982 3206 4048 mensibus
3258 3982 3577 4048 occultam
3638 3979 3977 4049 seditionis
4017 3993 4230 4050 mate-

2288 4066 2454 4130 riam
2509 4065 2728 4133 fovere
2744 4119 2760 4147 ,
2791 4072 2839 4144 ¹)
2895 4069 3003 4134 cui
3088 4069 3308 4152 ignem
3328 4072 3382 4144 ²)
3427 4065 3745 4133 subiicere
3802 4067 4228 4136 decreverant

2288 4151 2607 4234 proximis
2661 4154 2940 4219 comitiis
3008 4173 3174 4236 quae
3242 4153 3323 4216 ad
3384 4154 3789 4235 praefectum
3852 4154 4229 4239 eligendum

2493 4355 2556 4423 4)
2591 4354 2718 4411 Iam
2753 4355 2806 4409 d.
2839 4353 2926 4408 27.
2965 4354 3110 4425 Sept.
3156 4355 3274 4410 dux
3318 4353 3770 4426 christophorus,
3816 4356 4060 4413 libertate
4102 4373 4240 4413 usus

2286 4440 2451 4494 quam
2486 4431 2755 4481 &ruamus
2774 4423 3160 4478 Passaviemis
3171 4426 3596 4494 protestantibus
3630 4425 3870 4493 dederat,
3905 4427 4079 4482 edicto
4111 4428 4240 4482 mis·

2287 4509 2404 4548 m
2440 4493 2620 4549 denuo
2653 4493 2882 4549 abolevit
2925 4499 2976 4549 et
3019 4495 3424 4549 commotores
3474 4496 3810 4563 evangelicos
3843 4498 3906 4550 in
3940 4496 4115 4552 locun
4147 4512 4237 4551 sa·

2286 4561 2563 4618 cordatum
2596 4579 2664 4616 su
2769 4563 2782 4576 '
2813 4563 3172 4683 iussamque&
3203 4563 3410 4630 faenum
3435 4571 3513 4618 est
3540 4564 3725 4632 pridie
3744 4563 3944 4619 Nonas
3968 4563 4238 4620 Octobres.

2284 4631 2542 4703 (Goauel,
2692 4647 2826 4686 orm.
2860 4630 2928 4685 de
3030 4632 3175 4687 onib-
3203 4649 3260 4701 p.
3294 4630 3365 4686 52
3398 4632 3467 4697 s.)

2491 4700 2551 4765 5)
2588 4702 2813 4755 Αηκαηι
2848 4698 2985 4753 1552
3020 4700 3218 4756 sistunt
3252 4717 3391 4772 quae
3424 4700 3557 4755 dicit
3591 4699 3658 4754 de
3690 4701 3851 4756 rebus
3878 4701 4239 4771 Mombolqar·

2286 4770 2535 4824 densium
2568 4775 2620 4823 et
2653 4770 2720 4824 de
2753 4769 3115 4824 translatione
3148 4779 3385 4839 quatuor
3417 4784 3738 4823 monum.

2286 4838 2466 4900 1667.
2486 4838 2545 4906 1)
2583 4838 2695 4894 Por
2728 4844 2897 4894 totam
2930 4844 3188 4894 aestatem
3221 4839 3411 4893 variae
3429 4840 4008 4895 emortaeoumtarbas
4039 4843 4091 4892 et
4122 4837 4235 4892 dis-

2284 4911 2632 4977 septentiam,
2666 4909 2872 4977 part-'m
2905 4922 3088 4962 coram
3110 4909 3449 4974 consistorio,
3479 4909 3685 4976 partim
3716 4923 3902 4963 coram
3936 4912 4147 4974 matu,
4182 4910 4236 4961 et

2282 4978 2363 5099 {151
2381 4979 2515 5100 evag
2541 4976 3031 5111 ‘Zissitssssffissm
3077 4976 3471 5100 *in-‘⁸323
3515 4974 4241 5110 '²‘”“a¹l².·0·⁸·‘5{1⁶.³⁸2²¹⁷'m0„“⁸’·“²235

2360 5063 2462 5100 vm
2956 5083 2973 5107 υ

2283 5116 2385 5170 buo
2417 5116 2671 5171 cacantis
2707 5115 3159 5184 tranqmwtam·
3190 5115 3462 5183 publicas·
3479 5121 3570 5170 tur
3762 5149 3776 5163 .
3828 5112 4055 5167 Praeter
4083 5111 4235 5166 stol·

2283 5185 2465 5310 ῑὲοιῖἅι
2506 5186 2588 5307 ἕνα
2618 5184 2815 5308 edm
2828 5190 3076 5265 ,senatus
3126 5186 3346 5254 saepius
3396 5189 3686 5242 omme
3740 5181 3885 5237 Pha.
3928 5181 4231 5249 Bsroellt’er,

2339 5270 2374 5309 a
2456 5294 2470 5308 .
2673 5268 2702 5306 e
2812 5269 2872 5306 u.

2494 5268 2745 5391 Depigues
2780 5319 2884 5377 Br.
