4900 6167
242 450 343 513 205

239 635 547 704 liberatum
618 632 885 700 tandem
971 633 1222 700 obsidio
1304 631 1615 700 scribitur
1677 631 2157 700 conditionibus

238 720 662 801 tolerabilibus,
697 719 896 804 idque
928 721 1251 786 bonorum
1280 718 1687 803 quorundam
1715 719 2154 785 eminentum-

239 828 340 892 que
354 809 405 890 θ)
448 807 736 872 virorum
780 803 1017 872 studio.
1106 804 1242 872 Sed
1284 803 1650 872 cuiusmodi
1689 806 1958 871 omnino
1999 805 2154 871 illae

239 895 349 960 sint
396 894 633 958 rescire
683 890 980 957 nondum
1034 893 1247 975 potui,
1312 900 1380 956 et
1436 911 1620 973 spem
1674 899 1895 956 tamen
1960 892 2152 958 foveo

238 999 359 1046 eam
395 978 731 1044 eeclesiam
774 986 912 1043 tam
945 977 1210 1044 Christo
1255 977 1576 1042 haetenus
1618 976 2018 1062 resignatam
2048 999 2152 1043 re·

237 1072 491 1149 spectum
514 1083 661 1130 esse
695 1062 1206 1130 misericorditer
1226 1083 1267 1127 a
1287 1061 1592 1139 Domino,
1637 1071 1705 1127 et
1723 1064 1794 1126 in
1818 1071 2153 1147 posterum

236 1149 674 1235 respiciendam
716 1159 987 1234 propter
1029 1149 1314 1215 nominis
1366 1147 1574 1231 ipsius
1630 1148 1923 1233 gloriam.
2014 1146 2151 1214 Sed

235 1237 342 1303 iam
380 1235 539 1314 vale,
582 1236 789 1303 frater
830 1235 1164 1301 carissime
1197 1246 1266 1299 et
1300 1236 1373 1299 in
1406 1235 1690 1300 Domino
1728 1232 2147 1301 observande.

237 1320 437 1389 Salvos
478 1322 631 1388 iube
671 1322 837 1387 meis
880 1320 1099 1392 verbis
1142 1332 1543 1408 symmystas
1598 1327 1760 1387 tuos.
1849 1319 2152 1386 Basileae

236 1411 310 1472 2*
344 1406 736 1486 Novemb.⁸)
783 1427 961 1474 anno
1011 1411 1192 1474 1551.

974 1545 1157 1610 Tuus
1200 1551 1380 1611 totus
1424 1544 1658 1611 Simon
1702 1543 2063 1612 Sultzerus.

1078 2072 1273 2146 1555.

568 2227 1099 2295 FALLESIUS
1143 2227 1781 2297 BULLINGERO.

373 2396 768 2466 Commendat
812 2398 1056 2467 Iulium
1100 2400 1338 2466 Italum
1378 2406 1436 2466 et
1474 2400 1592 2467 hac
1633 2400 1945 2467 occasionn
2004 2405 2147 2467 tecte

231 2484 444 2565 quidm
480 2486 592 2551 sed
633 2506 758 2550 non
798 2487 937 2552 sine
977 2487 1274 2570 laon-yvonis
1316 2486 1700 2571 trayoediam
1739 2487 2146 2551 Genevensem

229 2570 292 2635 ab
323 2572 517 2637 eodem
557 2572 984 2638 enarrandam
1024 2574 1353 2656 siynificat.

232 2740 519 2865 fflpm
552 2742 925 2797 authentieum
944 2760 1080 2825 ‚eum
1114 2743 1471 2826 inscriptione
1493 2748 1552 2826 et
1584 2744 1941 2826 post-seripto
1975 2746 1995 2798 i
2064 2744 2146 2827 ’us

450 2828 667 2866 manum
703 2812 1063 2866 referentibus
1097 2818 1282 2866 exstat
1316 2831 1371 2866 ιιι
1408 2812 1748 2867 Bibliotheca
1781 2829 1955 2868 emes
2123 2843 2145 2853 -

92 2869 101 2890 ⁸
233 2880 349 2932 tensi
381 2880 533 2934 MSS.
581 2881 642 2934 F.
678 2881 749 2935 42
812 2883 941 2935 olim
976 2880 1140 2936 Arch.
1175 2881 1493 2952 Bottingeri
1526 2882 1587 2936 T.
1623 2882 1755 2937 VII.
1792 2882 1883 2937 rol.
1917 2881 1966 2936 9.
2040 2883 2144 2936 De-

234 2948 417 3019 nea-ipsit
449 2950 715 3004 Simlerus
749 2922 869 3006 Vol.
908 2947 1011 3089 76th
1061 2951 1228 3090 {diga
1260 2958 1364 3075 gg}
1385 2952 1458 3084 'in
1507 2950 1698 3006 Museo
1747 2951 1948 3007 helvet.
1982 2951 2142 3006 VIII.

371 3189 751 3257 Clarissimo
803 3191 952 3257 viro
1009 3191 1378 3274 eximioque
1437 3192 1588 3257 Iesu
1645 3191 1903 3258 Christi
1959 3214 2149 3258 servo

233 3270 298 3338 D.
336 3273 647 3343 Heinrieo
690 3276 1073 3361 Bullingero
1117 3278 1472 3361 Tigurinae
1515 3277 1825 3344 eeclesiae
1872 3279 2151 3364 vigilan·

234 3359 451 3429 tissime
492 3363 744 3446 pastori
786 3361 1047 3429 domiuo
1091 3385 1166 3429 ae
1209 3364 1398 3430 fratri
1451 3363 1722 3430 eolendo
1765 3363 1848 3429 ad
1891 3385 2146 3431 manus.

1728 3467 1978 3554 augur„

371 3602 514 3669 Iam
557 3601 804 3669 dudum
837 3603 1083 3670 crebris
1108 3603 1240 3669 tuis
1282 3604 1785 3672 salutationibus
1827 3625 1947 3688 pro
1981 3605 2152 3671 anti·

236 3706 339 3769 quo
395 3691 597 3755 animi
650 3690 783 3755 mei
841 3708 1001 3773 erga
1055 3698 1121 3755 te
1180 3689 1394 3756 studio
1451 3692 1674 3775 tuique
1738 3689 2154 3758 observantia

236 3775 701 3857 respondissem,
746 3777 951 3841 frater
995 3797 1070 3842 ao
1105 3776 1365 3842 domiue
1409 3777 1765 3852 carissime,
1824 3777 1953 3841 nisi
1997 3797 2151 3843 eon-

237 3858 429 3927 tinuae
470 3862 889 3928 infirmitates
931 3863 1284 3945 variaeque
1343 3865 1799 3947 oeeupationes
1845 3883 1951 3927 me
1995 3862 2150 3928 hae-

237 3951 397 4012 tenus
431 3947 963 4032 praepediissent.
1030 3949 1227 4016 Nune
1263 3956 1481 4014 autem
1517 3970 1719 4033 quum
1756 3947 1991 4015 melius
2034 3947 2154 4013 ali-

238 4034 592 4111 quantulum
635 4033 930 4111 habeam,
976 4055 1053 4101 ae
1098 4034 1343 4100 Iulium
1386 4034 1566 4101 hune
1620 4041 1917 4102 nostrum
1963 4053 2154 4119 prae-

239 4119 565 4185 sentiarum
592 4122 641 4197 ¹)
684 4117 959 4186 latorem
1012 4129 1376 4205 opportune
1430 4129 1663 4188 naetus
1714 4121 1954 4186 fuerim
1970 4170 1988 4200 ,
2043 4121 2153 4203 qui

410 4409 468 4546 ἐξ
502 4425 720 4534 aonam
752 4479 999 4535 abaco„
1032 4480 1211 4534 auem
1243 4481 1391 4545 eitra
1418 4482 1601 4549 periit.
1676 4478 1915 4535 omem
1948 4480 2157 4550 scripta

240 4547 455 4697 m)
467 4564 863 4673 ᾞἭῖιῖοο
875 4616 1039 4682 ιιιιεο,
1057 4613 1174 4671 nisi
1186 4616 1518 4685 faui-mmo
1591 4619 1706 4673 aar
1719 4617 1882 4673 Ζωιι
1899 4616 2152 4699 Bovariq,

241 4680 1111 4837 maxumis&
1124 4683 1931 4877 ffissvvaatssass
1957 4702 2154 4837 aas?

242 4824 328 4899 ⁸15⁰
352 4820 574 4906 ‘d'e‘resia
609 4841 683 4876 un
718 4831 871 4906 eerto
902 4822 1089 4905 §hubo
1128 4891 1141 4916 ,
1185 4823 1387 4903 ilauese
1422 4836 1658 4879 maesti-o
1693 4843 1751 4878 m
1786 4823 2042 4905 Teolegia
2075 4824 2152 4905 fa-

242 4889 1126 5025 &awfflvssfflzzffffffflassffl
1153 4891 1233 5015 ιζ)
1235 4893 1460 5030 53:311.
1494 4892 2156 5017 Ἒᾬηέἕιῗιῖἰιῗφῒέὶῖ

244 5027 435 5152 ει...
468 5030 824 5155 ...m
759 5032 822 5084 ⁶⁸
859 5029 1477 5153 {mv-“m
1508 5029 2156 5155 ..mmm

246 5163 670 5304 :ww
701 5116 1776 5304 massadam..
1910 5185 1965 5237 v·
2000 5166 2156 5292 ἠε

248 5305 479 5377 muli,
508 5313 571 5360 ιιι
610 5305 905 5360 θονᾱεεὲιιε
940 5306 1086 5359 Hist.
1108 5306 1207 5372 ref.
1236 5304 1434 5376 p.279,
1471 5322 1590 5359 eum
1624 5320 1745 5358 cum
1774 5238 2153 5361 ‘Iumen-

249 5373 392 5436 ωηο,
424 5373 695 5446 Martyris
726 5377 789 5429 in
824 5374 1025 5443 Anqln‘a
1057 5376 1248 5430 comite
1280 5375 1660 5443 confuderunt.

1886 445 2046 507 1551
2096 439 2513 510 NOVEMB.

4079 453 4205 516 206

2256 630 2422 695 mihi
2481 631 2872 715 signifiearit
2930 654 3002 700 se
3027 634 3230 724 *velle
3285 657 3327 701 a
3369 656 3487 712 vos
3538 637 3834 703 conferre
3897 637 4207 705 ecelesiae

2256 726 2515 782 vestrae
2557 717 2813 784 visendi
2855 721 3096 804 gratia,
3156 728 3292 788 tam
3349 723 3592 788 iustam
3647 724 4208 806 opportunitatem

2255 803 2591 953 afar-‘³
2622 803 3057 957 maa?
3098 806 3484 976 &aaa
3506 829 3665 959 ἕξει
3695 807 4209 979 mm

2256 973 2348 1039 sis
2394 994 2595 1057 quam
2648 996 2732 1040 ex
2790 976 3013 1042 animo
3068 976 3325 1044 doleam
3341 1030 3359 1059 ,
3417 1000 3524 1043 me
3579 1000 3710 1045 non
3750 981 4040 1064 potuisse
4084 981 4206 1047 tibi

2253 1079 2580 1210 prodmeo
2640 1059 2961 1127 desiderio
3016 1062 3270 1131 debitas
3324 1064 3501 1130 vices
3572 1065 3643 1129 in
3703 1064 4045 1131 salutando
4101 1087 4206 1132 re-

2255 1165 2385 1228 pen
2432 1166 2561 1211 ere.

2426 1229 2777 1297 Caeterum
2793 1285 2810 1312 ,
2863 1243 3184 1316 quantum
3241 1235 3323 1300 ad
3380 1235 3654 1301 latorem
3699 1236 3951 1314 attinet,
3995 1235 4208 1305 fidelis

2255 1324 2359 1381 est
2416 1323 2485 1381 et
2541 1316 2703 1383 mihi
2760 1319 2963 1402 probe
3022 1322 3356 1403 cognitus,
3420 1327 3644 1405 utpote
3700 1321 3813 1404 qui
3873 1320 4207 1389 biennium

2254 1403 2664 1486 provineiam
2717 1404 2886 1470 hane
2946 1406 3252 1486 coluerit,
3327 1427 3611 1491 suaeque
3668 1405 3824 1473 fidei
3882 1416 3946 1472 et
3989 1409 4207 1490 probi·

2253 1488 2410 1554 tatis
2455 1500 2842 1573 argumenta
2882 1492 3155 1556 minime
3198 1491 3475 1559 obseura
3518 1491 3694 1576 apud
3736 1512 3861 1558 nos
3905 1492 4204 1574 ediderit,

2254 1577 2910 1660 eommonstraritque
2974 1598 3170 1662 quam
3233 1599 3472 1662 graves
3551 1588 3618 1643 et
3692 1576 4056 1646 horrendas
4121 1580 4205 1646 ob

2252 1659 2702 1743 proedieatum
2747 1663 3137 1747 evangelion
3181 1664 3570 1730 sustinuerit
3611 1685 3731 1748 per
3750 1664 4014 1730 Italiam
4058 1686 4208 1749 per-

2253 1748 2693 1830 sequutiones.
2759 1748 2983 1813 Habet
3024 1750 3201 1814 enim
3221 1739 3437 1815 'huius
3479 1751 3574 1816 rei
3618 1771 3741 1816 sua
3782 1770 3948 1834 quae
3982 1772 4208 1818 seeum

2251 1833 2274 1896 i
2322 1852 2392 1898 se
2457 1829 2589 1897 fert
2645 1833 3050 1917 amplissima
3103 1834 3493 1900 testimonia.
3595 1834 3822 1917 Quare
3876 1857 4208 1902 commen-

2340 1927 2482 1982 tum
2527 1916 2647 1984 tibi
2689 1919 2758 1984 in
2783 1918 3052 1988 Christo
3095 1920 3235 1985 fore
3269 1920 3540 1986 minime
3585 1921 3843 1987 dubito:
3888 1920 4208 2008 siquidem

2252 2002 2508 2069 oonfido
2552 2004 2673 2071 hoo
2715 2004 2926 2070 solum
2971 2017 3432 2089 argumentum
3490 2016 3750 2073 tantum
3794 2007 4208 2075 eommenda-

2252 2089 2450 2154 tionis
2494 2087 2669 2173 apud
2712 2099 2780 2156 te
2822 2091 3203 2158 habiturum
3247 2100 3568 2177 quantum
3612 2092 3693 2158 ad
3728 2114 3878 2158 eum
3924 2095 4207 2179 amplee-

2252 2173 2579 2326 anduffb
2593 2183 2783 2242 extra
2825 2197 3091 2244 omnem
3131 2178 3531 2263 imposturae
3576 2178 4027 2263 suspicionem,
4085 2180 4206 2245 ha-

2338 2281 2410 2326 re
2500 2281 2535 2325 e
2582 2271 2704 2326 eat.

2420 2347 2596 2413 Novi
2643 2346 2751 2415 hie
2794 2348 3038 2432 aliquid
3084 2349 3419 2429 habemus,
3472 2348 3646 2434 quod
3688 2370 3888 2433 quum
3929 2359 3997 2416 te
4038 2352 4208 2417 seire

2251 2453 2664 2517 summopere
2701 2434 2982 2518 eupiam,
3029 2433 3137 2499 hie
3179 2437 3322 2519 ipse
3362 2436 3474 2519 qui
3517 2435 3641 2502 has
3674 2433 3794 2501 tibi
3838 2435 4070 2503 reddet
4102 2437 4201 2503 rei

2252 2520 2490 2583 seriem
2544 2519 2780 2587 melius
2834 2521 3055 2588 verbis
3111 2521 3233 2587 tibi
3286 2542 3655 2606 proponere
3707 2522 3951 2604 poterit
4005 2543 4206 2607 quam

2250 2603 2416 2668 mihi
2461 2604 2746 2670 seribere
2800 2626 2980 2672 nune
3021 2616 3228 2673 vaeet.
3317 2607 3460 2691 Ipsi
3501 2607 3708 2693 igitur
3747 2606 4205 2689 indubitatam,

2249 2690 2308 2755 si
2339 2689 2576 2774 plaeet,
2622 2690 2928 2758 adhibeto
2970 2691 3185 2758 fidem.
3274 2693 3437 2758 Fuit
3477 2695 3655 2759 enim
3705 2694 3995 2760 omnium
4039 2715 4209 2777 quae

2250 2774 2548 2841 narrabit
2590 2799 2622 2843 s
2743 2785 2914 2844 tator
2955 2780 3535 2861 praesentissimus
3582 2787 3648 2845 et
3687 2780 3877 2846 testis
3917 2778 4206 2864 loeuple-

2250 2862 2563 2929 tissimus.
2668 2862 2936 2948 deoque,
2981 2873 3058 2930 ut
3094 2873 3195 2931 est
3228 2866 3529 2932 veritatis
3565 2873 3837 2944 amator,
3882 2866 4010 2931 erit
4048 2886 4207 2950 quo-

2250 2969 2376 3031 que
2420 2948 2597 3032 apud
2639 2957 2707 3014 te
2751 2949 3064 3016 historiae
3106 2961 3410 3017 narrator
3467 2949 3901 3017 fidelissimus.
3993 2951 4209 3033 Quem

2251 3033 2365 3099 ubi
2407 3035 2708 3120 benigne,
2750 3044 2829 3101 ut
2861 3034 3001 3102 fere
3035 3036 3226 3117 soles,
3271 3036 3574 3116 audieris,
3619 3056 3776 3121 rogo
3811 3044 3879 3102 te
3912 3037 4210 3121 impense

2253 3131 2350 3201 ut,
2393 3122 2449 3187 si
2494 3122 2615 3187 tibi
2658 3142 2773 3205 per
2815 3122 3025 3187 otium
3068 3121 3282 3202 lieeat,
3327 3130 3438 3187 tuo
3482 3143 3588 3188 me
3631 3122 3713 3188 ad
3757 3142 3834 3188 ea
3877 3143 4043 3206 quae
4090 3122 4206 3190 tibi

2252 3216 2577 3291 proponet
2619 3206 2909 3292 digneris
2952 3228 3281 3293 responso.
3371 3208 3558 3273 Vale.

3193 3345 3399 3412 'I'otus
3442 3353 3596 3412 tuus

3311 3448 3588 3515 Iaeobus
3632 3470 3672 3514 a
3712 3448 4121 3533 Burgundia.

2431 3620 2581 3686 Non
2606 3626 2661 3699 ²)
2705 3621 2847 3686 sine
2904 3618 3215 3703 lacrymis
3256 3619 3662 3705 tragoediam
3718 3622 3913 3686 istam
3960 3619 4212 3687 Calvina·

2257 3715 2324 3772 et
2365 3728 2636 3773 suorum
2680 3705 2903 3771 videre
2946 3713 3013 3769 et
3055 3705 3285 3771 audire
3327 3726 3542 3791 cogor,
3587 3706 3678 3770 mi
3720 3705 3946 3772 frater.
4025 3706 4211 3773 Deus

2258 3813 2448 3858 suam
2490 3794 2836 3861 veritatem
2879 3800 3198 3874 perpetuo
3242 3811 3631 3857 eonservare
3674 3789 3997 3876 dignetur.
4080 3792 4210 3856 'Pa-

2258 3877 2603 3944 bellarium
2649 3876 2729 3943 de
2772 3878 2897 3944 hae
2943 3875 3217 3943 historia
3250 3876 3491 3956 audies,
3536 3883 3604 3943 et
3637 3876 3901 3960 quidem
3943 3876 4209 3944 eredere

2303 3973 2462 4029 otes.
2551 3964 2638 4030 In
2679 3963 2949 4049 reliquis
3006 3983 3139 4029 non
3184 3963 3279 4026 ita
3321 3982 3439 4045 pro
3489 3982 3566 4027 eo
3611 3960 3932 4046 spondere
3976 3963 4207 4030 ausim.

2314 4049 2498 4115 aluta
2562 4070 2787 4116 omnes
2831 4059 2980 4117 tuos
3024 4047 3501 4113 commilitones
3566 4068 3640 4114 ae
3690 4048 3986 4116 dominos
4028 4068 4209 4116 meos

2259 4138 2333 4202 in
2377 4135 2665 4202 Christo.
2687 4140 2740 4216 ³)

3030 4446 3436 4454 ———

3135 4680 3325 4751 1556.

2425 4839 2508 4905 V.
2555 4836 2898 4905 FALAIS
2944 4837 3062 4904 AN
3106 4836 3302 4905 DEN
3345 4837 3727 4905 BERNER.
3770 4836 4045 4904 RA'I'H.

2432 5012 2519 5076 In
2564 5010 2801 5078 Saehen
2842 5009 3137 5117 Bolsee’s.

2462 5233 2526 5300 2)
2564 5234 2720 5289 Haec
2750 5249 2920 5289 manu
2950 5236 3194 5304 proptia.

2465 5302 2522 5368 3)
2559 5303 2714 5359 Haec
2767 5310 2896 5360 ante
2945 5306 3148 5359 exitum
3200 5316 3401 5359 musae
3455 5298 3813 5356 Bolax-’amc
3867 5298 4072 5368 sev-ima
4124 5299 4205 5355 vi-
