4900 6167
268 452 373 517 661

372 638 543 703 ximo
584 637 994 703 effecturum.
1083 633 1159 701 Si
1218 633 1376 717 quid
1416 654 1571 700 vero
1612 636 1745 700 iam
1783 633 1891 703 hie
1935 655 2041 700 me
2087 655 2191 699 ar·

324 723 511 789 tratis
553 723 625 787 in
667 729 851 788 tuam
889 721 1171 807 gratiam
1206 740 1398 804 posse
1429 719 1663 798 faeere,
1710 727 1972 785 tantum
2014 739 2194 786 eom·

266 808 637 876 monefaoito
679 816 749 874 et
790 807 918 874 erit
960 807 1137 873 satis.
1226 807 1321 871 ΤΘ
1375 816 1527 889 opto
1580 807 1650 872 in
1694 806 1983 872 Domino
2027 805 2194 872 bene

266 894 470 960 valere
512 916 589 961 ae
623 894 738 960 diu
770 892 1165 960 ineolumem
1199 891 1451 958 Christi
1492 892 1804 959 eeclesiae
1848 893 2192 958 asservari.

266 981 657 1064 Argentinae
704 983 762 1045 3.
807 977 1123 1045 Novemb.
1179 981 1359 1042 1553.
1386 982 1440 1054 ⁸)

1123 1506 1319 1578 1843.

574 1659 1205 1729 GRATAROLUS
1250 1657 1880 1728 BULLINGERO.

427 1834 620 1918 Oupit
660 1834 869 1900 videre
911 1831 1508 1917 qemeBuzzinyme
1551 1832 1624 1897 de
1670 1830 1914 1898 Serveto
1956 1831 2043 1897 ad
2082 1831 2202 1897 Ge·

262 1940 541 1988 ”ovenses
582 1920 852 2001 empsit.

260 2091 611 2172 (Esou-ptum
657 2108 725 2145 ex
763 2093 913 2145 Anto
952 2091 1122 2159 rapho
1169 2089 1334 2143 Aroh.
1383 2089 1558 2142 Turio.
1590 2089 1750 2170 ‚Plan
1789 2088 1878 2143 VI.
1917 2088 2033 2142 Vol.
2081 2085 2198 2154 155,

535 2160 666 2214 ohm
700 2160 845 2229 Epp.
930 2175 1035 2213 om.
1072 2158 1161 2228 83,
1195 2158 1286 2212 fol.
1322 2156 1408 2212 56.
1440 2186 1508 2197 -
1545 2157 1759 2212 Simler.
1798 2155 1911 2223 80.)

424 2330 696 2415 Optimo
740 2330 825 2396 D.
871 2329 1283 2415 BullingerO,
1324 2327 1573 2412 pastori
1617 2338 1737 2393 ete.

1648 2436 1727 2479 zu
1772 2412 2029 2477 Ziirioh.

422 2553 496 2621 S.
538 2551 630 2617 -D,
677 2553 755 2619 Ρ.
824 2553 1070 2637 Aeeepi
1115 2551 1509 2635 posteriores
1564 2559 1714 2634 post
1766 2550 2015 2633 primas
2057 2549 2205 2615 lite-

260 2661 362 2706 ras
403 2650 553 2707 tuas
573 2690 590 2717 ,
649 2638 1192 2705 ehristianissime
1231 2638 1366 2715 vir,
1425 2636 1659 2720 quibus
1713 2644 1866 2701 ante
1911 2634 2203 2701 triduum

260 2747 359 2792 res
444 2724 578 2792 ndi.
627 2758 2202 2774 —————————————

258 2749 578 2878 Ῑιὶῐξὲοηιθι·
640 2809 933 2876 viderem
1011 2831 1179 2894 quae
1256 2810 1325 2874 in
1397 2806 1632 2873 Ser-veti
1711 2806 2204 2873 haeresiarchae

258 2915 514 2964 eausam
551 2894 635 2961 ad
670 2896 1097 2963 Genevenses
1132 2893 1466 2978 scripsisti,
1501 2901 1577 2959 ut
1613 2894 1948 2977 Veryerius
1980 2900 2206 2959 noster

259 3003 359 3048 me
412 2982 690 3049 monuit.
778 2982 883 3047 De
942 2981 1054 3046 illo
1107 2980 1274 3046 nihil
1334 2979 1614 3063 amplius
1671 2977 1864 3044 audio
1922 2977 2205 3063 aliquem

260 3071 729 3136 mussitantem.
839 3068 1180 3133 Novarum
1246 3087 1468 3131 rerum
1544 3064 1711 3130 nihil
1788 3074 1853 3130 te
1931 3064 2204 3149 dignum

260 3153 480 3221 habeo.
584 3154 773 3220 Bene
837 3153 1001 3220 vale.
1108 3153 1217 3217 Ex
1261 3151 1517 3217 Basilea
1573 3152 1767 3216 tertio
1819 3170 2027 3216 nonas
2069 3149 2203 3215 No-

261 3241 546 3308 vembris
598 3244 778 3305 1553.

1212 3324 1396 3388 Tuus
1440 3322 1497 3388 si
1540 3323 1684 3406 quis
1730 3322 1897 3389 alius

974 3423 1349 3493 Gulielmus
1393 3424 1782 3491 Gratarolus
1816 3424 2133 3493 Medieus.

1046 3721 1454 3732 ..ΨΦ-.-

1136 3938 1333 4009 1844.

691 4091 1104 4161 voerms
1147 4089 1778 4183 BULLINGERO.

436 4265 835 4332 Tranmittit
875 4266 933 4330 ei
988 4265 1304 4348 exemplar
1356 4264 1640 4347 responsi
1681 4286 1723 4329 a
1772 4262 2208 4346 Sehaffhusia-

258 4352 361 4416 nie
407 4352 725 4418 Genevam
767 4352 952 4417 missi
993 4351 1072 4416 de
1120 4350 1379 4415 Ser-vete.

265 4519 367 4588 (Ex
401 4528 613 4592 autogr.
633 4520 800 4575 Arch.
827 4520 1003 4577 Turio.
1022 4520 1164 4574 Plut.
1186 4520 1282 4575 VI.
1301 4520 1421 4575 Vol.
1459 4520 1577 4587 105,
1614 4522 1741 4575 olim
1764 4520 1825 4574 B.
1859 4521 1900 4575 Ι.
1937 4522 2028 4575 fol.
2064 4519 2212 4589 593.)

467 4692 531 4763 8)
568 4692 654 4759 C'f.
691 4691 760 4745 de
805 4691 1053 4747 Ver-milii
1085 4692 1222 4758 tatis
1255 4691 1464 4759 Anaua
1498 4691 1802 4747 excedent&
1846 4708 1990 4761 quae
2023 4693 2214 4747 scribit

264 4760 375 4815 Iul.
429 4762 789 4816 Terentiam
822 4762 885 4814 in
929 4760 1078 4829 Epp.
1126 4758 1311 4829 Τίρων.
1349 4776 1407 4830 p.
1460 4759 1579 4814 242.
1664 4760 1873 4815 Exstat
1913 4762 2074 4816 etiam
2119 4777 2211 4830 ap.

264 4828 514 4887 M
555 4829 772 4885 (lentur.
801 4846 859 4898 p.
894 4826 1014 4882 304.
1089 4829 1340 4883 Primum
1393 4827 1642 4885 Ooeom'ae
1682 4829 1830 4884 domi
1872 4844 2007 4884 mo
2039 4830 2210 4885 indu·

592 4901 601 4912 ’
842 4898 1045 4954 amieos
1089 4897 1473 4952 Terentianum
1508 4905 1561 4953 et
1604 4897 2090 4967 Whittmyhamum
2117 4915 2211 4967 pe·

791 4968 1052 5022 &nereum
1124 4966 1263 5022 Post
1303 4967 1520 5034 lonyam
1564 4983 1771 5021 moram
1844 4968 2129 5021 missum
2165 4970 2216 5022 ei

262 5035 375 5105 Μ
406 5044 470 5091 ut
508 5036 757 5091 Loudias·
787 5051 972 5090 eoram
1005 5042 1201 5090 matu
1235 5051 1458 5090 causam
1495 5035 1710 5090 diceret.
1819 5036 1879 5090 ὸς·
1914 5034 2214 5091 Grannum

262 5106 533 5174 posu-me
552 5105 640 5161 101.
773 5111 808 5159 t.
841 5106 905 5158 iu
942 5104 1157 5159 Tum-im
1193 5107 1430 5159 coniecto
1463 5105 1725 5158 valedixit
1760 5110 1808 5158 et
1843 5104 2014 5159 lt'tm‘e
2045 5108 2215 5173 remis

268 5176 514 5229 Mus
533 5175 674 5231 elam
823 5173 903 5227 lia
938 5174 1165 5228 excessit
1183 5180 1235 5228 et
1254 5173 1628 5241 Annoerpcam
1663 5173 1895 5241 appulit,
1931 5173 2077 5227 unde
2093 5189 2215 5228 cum

280 5241 607 5311 Terentiano
644 5242 926 5298 Coloniam
971 5250 1022 5298 et
1057 5244 1480 5308 Aramtoratum
1524 5243 1698 5311 petiit,
1743 5242 1842 5297 ubi
1884 5258 1938 5296 a.
1988 5241 2043 5296 d.
2090 5241 2215 5296 111.

273 5309 389 5366 σοι
428 5312 571 5368 Now.
607 5311 831 5366 advenit
856 5320 983 5380 post
1017 5315 1203 5367 varios
1235 5327 1395 5367 cam
1442 5316 1492 5364 et
1533 5326 1648 5365 non
1676 5325 1862 5379 pauca
1895 5310 2219 5367 discrimina

269 5395 469 5436 nrum.

264 4913 741 5025 mm-

1944 447 2107 510 15⁶3
2150 443 2566 513 NOVEMB.

4126 453 4264 517 662

2297 633 2685 700 olari-simo
2741 634 2826 700 D.
2889 633 3271 720 Heinryoho
3326 635 3714 721 suumgero
3766 637 4076 705 eoelesiae
4132 640 4259 705 'ri-
4302 588 4310 597 ’

2296 720 2572 803 gurinae
2612 722 2860 804 pastori
2903 720 3676 873 viggffisstgffiffzugfaffl‘
3704 743 3779 788 ae
3822 721 4085 790 domino
4126 723 4264 790 ob·-

2471 940 2541 1007 S.
2589 940 2675 1006 D.
2739 942 3077 1007 Ammiani
3130 941 3552 1009 seholarohae
3607 943 3936 1010 adventus
3995 944 4079 1010 ad
4123 967 4250 1013 nos

2298 1027 2712 1112 gratissimus
2763 1027 3021 1105 fuisset,
3077 1026 3269 1092 modo
3323 1037 3584 1094 tantum
3627 1030 3744 1094 otii
3788 1031 3966 1096 naoti
4006 1030 4244 1098 fuisse·

2299 1133 2446 1177 mus
2507 1124 2585 1176 ut
2646 1115 2863 1196 ipsum
2925 1134 3044 1195 pro
3071 1108 3342 1179 ¹merito
3421 1124 3702 1181 traotare
3778 1117 4244 1198 potuissemus.

2300 1195 2496 1280 Quod
2539 1206 2761 1266 autem
2801 1198 3266 1265 Basiliensium
3312 1198 3394 1264 ad
3439 1200 3818 1267 Genevates
3860 1223 4256 1284 responsum

2298 1284 2562 1350 mittere
2605 1283 2914 1369 dignatus
2955 1305 3025 1350 es
3043 1335 3059 1362 ,
3103 1284 3405 1367 inprimis
3450 1295 3710 1369 gratum
3756 1293 3870 1352 est.
3960 1287 4096 1354 Nos
4140 1296 4247 1353 ta-

2302 1391 2455 1434 men
2512 1369 2636 1437 hae
2695 1371 2803 1436 via
2860 1370 3041 1453 eogis
3098 1378 3173 1435 ut
3241 1379 3536 1436 nostrum
3594 1392 3982 1455 responsum
4039 1373 4124 1439 ad
4180 1381 4253 1440 to

2305 1453 2509 1539 (quod
2584 1457 2655 1521 in
2730 1456 3055 1539 prioribus
3132 1455 3343 1521 literis
3406 1458 3813 1541 postulabas)
3881 1459 4246 1525 mittamus.

2303 1541 2454 1605 Non
2496 1540 2843 1608 videbatur
2883 1541 3052 1606 tanti
3107 1543 3420 1607 momenti
3475 1550 3554 1607 ut
3607 1543 3689 1608 ad
3734 1553 3799 1609 te
3843 1545 4252 1611 transmisis—

2303 1628 2900 1790 semffigmaligquin
2942 1627 3074 1692 iam
3119 1625 3364 1692 dudum
3408 1629 3745 1694 misissem.
3835 1629 3981 1696 Hoe
4024 1638 4250 1695 autem

2304 1731 2398 1779 sio
2654 1733 2668 1776 :
2792 1748 4254 1763 ————————————

2473 1847 2882 1917 Sohaffhusii
2927 1854 2985 1915 3.
3031 1849 3420 1915 Novembris
3472 1854 3652 1915 1553.

3505 1988 3687 2053 Tuus
3731 2010 3815 2053 ex
3859 1987 4077 2054 animo

3480 2089 3851 2173 Simpertus
3896 2090 4092 2175 Vogt.

3093 2416 3498 2425 ‚ffl-Q———auff

3191 2704 3377 2774 1845.

2788 2857 3258 2925 OALVINUS
3298 2858 3761 2926 FARELLO.

2484 3029 2686 3114 Roqat
2729 3034 2796 3095 ut
2846 3030 3157 3097 Genevam
3213 3031 3419 3097 redeat
3478 3030 3549 3097 ob
3591 3035 4001 3113 tempestatem
4040 3035 4262 3097 eontra

2308 3138 2453 3184 eum
2494 3115 2694 3182 subito
2736 3121 2952 3182 ortam.
3507 3165 3524 3180 .

2309 3289 2417 3354 (Ex
2454 3286 2790 3409 autoffiapho
2826 3286 2957 3341 Ood.
2995 3285 3195 3340 Genev.
3233 3283 3394 3353 10⁷2,
3430 3286 3525 3341 fol.
3563 3285 3662 3352 63,
3710 3288 3831 3341 eoll.
3880 3303 3925 3340 e.
3962 3286 4096 3340 Ood.
4132 3285 4258 3353 111,

2453 3357 2544 3410 fol.
2648 3354 2698 3422 4,
2734 3356 2875 3425 Epp.
2913 3355 3074 3409 Bern.
3112 3352 3212 3408 VI.
3249 3372 3304 3424 p.
3341 3353 3447 3408 330
3482 3361 3540 3409 et
3574 3355 3786 3410 Simleri
3827 3355 3949 3410 Vol.
3986 3353 4094 3422 80.)

2482 3528 2747 3593 Eximio
2789 3526 2944 3592 Iesu
2987 3526 3239 3593 Christi
3297 3548 3485 3592 servo
3504 3575 3519 3605 ‚
3575 3526 3934 3593 Guillelmo
3979 3524 4261 3605 Fareno,

2308 3611 2771 3680 Neoeomensis
2816 3613 3124 3679 ecelesiae
3169 3610 3299 3711 {ido
3343 3614 3606 3696 pastori,
3648 3612 3838 3678 fiatri
3882 3612 4048 3676 mihi
4091 3611 4258 3676 ami-

3143 3719 3420 3767 e1ss1mo.

2484 3833 2554 3901 S.
2623 3833 2816 3917 Quod
2860 3855 2980 3917 ego
3022 3833 3236 3900 faeere
3281 3853 3413 3899 non
3455 3855 3650 3901 ausus
3693 3836 3976 3913 fueram,
4023 3855 4260 3900 eonsu-

2310 3920 2461 3987 lunt
2502 3922 2739 3997 nostri,
2785 3928 2861 3985 ut
2905 3920 3130 3986 venias
3147 3971 3163 3999 ,
3208 3919 3300 3984 mi
3346 3920 3612 3987 Farelle.
3701 3921 3936 4004 Itaque
3981 3941 4256 4003 puerum

2309 4026 2531 4072 meum
2589 4006 2741 4072 data
2792 4026 2989 4090 opera
3045 4005 3162 4070 tibi
3218 4006 3401 4085 misi,
3462 4015 3539 4071 ut
3594 4006 3825 4072 saltem
3884 4005 4266 4071 admonitus

2315 4092 2667 4177 dispiceres
2727 4091 2883 4175 quid
2943 4092 3119 4157 faotu
3186 4112 3347 4174 opus
3406 4092 3511 4157 sit.
3607 4090 3741 4174 Qui
3807 4098 4129 4176 putarunt
4189 4100 4260 4155 te

2312 4177 2808 4255 aeeersendum,
2877 4176 3200 4243 curabunt
3254 4176 3454 4243 etiam
3509 4199 3595 4244 ne
3646 4177 3874 4243 literae
3933 4188 4075 4242 tam
4128 4177 4258 4241 eito

2311 4266 2695 4342 mittantur,
2756 4264 2811 4329 si
2869 4262 3130 4346 quidem
3182 4264 3520 4346 impetrari
3572 4263 3696 4329 hoo
3736 4263 3995 4347 poterit.
4083 4262 4262 4326 Nam

2314 4349 2462 4416 heri
2507 4371 2700 4416 mane
2744 4348 3087 4414 abeuntem
3146 4350 3462 4414 nunoium
3507 4350 3938 4415 retinuerunt.
4025 4349 4259 4432 Longe

2314 4435 2577 4519 quidem
2619 4443 3010 4519 praestaret,
3069 4433 3245 4499 ultro
3289 4444 3354 4500 te
3407 4435 3642 4501 offerre
3684 4455 3881 4519 quam
3925 4432 4100 4499 domi
4143 4455 4264 4499 ex-

2313 4530 2610 4605 spectare
2675 4520 2832 4586 dum
2905 4541 3106 4603 prope
3178 4520 3261 4586 ad
3327 4521 3601 4602 capitale
3640 4521 3953 4587 iudicium
4018 4521 4262 4598 citeris,

2312 4608 2440 4674 seis
2464 4607 2642 4672 enim
2668 4626 2863 4689 quam
2889 4605 3119 4688 cupide
3141 4605 3208 4670 id
3244 4607 3566 4689 accipient
3585 4607 3880 4690 plerique
3905 4599 4262 4672 'vesti-ates.

2313 4693 2520 4758 Plura
2558 4713 2692 4757 non
2737 4691 2991 4770 addam,
3037 4692 3190 4774 quia
3231 4692 3399 4755 forte
3441 4691 3670 4757 literae
3704 4712 3889 4758 meae
3931 4692 3998 4755 in
4048 4691 4266 4757 medio

2313 4780 2547 4844 itinere
2582 4785 2651 4842 te
2684 4777 3030 4860 reperient.
3097 4777 3284 4855 Vale,
3330 4778 3573 4860 optime
3617 4778 3822 4844 frater
3865 4785 3932 4842 et
3975 4777 4110 4841 inte
4157 4799 4262 4842 er-

2312 4865 2494 4929 rime.
2583 4863 2910 4928 Dominus
2955 4872 3020 4928 te
3063 4862 3403 4946 gubernet.
3493 4863 3771 4948 Ignosce
3826 4864 3882 4927 si
3940 4876 4129 4927 tumu
4156 4872 4266 4928 tu·-

2314 4960 2520 5016 anter.
2610 4948 2789 5029 Quid
2824 4951 2997 5014 enim
3031 4947 3333 5031 possem?
3398 4949 3649 5015 Iterum
3694 4950 3860 5014 vale.
3930 4947 4264 5026 Genevae,

2314 5241 2498 5297 1844.
2532 5241 2586 5302 1)
2626 5238 2881 5309 Sequitur
2914 5242 3033 5310 ipse
3064 5245 3242 5293 temtus
3264 5239 3516 5307 responsi
3534 5238 4095 5307 Schafflmst‘auorum,
4129 5254 4272 5309 qua·

2315 5313 2417 5365 lem
2451 5309 2721 5364 edidimus
2763 5309 2900 5378 Opp.
2923 5310 3079 5363 VIII.
3109 5324 3164 5377 p.
3199 5306 3320 5377 810,
3354 5324 3474 5362 eum
3509 5311 3684 5362 variis
3730 5309 3809 5363 ad
3841 5324 3931 5363 ree
3971 5308 4276 5362 Germani—

2317 5397 2412 5436 cas
2442 5380 2853 5449 pertinentibus,
2888 5379 3083 5448 quibus
3116 5378 3257 5432 citra
3292 5377 3552 5432 damnum
3586 5379 3816 5434 carebis.

3751 5462 3854 5517 42*
