4900 6167
268 416 363 476 621

1130 598 1322 672 17⁹8.

628 753 1308 824 BULLINGERUS
1351 756 1790 825 OALVINO.

408 923 2202 1011 HortatureumutnedesperetdeeceksiaGene-

259 1011 438 1093 vensi,
492 1015 564 1075 ut
607 1012 948 1094 persistat,
1008 1019 1292 1093 maneat,
1360 1020 1537 1099 apat,
1580 1014 1965 1097 praesentim
2008 1033 2204 1096 quam

258 1102 412 1179 capto
462 1095 708 1163 Serveto
747 1097 971 1163 divina
1002 1100 1409 1181 providentia
1465 1107 1598 1167 tam
1653 1102 1964 1169 evidenter
2006 1098 2203 1165 bonae

257 1203 463 1250 causae
491 1183 946 1263 patrocinetur.

257 1354 512 1422 (Servavit
559 1355 707 1409 Beza
757 1355 814 1407 in
861 1355 989 1410 edit.
1025 1354 1225 1411 Genev.
1316 1396 1333 1413 .
1370 1355 1489 1421 127,
1542 1357 1702 1412 Laus.
1776 1398 1792 1414 .
1826 1356 1947 1424 264,
1986 1357 2197 1413 Hsnov.

642 1440 698 1493 p.
734 1420 857 1491 295,
894 1424 1104 1479 Chouet
1138 1442 1193 1495 p.
1236 1374 1351 1488 1¹51,
1389 1426 1567 1479 Amet.
1605 1443 1662 1495 p.
1698 1375 1811 1494 ⁷3.)

394 1593 615 1661 Simul
648 1602 718 1661 et
751 1615 822 1661 se
863 1596 1045 1662 abire
1082 1596 1236 1676 iam,
1281 1604 1348 1663 et
1384 1598 1439 1662 si
1483 1596 1641 1681 quid
1682 1597 1968 1664 scribere
2005 1596 2203 1664 velim

252 1679 579 1747 Genevam
595 1732 612 1759 ,
671 1680 782 1747 hic
837 1681 1006 1747 mihi
1063 1683 1120 1747 si
1217 1683 1482 1750 ificavit.
1582 1682 1837 1749 Idcirco
1894 1684 2010 1751 vix
2072 1684 2203 1750 ista

251 1766 517 1833 scribere
582 1768 785 1851 potui.
897 1769 1148 1851 Accep1
1226 1778 1397 1847 tuas,
1425 1774 1479 1847 ¹)
1559 1771 1766 1836 frater
1841 1770 2201 1836 carissime.

248 1850 479 1919 Audivi
526 1850 908 1919 Gualterum
964 1866 1268 1920 nostrum
1286 1857 1342 1931 2)
1401 1856 1513 1938 qui
1571 1876 1680 1920 me
1737 1854 2092 1922 sollicitum
2136 1864 2203 1920 et

253 1937 505 2003 anxium
553 1937 858 2003 reddidit.
947 1939 1050 2004 Ne
1093 1941 1459 2018 recesseris,
1503 1960 1634 2020 oro,
1681 1941 1762 2006 ab
1808 1961 1888 2006 ea
1929 1939 2204 2007 ecclesia

253 2044 404 2106 quae
439 2030 539 2088 tot
578 2022 782 2090 habet
819 2025 996 2090 viros
1033 2025 1447 2092 excellentes.
1474 2029 1526 2104 8)
1593 2026 1981 2092 Memineris
2022 2025 2202 2092 illius

253 2129 327 2175 ex
368 2109 546 2176 Actis
591 2110 993 2194 apostolicis:
1052 2111 1207 2178 Noli
1266 2112 1531 2191 timere,
1591 2133 1749 2177 nam
1803 2113 2057 2178 multus
2101 2120 2204 2178 est

250 2194 404 2260 mihi
461 2193 679 2262 adhuc
735 2196 805 2261 in
862 2196 986 2261 hae
1043 2197 1207 2263 urbe
1263 2197 1562 2281 populus.
1669 2198 1963 2265 Tametsi
2020 2197 2201 2263 enim

253 2286 396 2346 sunt
448 2281 636 2365 porei
693 2289 762 2347 et
815 2300 1013 2347 canes
1080 2281 1290 2347 multo
1344 2283 1565 2366 plures
1631 2304 1831 2367 quam
1895 2282 2200 2360 velimus,

251 2374 504 2450 propter
546 2366 787 2433 electos
830 2379 1053 2433 tamen
1094 2367 1309 2434 multa
1350 2378 1506 2434 sunt
1548 2368 1907 2435 toleranda.
1995 2369 2202 2434 Prae-

253 2459 420 2518 terea
465 2471 604 2517 non
661 2452 929 2537 ignoras
982 2462 1304 2536 quantum
1362 2454 1574 2519 acturi
1631 2455 1764 2520 sint
1813 2453 2200 2538 tripudium,

253 2556 469 2604 omnes
511 2539 627 2622 qui
667 2538 740 2602 in
785 2537 1008 2605 Gallia
1051 2537 1398 2605 Christum
1442 2538 1754 2605 oderunt:
1802 2549 2045 2622 quanto
2090 2538 2200 2605 de-

253 2624 437 2708 nique
492 2624 787 2708 periculo
843 2625 1103 2691 exsules
1147 2624 1378 2691 Gallos
1435 2627 1819 2708 exposueris
1863 2626 1921 2692 si
1964 2625 2203 2692 disces-

253 2711 417 2778 seris.
509 2711 714 2777 Mane
758 2730 936 2794 ergo,
980 2732 1178 2776 mane
1218 2719 1287 2776 et
1327 2719 1556 2794 patere
1599 2731 2026 2794 quaecunque
2065 2711 2202 2777 Do-

249 2797 469 2863 minus
510 2796 865 2862 immiserit
917 2796 1190 2880 probra,
1262 2798 1818 2880 contemptiones,
1891 2796 2201 2880 pericula,

249 2885 427 2950 mala.
517 2883 673 2950 Non
730 2881 989 2950 deseret
1040 2890 1106 2948 te
1153 2883 1533 2949 Dominus?
1588 2882 1724 2948 Per
1781 2881 2028 2949 multas
2080 2881 2203 2947 tri·

248 2967 608 3037 balationes
650 2977 910 3053 oportet
952 2990 1075 3035 nos
1118 2966 1376 3053 ingredi
1418 2968 1492 3034 in
1532 2988 1816 3054 regnum
1851 2969 1996 3033 Dei.
2063 2965 2202 3034 Ob-

248 3055 391 3122 tulit
422 3055 692 3140 quidem
735 3053 1056 3120 Dominus
1098 3053 1447 3120 materiam
1489 3075 1608 3138 per
1650 3054 2056 3120 occasionem
2094 3075 2202 3121 ao-

246 3140 907 3209 oommodatissimam
951 3140 1357 3224 amplissimo
1401 3142 1663 3207 senatui
1708 3139 2090 3207 Genevensi
2132 3160 2203 3205 se

249 3235 308 3293 et
345 3227 689 3296 ecelesiam
735 3224 1149 3311 expurgandi
1193 3248 1233 3292 a
1274 3225 1421 3292 labe
1464 3246 1583 3292 seu
1625 3225 1936 3293 foeditate
1979 3226 2206 3293 haere-

248 3335 398 3396 seos,
446 3313 606 3379 dum
654 3311 974 3378 Servetum
1012 3312 1200 3378 illum
1246 3312 1621 3396 Hispanum
1667 3312 1737 3377 in
1784 3332 2018 3378 manus
2061 3311 2203 3377 eius

249 3398 434 3467 dedit.
524 3398 734 3467 Novit
789 3397 968 3465 hune
1017 3399 1191 3464 bona
1253 3419 1409 3482 pars
1459 3397 1638 3464 orbis
1693 3398 2037 3465 christiani
2094 3396 2203 3463 vel

249 3508 325 3553 ex
366 3485 774 3571 blasphemis
816 3484 1004 3551 libris
1040 3483 1233 3550 editis
1268 3483 1349 3549 de
1384 3482 1716 3550 erroribus
1759 3484 2094 3564 trinitatis,
2139 3488 2207 3548 et

248 3573 324 3640 iis
366 3593 536 3658 quae
589 3570 796 3638 edidit
850 3591 1029 3637 mere
1072 3569 1332 3636 iudaice.
1384 3590 1505 3653 pro
1549 3570 2012 3636 iustificatione
2052 3589 2205 3652 ope-

248 3670 408 3726 rum.
472 3657 689 3725 Audis
732 3657 919 3722 illum
960 3678 1136 3723 nunc
1181 3655 1308 3722 alio
1352 3656 1526 3721 edito
1566 3655 1735 3723 libro
1778 3657 2206 3740 semetipsum

248 3765 586 3828 superasse
627 3744 986 3827 impietate.
1076 3742 1152 3808 Si
1208 3763 1364 3828 ergo
1423 3742 1577 3808 huic
1630 3740 2023 3825 rependeret
2065 3761 2204 3806 am—

248 3831 574 3914 plissimus
619 3838 920 3910 senatus,
979 3830 1149 3912 quod
1206 3827 1588 3912 blasphemo
1645 3827 1965 3894 nebuloni
2011 3826 2206 3893 debe-

248 3924 374 3994 tur,
443 3924 623 3983 totus
689 3914 866 3981 orbis
931 3921 1231 3981 cerneret
1296 3914 1727 3982 Genevenses
1792 3913 2207 3996 blasphemos

248 4001 453 4070 odisse
503 4001 872 4068 haereticos
890 4051 905 4078 ,
962 4001 1076 4085 qui
1120 4020 1279 4067 vere
1336 4009 1495 4067 sunt
1556 3999 1930 4082 pertinaces
1973 3999 2204 4064 haere-

248 4089 371 4169 h’ei,
417 4086 636 4175 gladio
680 4087 970 4153 iustitiae
1013 4087 1339 4170 persequi,
1358 4089 1414 4162 ⁴)
1459 4094 1530 4150 et
1573 4085 1850 4170 gloriam
1895 4085 2205 4150 maiesta-

248 4175 331 4241 tis
386 4172 651 4242 divinae
704 4171 1060 4240 vindicare.
1150 4172 1407 4237 Verum
1451 4171 1508 4238 si
1552 4171 1674 4236 hoc
1732 4192 1867 4236 non
1911 4170 2204 4248 fecerint,

248 4268 434 4326 tuum
498 4267 722 4326 tamen
789 4280 924 4324 non
981 4258 1181 4325 fuerit
1236 4256 1498 4324 deserta
1556 4256 1673 4322 illa
1727 4256 1999 4323 eeclesia
2056 4256 2206 4321 aliis

248 4367 497 4432 quoque
556 4345 749 4412 malis
805 4345 1214 4412 occasionem
1278 4343 1609 4427 praebere.
1698 4343 1941 4428 Pugna
2003 4342 2208 4407 intre·

243 4431 408 4514 pide,
453 4432 601 4498 Deo
645 4430 899 4498 confide
942 4450 1064 4515 per
1106 4429 1470 4509 Christum,
1526 4428 1810 4513 implora
1866 4427 2009 4494 eius
2053 4450 2207 4494 con-

246 4517 460 4585 silium
504 4528 573 4583 et
616 4517 961 4596 auxilium,
1008 4524 1085 4582 ut
1124 4526 1189 4582 te
1235 4516 1492 4600 eripiat.
1582 4514 1900 4582 Iuvamus
1958 4522 2023 4579 te
2068 4533 2207 4579 cer-

248 4604 433 4670 tatim
475 4604 881 4671 orationibus
917 4603 1181 4669 nostris.
1270 4600 1449 4667 Vive
1498 4610 1564 4666 et
1618 4600 1781 4668 vale.
1879 4604 1973 4666 14.
2021 4598 2205 4684 Sept.

254 4694 432 4756 1553.
522 4690 777 4775 Tiguri.

64 4942 65 4951 ἵ
133 4869 141 4879 ”
250 4860 507 4927 1798.1)
547 4862 624 4917 N.
661 4859 814 4915 1790.

450 4930 511 4997 2)
623 4932 648 4983 ο·
678 4946 801 4985 eum
834 4925 1068 4982 Hauero
1101 4941 1277 4994 nuper
1314 4924 1566 4981 Genevae
1595 4926 1728 4994 fuit.

453 4999 512 5067 3)
607 4999 822 5052 uamvis
858 4996 1214 5063 Buzzinqerus
1257 4997 1447 5050 mitius
1492 5010 1656 5064 quam
1701 4993 1964 5049 Calvinus
1998 4993 2066 5047 de
2098 4994 2209 5048 dis-

252 5068 455 5138 ciplina
487 5068 721 5123 senserit
753 5072 932 5123 tamen
968 5081 1091 5121 eum
1124 5079 1186 5117 eo
1225 5071 1418 5119 contra
1457 5062 1772 5119 Libertinos
1806 5064 2004 5118 stabat.

454 5135 516 5203 4)
558 5136 644 5191 Tu
687 5138 932 5207 quoque!
998 5135 1491 5203 Arqmtoratenses
1537 5134 1676 5187 satis
1721 5132 2025 5187 habuerant
2075 5130 2206 5185 Mel.

254 5206 633 5273 Hofmannum
669 5206 732 5258 in
766 5205 987 5259 vincula
1022 5204 1310 5271 conticere,
1359 5209 1408 5256 et
1444 5201 1585 5255 alios
1622 5207 1684 5256 at
1721 5200 2212 5267 Schwenkfeldium

254 5281 303 5330 et
338 5274 456 5329 Seb.
486 5275 769 5329 maneum
804 5273 995 5327 exsilio
1018 5274 1294 5328 mulctare.
1360 5270 1528 5340 Quali
1545 5270 1707 5325 laude
1741 5286 1854 5324 non
1874 5272 2074 5339 dtynus
2107 5270 2213 5325 erit

254 5347 313 5399 in
347 5345 453 5399 teto
486 5343 702 5401 saeculo
739 5342 1024 5397 Castellio!

1899 418 2060 479 1553
2098 411 2554 481 ΒΕΡΤΕΜΒ.

4141 429 4266 492 622

3197 602 3386 673 1799.

2522 754 2894 821 sERvE'r
2937 757 3067 824 AU
3110 742 3417 824 SENA'I·
3461 759 3588 825 DE
3635 745 4042 830 GENEVE.

2481 926 2552 992 12
2606 927 2909 993 demando
2964 934 3150 1011 qa'on
3201 930 3258 995 le
3298 930 3455 1015 juqe
3509 951 3591 996 ou
3658 937 3842 1013 qu'on
3897 933 3955 999 le
4005 933 4265 1017 reldehe,

2304 1011 2689 1179 .ζέηέἍέ
2731 1013 2787 1079 le
2830 1013 3060 1081 laiss-er
3092 1017 3366 1099 pourrir
3410 1036 3488 1081 en
3520 1018 3748 1099 prison
3790 1038 3945 1084 sans
3986 1021 4178 1103 motis
4208 1027 4268 1089 et

2304 1267 2576 1334 (Oeuvres
2623 1271 2681 1324 T.
2721 1270 2871 1325 VIII.
2920 1288 2974 1340 p.
3022 1270 3142 1324 797.
3220 1272 3300 1325 La
3346 1272 3512 1326 lettre
3559 1277 3644 1325 est
3688 1272 3847 1327 detee
3892 1274 3964 1328 du
4012 1275 4094 1330 15.
4132 1276 4266 1348 Sep-

2304 1339 2521 1392 tembre
2557 1343 2614 1392 et
2649 1354 3120 1463 commencaupgnrt
3134 1346 3427 1479 exenium
3448 1340 3725 1478 Ρῖῗῶῗιε
3755 1342 3972 1412 supplic
4005 1345 4266 1401 νεώνη-

3084 1685 3492 1695 -——-——.

3186 1900 3378 1972 18⁰⁰.

2800 2055 3279 2124 SERVETUS
3324 2056 3764 2124 OALVINO.

2482 2225 2817 2293 Galvinvmt
2857 2231 3091 2295 erroris
3130 2233 3324 2295 cazat.

2310 2398 2625 2465 (Edidimus
2657 2398 2718 2480 in
2751 2398 2911 2452 Actis
2945 2414 3139 2452 causae
3174 2398 3317 2468 Opp.
3353 2399 3496 2454 VIII.
3532 2417 3585 2481 p.
3622 2398 3741 2454 799.
3793 2400 4080 2456 Pertinere
4116 2402 4266 2459 vide-
4293 2364 4296 2367 Ι

2307 2472 2397 2522 tur
2440 2467 2515 2522 ad
2566 2468 2804 2521 medium
2851 2485 2923 2522 m.
2970 2465 3359 2536 Septembrem.
3439 2468 3640 2538 Incipit
3684 2486 3717 2522 a
3761 2470 3965 2525 verbis:
4022 2469 4184 2540 Quod
4217 2478 4269 2528 te

2958 2536 3245 2605 principia
3278 2550 3459 2591 reu-tm
3494 2538 3623 2605 ete.)

3099 2812 3502 2820 ———---—-

3192 3064 3386 3137 18⁰1.

2802 3217 3287 3288 SULZERUS
3328 3217 3770 3287 GALVINO.

2482 3390 2883 3460 Basizaenses
2910 3389 3186 3473 probant
3226 3388 3389 3474 quod
3439 3411 3581 3457 eam
3627 3389 3875 3458 Serveto
3915 3397 4123 3459 aetum
4164 3396 4274 3458 est.

2311 3476 2492 3545 Dicit
2546 3479 2686 3560 ipse
2743 3499 2811 3543 se
2866 3478 3105 3549 ote-§este
3157 3496 3463 3560 quosnam
3517 3477 3861 3559 discupulos
3913 3478 3985 3542 in
4026 3498 4274 3559 nupera

2309 3582 2430 3637 sua
2491 3564 2753 3647 epistola
2815 3563 3152 3645 tepidiores
3205 3564 3276 3627 tn
3333 3561 3449 3629 hac
3497 3583 3692 3630 eausa
3751 3563 4005 3629 dixerit.
4112 3562 4272 3627 Per-

2309 3651 2702 3735 seqaationes
2758 3649 2941 3714 dirae
2998 3654 3056 3715 et
3114 3654 3352 3714 atroces
3365 3700 3382 3729 ,
3447 3669 3662 3715 verum
3717 3648 4010 3715 haeretici
4065 3650 4274 3733 may-is

2311 3736 2502 3801 etiam
2543 3735 2888 3802 detestandi
2931 3738 2988 3800 et
3032 3734 3360 3801 metuendi.

2609 3905 2723 3973 (Ex
2759 3905 3098 3975 autographo
3133 3904 3265 3958 Ood.
3304 3902 3542 3958 Gothani
3577 3900 3698 3973 405,
3736 3904 3828 3958 fol.
3866 3902 3980 3969 83.)

2312 4078 2480 4144 Viro
2534 4075 3100 4162 praestantissimo
3166 4073 3254 4140 D.
3313 4073 3554 4139 Ioanni
3623 4072 3906 4140 Calvino
3963 4074 4276 4142 eeclesiae

2312 4165 2727 4233 Genevensis
2787 4162 3062 4228 antistiti
3122 4160 3386 4226 domino
3445 4168 3512 4226 et
3569 4168 3977 4244 symmystae
4021 4182 4139 4227 suo
4204 4161 4276 4226 in

2882 4247 3171 4313 Domino
3215 4245 3688 4313 colendissimo.

2488 4386 2558 4453 S.
2639 4385 3030 4453 Brevierem
3073 4405 3181 4449 me
3239 4383 3414 4468 cog-it
3467 4404 3611 4448 esse
3655 4383 4024 4465 quaestoris
4067 4384 4278 4449 nostri

2312 4474 2712 4557 improvisus
2772 4471 3019 4537 abitus:
3092 4491 3293 4553 quare
3350 4468 3418 4533 id
3477 4470 3770 4554 primum
3827 4470 4279 4552 significatum

2312 4560 2527 4636 volui,
2584 4559 2773 4624 nobis
2829 4554 3001 4640 quod
3059 4564 3291 4622 eontra
3337 4555 3656 4621 Set-vetum
3710 4562 3814 4619 est
3857 4560 4079 4621 actum
4124 4573 4278 4636 pro-

2315 4646 2474 4712 bari.
2501 4649 2551 4723 ¹)
2638 4644 2704 4709 N
2707 4665 2814 4709 am
2859 4642 2984 4709 etsi
3029 4642 3169 4707 eius
3213 4640 3581 4708 doctrinam
3637 4662 3720 4705 ex
3764 4639 4026 4723 scriptis
4068 4637 4280 4722 ipsius

2313 4753 2453 4796 non
2497 4730 2793 4814 cognovi,
2838 4727 3140 4793 intellexi
3184 4736 3405 4792 tamen
3453 4733 3681 4791 contra
3715 4726 4086 4790 trinitatem
4129 4744 4279 4807 per-

2315 4837 2628 4883 sonarum
2669 4815 2802 4879 iam
2841 4814 2997 4879 olim
3041 4813 3386 4878 horribiles
3421 4811 3866 4896 blasphemias
3911 4808 4281 4877 evomuisse

2315 4911 2381 4969 et
2425 4922 2746 4969 evomere.
2837 4901 3010 4965 Τιιῑῑι
3047 4906 3321 4964 eatenus
3366 4918 3518 4965 oum
3566 4896 4022 4979 Anabaptistis
4066 4896 4282 4960 facere

2315 4988 2488 5073 quod
2555 4986 3161 5070 paedobaptismum
3235 4984 3600 5067 impugnet.
3712 4983 3943 5064 Neque
4020 4980 4283 5046 nullum

2318 5075 2655 5160 negotium
2700 5073 2897 5137 etiam
2951 5070 3424 5153 oecolampadio
3467 5069 3613 5152 piae
3669 5068 4025 5133 memoriae
4078 5067 4283 5132 simu-

2317 5333 2492 5390 1801.
2531 5333 2589 5399 1)
2632 5330 2834 5400 Sponte
2868 5329 3000 5384 haee
3034 5327 3318 5382 declarant
3355 5325 3598 5383 nondum
3633 5326 3831 5394 roqati.
