4900 6167
696 462 826 525 115

692 643 1011 714 nuncium
1065 642 1235 729 quod
1280 664 1438 710 vera
1492 663 1635 710 esse
1696 643 2051 710 nunciaret.
2142 641 2352 710 Video
2411 649 2635 709 autem

686 751 877 798 raros
919 732 990 796 in
1050 729 1173 796 hoc
1212 727 1456 795 mundo
1499 735 1639 796 esse
1682 728 2008 813 principes
2050 729 2164 813 qui
2218 750 2353 796 non
2395 727 2634 795 adhae-

690 827 884 884 reant
931 811 1351 895 Antichristo,
1397 825 1464 880 et
1507 815 1685 882 hunc
1706 812 1971 882 Ohristo
2014 831 2323 899 oppresso
2356 833 2637 900 regnare

691 924 775 970 cu
820 902 975 968 iant.

776 923 821 987 P
861 986 971 1053 Ex
1034 985 1232 1052 Italia
1303 985 1611 1053 scribitur
1673 984 2019 1051 concilium
2082 986 2349 1052 omnino
2404 989 2635 1069 ‘proce—

696 1073 850 1138 dere
867 1076 925 1148 ²)
970 1070 1254 1155 adeoque
1311 1071 1685 1154 pontificem
1739 1071 2050 1138 festinare
2093 1079 2160 1136 et
2210 1073 2281 1136 in
2322 1071 2447 1137 hoc
2488 1092 2632 1138 esse

684 1164 898 1224 totum
934 1167 1007 1223 ut
1040 1155 1239 1223 salvis
1277 1165 1525 1241 septem
1565 1155 1957 1224 sessionibus
2001 1155 2243 1224 habitis
2277 1156 2439 1222 alias
2474 1177 2630 1222 mcx

685 1243 1056 1328 coniungat.
1122 1242 1367 1308 Fervet
1410 1243 1819 1325 persequutio
1860 1241 1931 1307 in
1964 1240 2177 1319 Italia,
2220 1240 2288 1308 id
2331 1241 2502 1327 quod
2546 1263 2631 1308 ex

687 1329 830 1396 cive
872 1327 998 1394 hoc
1043 1326 1482 1393 Cremonense
1534 1327 1859 1413 intelliges
1908 1327 2020 1411 qui
2077 1327 2245 1394 mihi
2300 1348 2627 1395 commen-

688 1413 878 1486 datus
935 1420 1034 1480 est
1092 1432 1131 1478 a
1186 1411 1479 1498 Veryerio
1536 1420 1775 1480 nostre.
1876 1411 2421 1492 Commendarem
2466 1434 2626 1479 eun-

687 1499 837 1566 dem
915 1499 1113 1565 etiam
1198 1499 1316 1564 tibi
1393 1498 1521 1565 nisi
1611 1499 2132 1583 perspectissima
2212 1497 2377 1565 mihi
2457 1506 2627 1566 esset

686 1595 803 1651 tua
842 1585 1078 1652 caritas
1133 1592 1325 1667 atque
1380 1583 1772 1651 humanitas.
1877 1583 2242 1651 Struuntur
2295 1585 2480 1652 nobis
2523 1585 2624 1649 in-

683 1665 901 1751 sidiae,
928 1672 982 1755 ⁸)
1040 1669 1261 1737 frater.
1327 1668 1694 1755 vigilemus
1736 1671 1954 1754 itaque
1997 1676 2063 1736 et
2115 1690 2394 1737 cremus.
2476 1669 2625 1736 Non

684 1755 941 1822 deseret
982 1776 1102 1821 nos
1141 1754 1498 1834 Dominus,
1559 1754 1751 1821 modo
1793 1756 1917 1840 ipsi
1966 1776 2084 1839 per
2147 1757 2286 1823 eius
2465 1756 2623 1822 tiam

681 1849 1058 1908 constanter
1098 1840 1583 1908 adhaereamus.
1651 1840 1848 1907 Mitto
1892 1840 2010 1907 tibi
2051 1849 2216 1925 quae
2259 1864 2299 1908 a
2409 1892 2423 1907 .
2477 1841 2624 1908 Ver-

676 1928 847 2012 qerio
910 1927 1156 2011 accepi,
1175 1927 1234 2013 ⁴)
1300 1937 1517 1993 tecum
1570 1936 1787 1992 autem
1841 1928 2246 1994 communico
2312 1935 2622 2012 tanquam

681 2033 831 2079 cum
881 2012 1111 2077 intimo
1171 2033 1315 2078 meo
1371 2021 1437 2078 et
1497 2012 2027 2079 coniunctissimo
2083 2014 2303 2080 stati-e.
2389 2011 2623 2079 Italica

680 2119 814 2163 non
856 2096 1183 2182 intelligo:
1229 2097 1508 2164 alterum
1553 2107 1775 2164 tamen
1817 2098 2189 2183 exemplum
2223 2120 2341 2183 pro
2377 2120 2484 2164 me
2519 2120 2621 2165 re-

680 2183 864 2250 tinui.
931 2183 1103 2250 Nam
1147 2182 1273 2250 duc
1316 2184 1511 2250 misit.
1576 2183 1788 2252 Miror
1833 2206 1917 2250 an
1961 2183 2297 2252 Decadem
2330 2192 2625 2251 nostram

677 2270 975 2355 quintam
1031 2269 1372 2354 acceperis.
1462 2268 1662 2335 Certo
1725 2269 1903 2336 enim
1958 2270 2138 2336 illam
2194 2290 2314 2354 per
2366 2268 2616 2336 Italum

680 2354 1006 2440 quendam
1028 2355 1085 2439 ὅ)
1128 2356 1296 2421 misi.

850 2440 1363 2507 Consensionem
1415 2449 1707 2508 nostram
1784 2442 1858 2507 in
1926 2443 2363 2526 germanicam
2431 2442 2620 2521 verti,

675 2527 859 2592 cuius
903 2526 1277 2610 exemplum
1314 2526 1422 2593 hic
1454 2527 1665 2606 mitto,
1712 2548 1794 2592 ne
1830 2525 1966 2593 ulla
2008 2549 2078 2594 re
2114 2533 2342 2593 nostra
2374 2546 2616 2593 careas.

674 2611 845 2677 Vale
890 2618 1246 2689 aeternum,
1291 2611 1742 2679 colendissimo
1784 2611 2005 2678 frater.
2073 2612 2477 2679 Commenda
2512 2632 2617 2677 me

674 2697 760 2762 D.
822 2718 862 2762 a
903 2696 1287 2781 Buryundia
1341 2706 1407 2763 et
1464 2698 1737 2765 caeteris
1792 2696 2124 2764 fratribus.
2214 2698 2445 2783 Tiguri
2514 2700 2616 2763 29.

678 2781 931 2865 Aprilis
967 2803 1142 2849 anno
1192 2788 1372 2849 1551.
2382 2781 2387 2800 '

1811 2868 2232 2954 Bullingerus
2275 2877 2444 2936 tuus.

1548 3312 1736 3385 14⁰0.

1121 3450 1684 3519 BADUELLUS
1733 3449 2171 3518 OALV'INO.

849 3620 1064 3689 Rebus
1123 3621 1265 3687 suis
1330 3621 1639 3690 Nemeaei
1710 3623 2394 3708 nondumconstitudis
2456 3628 2512 3689 et
2574 3645 2618 3690 a

676 3707 1084 3794 Luqdunenei
1125 3708 1375 3774 maesia
1412 3713 1686 3774 retentus
1725 3708 2050 3775 maium
2089 3728 2279 3775 suum
2305 3707 2617 3776 Genavam

675 3793 995 3879 miqranffi
1035 3793 1106 3858 in
1147 3791 1328 3860 aliud
1369 3799 1611 3876 tempus
1650 3794 1876 3877 differi.

996 3962 1104 4029 (Ex
1140 3965 1474 4035 autographo
1510 3965 1638 4020 eod.
1676 3964 1876 4020 Genev.
1913 3964 2030 4033 115,
2068 3966 2161 4022 fol.
2196 3964 2309 4030 26.)

678 4133 1075 4202 Doctissimc
1118 4134 1260 4199 viro
1303 4144 1370 4201 et
1410 4137 1656 4218 optimc
1694 4136 1941 4202 homini
1985 4136 2066 4201 D.
2104 4136 2341 4204 carolo
2382 4138 2617 4204 Passe-

946 4219 1032 4285 lic
1075 4220 1282 4286 amico
1327 4240 1444 4286 suo
1488 4221 1557 4286 in
1600 4221 1883 4289 Domino
1924 4222 2344 4290 observando.

845 4374 939 4439 Et
978 4373 1185 4441 literis
1224 4376 1446 4441 uxoris
1466 4397 1663 4443 meae
1697 4385 2227 4462 caeterorumque
2261 4378 2616 4444 amicorum

678 4479 837 4543 quos
890 4461 959 4523 in
1015 4461 1229 4542 patria
1290 4462 1495 4527 habeo
1548 4460 1898 4541 adductus,
1967 4471 2037 4529 et
2096 4484 2351 4530 summo
2408 4463 2612 4529 vestri

881 4680 942 4745 2)
981 4680 1094 4736 oui.
1131 4663 1313 4737 Masis
1343 4682 1528 4752 prima
1561 4683 1728 4740 κωεο
1761 4684 1874 4752 fua
1906 4685 2188 4741 caetrata.

880 4749 2331 4824 &Anhaecaceipiendadekycm‘enepontiflds
2373 4752 2616 4809 ‹1de-

678 4819 1669 4903 vdiooadqoncilitmiwvitandos?
1743 4822 2615 4892 Quaetoemend.22.Moeiide-

678 4906 825 4944 mum
1048 4929 1061 4942 .

886 4956 947 5023 4)
984 4958 1074 5012 Eo
1120 4963 1357 5028 tempore
1412 4960 1478 5016 V.
1520 4960 1713 5028 plum
1758 4961 2088 5031 conscripsit
2129 4961 2332 5016 libellos
2383 4960 2620 5016 maxim

680 5032 873 5082 eontra
905 5025 1195 5082 concilium
1227 5028 1689 5084 minandum.-
1735 5030 1882 5085 inter
1915 5045 2054 5100 quos
2094 5030 2236 5096 luit:
2290 5029 2441 5083 Bolia
2477 5029 2622 5082 della

681 5097 953 5152 inditione
990 5113 1020 5151 e
1055 5097 1453 5152 Convocatione
1497 5100 1588 5153 del
1622 5099 1862 5154 Concilio
1908 5104 2008 5154 che
2055 5102 2103 5152 si
2152 5101 2223 5153 ha
2254 5100 2327 5153 da
2359 5098 2619 5152 incomin-

682 5165 917 5244 ciarejn
934 5165 1138 5220 Trentc
1172 5167 1223 5220 al
1259 5168 1432 5238 primo
1468 5167 1523 5220 di
1558 5168 1774 5250 Maggio
1808 5169 1929 5223 nell’
1964 5185 2012 5224 a.
2051 5166 2203 5222 1⁶⁶1.
2263 5165 2421 5222 Idan
2453 5164 2623 5220 latine

862 5233 874 5245 ’
925 5234 1185 5290 Baeticae
1217 5247 1337 5290 cum
1371 5239 1810 5292 commentariolo
1846 5238 1910 5291 D.
1946 5238 2125 5291 Vidae
2159 5237 2222 5306 (i.
2242 5251 2286 5291 e.
2327 5232 2620 5304 vomeret).

890 5299 1245 5370 5)1v.1458.
1317 5304 1525 5360 Italum
1557 5305 1726 5361 mum
1760 5305 2171 5362 ormnem
2204 5305 2284 5361 ibi
2316 5303 2469 5361 diest.
2527 5302 2623 5358 An

684 5372 775 5429 hic
806 5371 949 5425 idem
982 5388 1050 5427 ac
1084 5374 1182 5441 qui
1213 5389 1390 5442 supra
1407 5373 1436 5427 ,9

2193 453 2717 524 EPISmLAE
2765 457 3183 522 1489-1492

4553 458 4675 521 116

2737 648 2956 709 coetus
2976 644 3200 727 tuique
3242 643 3545 727 inprimis
3576 641 3898 711 desiderio
3929 649 4309 723 commotus,
4343 645 4679 711 existima·

2736 728 2887 795 bam
2930 748 3035 794 me
3079 728 3354 795 nimium
3389 727 3502 796 diu
3544 729 3618 795 in
3661 730 3787 796 hac
3821 728 4089 796 civitate
4116 734 4165 810 1)
4203 737 4679 797 commoratum

2735 833 2896 893 esse,
2937 814 3198 898 iamque
3239 822 3503 899 tempus
3558 815 3967 916 praeteriisse
4023 835 4149 898 quc
4190 835 4316 916 me·
4340 816 4680 885 vobiscum

2735 899 4257 1070 ἓὲῧοᾝᾞῗξοκὶξηᾞῖξὴἶῗὲιῗωοεωοᾞ
4279 900 4527 1071 :1233
4556 921 4681 1055 {g}

2732 1070 2872 1135 latii
2929 1089 3013 1136 ex
3069 1079 3296 1137 sancta
3360 1072 3815 1138 communione
3870 1091 4168 1156 caperem
4185 1120 4200 1151 ‚
4271 1081 4468 1157 atque
4530 1093 4679 1140 meo

2734 1153 3046 1222 diuturno
3067 1154 3388 1224 desiderio
3410 1156 3753 1242 studioque
3777 1158 4237 1225 satisfacerem.
4303 1155 4438 1225 Sed
4472 1180 4678 1242 quum

2731 1262 2872 1307 rem
2917 1263 3176 1309 mecum
3233 1241 3610 1328 diligentius
3667 1243 4054 1328 cogitassem
4096 1250 4430 1327 totamque
4471 1245 4677 1311 ratio·

2730 1347 2883 1394 nem
2925 1347 3149 1394 rerum
3193 1347 3489 1395 mearum
3533 1349 3683 1396 cum
3717 1329 3943 1395 amicis
4001 1336 4067 1394 et
4104 1327 4231 1412 piis
4283 1339 4350 1394 et
4389 1327 4676 1413 pruden-

2731 1412 2906 1479 tibus
2948 1414 3548 1494 communicassem,
3594 1413 3861 1497 depcsui
3897 1414 4021 1481 hcc
4056 1414 4404 1481 consilium
4439 1422 4676 1482 totam-

2730 1519 2855 1581 que
2898 1498 3358 1582 profectionem
3412 1500 3482 1566 in
3538 1498 3715 1565 aliud
3780 1508 4037 1584 tempus
4089 1500 4453 1567 rationibus
4509 1501 4676 1568 meis

2728 1585 2941 1669 magis
3007 1583 3563 1651 accommodatum
3633 1584 3877 1652 distuli.
3978 1585 4170 1651 Duae
4234 1597 4452 1652 autem
4511 1597 4674 1653 sunt

2728 1689 2960 1736 causae
3025 1689 3223 1754 quae,
3289 1680 3366 1736 ut
3405 1670 3528 1737 hoc
3582 1670 3656 1736 in
3698 1671 3841 1738 loco
3885 1670 4099 1737 adhuc
4140 1690 4506 1751 manerem,
4566 1693 4684 1740 mo

2725 1755 3136 1906 &tissimum
3182 1765 3547 1822 moverunt.
3614 1755 3769 1823 Una
3809 1755 4131 1823 bonorum
4170 1776 4466 1823 meorum
4508 1777 4674 1823 ven·

2777 1840 2888 1907 ‘tio
2930 1842 3061 1907 iam
3097 1840 3444 1926 publicata,
3486 1862 3682 1926 quam
3719 1842 3899 1908 nolui
3933 1842 4061 1908 hac
4093 1862 4241 1908 mea
4272 1842 4674 1925 profectione

2723 1925 3073 2011 impedire,
3118 1948 3330 2012 neque
3369 1936 3694 2011 emptores
3735 1929 3809 1992 in
3852 1926 4138 2011 aliquam
4183 1925 4475 1993 fraudem
4491 1979 4509 2007 ,
4557 1950 4673 1994 ne-

2723 2033 2851 2096 que
2894 2033 3074 2079 meos
3115 2013 3185 2078 in
3226 2012 3574 2081 discrimen
3631 2013 3889 2097 aliquod
3935 2013 4282 2080 adducere:
4337 2013 4673 2098 maluique

2727 2098 2831 2164 hic
2884 2098 3252 2165 molestiam
3308 2097 3503 2164 huius
3567 2097 3871 2171 desiderii
3933 2097 4332 2182 aliquamdiu
4383 2100 4672 2181 perferre

2723 2203 2921 2267 quam
2962 2184 3373 2251 committere
3414 2193 3492 2249 ut
3534 2183 3834 2251 voluntas
3877 2195 4104 2250 nostra
4118 2234 4135 2263 ,
4193 2204 4325 2250 non
4366 2183 4484 2251 illa
4525 2186 4670 2268 qui-

2724 2270 2874 2335 dem
2915 2268 3093 2336 mala
3135 2268 3248 2336 sed
3283 2289 3519 2353 parum
3553 2267 3981 2349 considerata,
4027 2278 4141 2335 aut
4175 2270 4338 2337 meis
4371 2278 4486 2336 aut
4520 2291 4670 2337 cae-

2723 2356 2880 2421 teris
2925 2375 3159 2422 nocere
3201 2364 3433 2440 posset.
3522 2355 3755 2421 Altera
3795 2374 3991 2421 causa
4044 2362 4147 2422 est
4199 2375 4458 2422 summa
4515 2375 4669 2422 con-

2721 2442 2966 2508 iunctio
3006 2461 3201 2525 quam
3226 2441 3548 2507 Dominus
3590 2462 3738 2508 cum
3782 2440 4092 2510 frah-ibus
4133 2441 4280 2507 istis
4320 2440 4486 2506 mihi
4522 2461 4666 2507 esse

2724 2526 2931 2592 voluit
2947 2577 2965 2606 ,
3028 2547 3189 2608 quos
3252 2528 3320 2593 in
3382 2527 3672 2593 maxima
3741 2526 4190 2592 ministrorum
4251 2525 4543 2592 fidelium
4597 2539 4667 2591 et

2720 2611 3140 2695 prudentium
3198 2611 3615 2678 destitutione
3636 2613 3691 2697 ⁸)
3745 2632 3893 2678 mea
3949 2630 4176 2695 opera,
4265 2632 4353 2677 ua
4408 2612 4554 2678 utili
4597 2621 4669 2678 et

2722 2703 3090 2781 opportuna
3146 2696 3250 2763 usi
3308 2705 3489 2777 sunt,
3545 2697 3889 2763 destitutos
3946 2717 4090 2763 esse
4148 2718 4232 2764 nc
4260 2696 4348 2762 ui.
4436 2694 4667 2779 Quum

2722 2782 2992 2850 discessi
3045 2782 3377 2848 Nemausc
3439 2783 3905 2851 constitueram
3973 2790 4156 2850 recta
4223 2781 4353 2850 alia
4411 2784 4523 2849 via
4578 2782 4666 2849 ad

2722 2889 2840 2935 vos
2883 2868 3140 2935 venire:
3186 2868 3300 2934 sed
3322 2867 3647 2935 Dominus
3688 2869 3803 2952 qui
3844 2889 3949 2934 me
3994 2869 4250 2935 vocavit
4281 2869 4408 2934 iter
4440 2889 4666 2935 meum

2718 2953 2850 3020 huc
2891 2955 3238 3033 convertit,
3281 2975 3513 3037 meque
3554 2954 3650 3020 ita
3692 2975 3838 3021 cum
3885 2955 3990 3021 his
4030 2954 4371 3020 coniunxit
4415 2965 4486 3020 ut
4531 2975 4667 3020 non

2719 3038 3071 3107 mediocria
3113 3038 3347 3105 solatia
3402 3041 3473 3104 in
3527 3060 3754 3105 eorum
3808 3040 4259 3107 communione
4315 3049 4380 3105 et
4433 3049 4666 3107 sancta

2720 3123 3191 3192 consuetudine
3232 3127 3566 3192 senserim.
3654 3126 3761 3191 Ita
3802 3126 4125 3192 Dominus
4182 3146 4302 3210 pro
4345 3124 4666 3211 singulari

2721 3231 2840 3277 sua
2880 3211 3171 3278 bonitate
3214 3219 3282 3276 et
3323 3232 3397 3276 sa
3442 3212 3642 3277 ientia
3684 3217 3752 3277 et
3791 3212 3954 3277 mihi
4008 3222 4075 3277 et
4130 3212 4277 3278 istis
4318 3210 4665 3278 consuluit.

2719 3297 3051 3364 Proximis
3092 3295 3357 3380 quidem
3452 3296 3465 3311 '
3620 3295 3866 3378 diebus,
3910 3317 4112 3381 quum
4147 3298 4243 3364 eis
4275 3317 4495 3363 meum
4533 3295 4667 3365 dis·

2720 3401 2975 3449 cessum
3018 3382 3508 3467 significassem,
3552 3383 3745 3449 multi
3787 3383 3859 3448 in
3902 3382 4429 3466 frequentissimo
4474 3393 4666 3449 coetu

2717 3468 3021 3553 lacrymis
3066 3469 3204 3534 suis
3248 3466 3666 3535 declararunt
3698 3491 3823 3553 quo
3858 3469 4124 3553 spiritus
4158 3489 4378 3535 amore
4423 3477 4490 3535 et
4522 3477 4665 3535 stu-

2719 3552 2826 3619 dio
2869 3574 3029 3639 erga
3069 3574 3176 3618 me
3222 3554 3438 3621 affecti
3482 3561 3717 3622 essent.
3796 3555 3898 3621 Ea
3940 3575 4048 3621 res
4085 3576 4194 3621 me
4234 3575 4368 3619 non
4411 3553 4666 3620 medio-

2720 3641 2919 3706 criter
2962 3639 3314 3706 commovit
3327 3691 3342 3718 ‚
3400 3639 3515 3706 sed
3558 3641 3858 3725 inprimis
3902 3640 4078 3707 salus
4120 3659 4414 3706 meorum
4460 3640 4663 3706 bono-

2720 3746 2999 3810 rumque
3046 3723 3341 3792 venditio
3412 3726 3811 3810 emptoribus
3857 3725 4083 3792 multis
4143 3724 4536 3792 denunciata
4595 3733 4665 3791 et

2721 3811 2956 3891 delata,
3002 3811 3241 3895 quibus
3285 3812 3480 3878 etiam
3523 3812 3884 3879 cavendum
3928 3819 4044 3878 est.

2890 3897 3038 3963 Hae
3102 3907 3257 3964 sunt
3322 3918 3553 3965 causae
3612 3898 3847 3964 mutati
3905 3897 4125 3963 subito
4189 3896 4437 3964 consilii
4507 3898 4664 3976 mei,

2717 3983 3101 4067 itinerisque
3144 4004 3276 4048 non
3333 3984 3546 4051 aversi
3603 3981 3717 4050 sed
3771 3983 3844 4047 in
3900 3982 4078 4049 aliud
4132 3992 4392 4067 tempus
4448 3985 4665 4068 mag-is

2717 4077 3158 4153 opportunum
3199 4070 3530 4149 reservati,
3577 4088 3738 4153 quas
3781 4068 3895 4133 tibi
3934 4075 4123 4135 notas
4157 4088 4299 4136 esse
4333 4068 4531 4148 volui,
4576 4091 4664 4134 ne

2716 4154 3055 4221 levitatem
3106 4153 3309 4221 ullam
3363 4156 3433 4219 in
3489 4175 3595 4220 me
3647 4175 3790 4220 esse
3843 4154 4282 4233 existimares,
4339 4162 4408 4220 et
4462 4156 4664 4222 simul

2718 4260 2824 4305 me
2866 4247 2982 4307 tuo
3024 4240 3309 4320 consilio,
3353 4251 3433 4306 ut
3473 4259 3731 4323 semper
3763 4237 3995 4320 fecisti,
4041 4239 4402 4306 adiuvares.
4469 4240 4664 4307 Pote-

2718 4326 2813 4392 ris
2867 4325 3134 4410 quidem
3203 4347 3320 4409 per
3390 4345 3499 4392 eos
3552 4325 3665 4409 qui
3723 4325 3803 4390 ad
3862 4345 3982 4392 nos
4034 4333 4451 4392 revertentur
4501 4325 4663 4411 quid

2718 4411 2840 4477 tibi
2883 4410 3188 4477 videatur
3230 4409 3543 4490 scribere,
3610 4409 3802 4496 idque
3844 4419 3920 4478 ut
3959 4411 4157 4478 facias
4218 4411 4662 4497 maximopere

2716 4505 2786 4562 te
2824 4517 2999 4583 rogo.
3089 4497 3259 4562 Nam
3305 4495 3676 4563 huiusmodi
3730 4506 3830 4563 est
3887 4517 4104 4563 meum
4147 4495 4228 4562 de
4270 4506 4385 4562 tuo
4435 4498 4512 4563 in
4551 4518 4663 4562 me

2717 4583 2938 4649 animo
2981 4591 3047 4649 et
3083 4583 3355 4668 ingenio
3397 4582 3713 4667 singulari
3768 4582 4200 4667 prudentique
4239 4582 4508 4649 consilio
4550 4584 4657 4648 iu-

2983 4740 3116 4748 ——-—

2720 4823 2907 4946 ῗθο.
2932 4824 2984 4890 1)
3026 4819 3598 4943 Vidempraecedentes
3659 4821 3922 4876 Baduelli
3973 4838 4090 4891 epp.
4152 4839 4221 4875 m.
4278 4821 4555 4879 Ianum-io
4611 4830 4666 4878 et

2794 4891 2941 4946 artic
2976 4889 3128 4957 scrip
3220 4929 3235 4943 .

2922 4958 2979 5022 2)
3016 4973 3157 5027 quae
3199 4957 3300 5013 hcc
3348 4976 3498 5015 mum
3542 4958 3856 5014 inciderim&
3900 4957 3963 5012 in
4007 4958 4059 5013 d.
4107 4957 4192 5012 1⁷.
4241 4959 4407 5015 Maii.
4488 4958 4668 5016 Hanc

2721 5027 3005 5097 epistolant
3039 5042 3163 5096 erqo
3196 5027 3364 5095 paulo
3390 5035 3573 5097 antea,
3611 5027 3687 5082 ad
3709 5043 3976 5082 summum
4011 5034 4240 5082 exeunte
4255 5029 4446 5097 Aprai
4477 5030 4663 5096 serip-

2721 5101 2834 5150 tum
2869 5101 3180 5150 amamus
3212 5101 3437 5165 oportet.

2929 5164 2989 5224 3)
3025 5164 3228 5232 Adfuit
3278 5167 3495 5234 primus
3528 5166 3610 5219 Io.
3647 5164 3830 5220 Fabri
3877 5170 4073 5233 postea
4108 5164 4257 5221 Patr.
4276 5165 4577 5221 Fomelet
4611 5174 4666 5222 et

2725 5231 2996 5288 claudiam
3029 5234 3273 5302 Mentor,
3309 5236 3407 5303 qui
3479 5233 3622 5288 ridie
3647 5205 3924 5290 Gohffov.
3962 5233 4063 5288 hoc
4095 5234 4118 5287 i
4155 5250 4215 5289 so
4249 5251 4399 5289 amno
4432 5241 4667 5290 οωιιειιιε

2723 5308 2816 5357 cst.
2870 5302 2942 5357 A.
2983 5301 3114 5383 1543
3149 5303 3372 5358 ecclesia
3405 5249 3477 5357 ἶ
3535 5302 3802 5357 dunensis
3835 5319 3949 5358 non
3983 5257 4184 5356 nisisso
4219 5303 4495 5373 capitibus
4530 5320 4662 5359 cort-

2726 5370 2921 5426 stabat.
2996 5371 3171 5438 (Ηιεε.
3210 5371 3330 5427 ωσι.
3369 5388 3422 5438 p.
3459 5318 3534 5426 ξιξ
3562 5376 3612 5425 a
3646 5371 3752 5436 85.)
