4900 6167
248 464 345 529 2⁷3

244 650 370 726 1337)
432 653 808 731 receperant
880 645 1212 713 diabolum
1280 667 1428 715 rece
1472 647 1631 728 isse,
1713 666 1846 712 non
1914 644 2150 714 Ohris·

242 749 370 801 tum.
448 734 539 799 Et
583 732 823 816 reperti
868 740 1026 797 sunt
1064 740 1267 800 testes
1331 754 1444 818 qul
1502 732 1624 800 hoo
1680 741 2067 800 asseremnt.
2095 736 2149 811 ⁸)

242 821 501 903 Denique
543 817 757 885 Satan
798 839 950 885 cum
992 818 1233 885 talibus
1274 817 1551 887 flabellis
1607 838 1742 884 non
1783 819 1966 903 prius
2008 838 2150 885 oes-

242 905 375 971 sabit
433 925 630 989 quam
695 903 1008 971 horribile
1089 904 1351 989 aliquod
1429 903 1808 972 incendium
1884 904 2144 972 excitet.

240 988 348 1058 Sed
392 989 545 1057 haec
611 991 785 1057 mala
840 990 1159 1056 eiusmodi
1217 1012 1359 1057 esse
1422 990 1616 1056 video
1673 1010 1841 1074 quae
1905 987 2147 1056 deflere

238 1077 411 1161 magis
450 1096 645 1160 quam
689 1097 920 1144 curare
965 1077 1173 1144 liceat.
1246 1075 1500 1144 Saltem
1545 1075 1730 1142 nulla
1772 1076 1936 1142 mihi
1980 1077 2148 1144 ratio

237 1173 483 1247 apparet.
575 1161 651 1229 Si
694 1162 988 1230 Bernam
1030 1183 1291 1243 venero,
1333 1183 1585 1229 vercor·
1609 1182 1693 1229 ne
1735 1183 1970 1246 parum
2012 1161 2148 1229 fra-

236 1261 388 1315 terne
438 1249 731 1332 excipiar
785 1268 827 1313 a
880 1248 1210 1316 fratribus.
1300 1249 1491 1315 Tunc
1530 1268 1691 1314 vero
1734 1248 1930 1333 longe
1971 1249 2150 1315 inso-

236 1333 445 1401 lentius
487 1356 558 1401 se
601 1333 937 1401 iactabant
980 1333 1284 1419 improbi,
1329 1336 1443 1420 qui
1478 1355 1657 1402 nunc
1690 1333 1891 1402 rebus
1932 1333 2149 1401 adhuc

237 1420 413 1487 dubiis
463 1431 601 1485 tam
649 1430 957 1503 proterve
1017 1421 1370 1487 exsultant.
1460 1424 1677 1504 Atque
1736 1427 1811 1485 ut
1864 1420 2150 1504 speciem

234 1506 483 1589 aliquam
550 1507 875 1573 amicitiae
939 1507 1290 1576 ostendant
1352 1515 1677 1591 pastores,
1748 1507 1862 1571 vix
1922 1514 2151 1572 tamen

233 1594 619 1675 impetratum
664 1591 746 1658 ab
786 1592 921 1660 illis
964 1613 1172 1676 spero,
1215 1600 1291 1659 ut
1331 1593 1674 1659 nobiscum
1716 1591 2147 1671 familiariter,

232 1678 337 1744 nisi
356 1679 674 1762 permissu
697 1688 987 1758 senatus,
1020 1679 1504 1747 communicare
1526 1679 1910 1744 sustineant.
1957 1678 2149 1744 Nosti

233 1784 392 1847 quam
445 1763 661 1829 timidi
720 1765 855 1830 sint
906 1786 982 1832 ac
1037 1765 1288 1832 molles.
1374 1764 1521 1831 Iam
1587 1764 1647 1830 si
1709 1764 1834 1830 hoc
1891 1784 2149 1848 quoque

232 1849 666 1928 concesserint,
725 1850 1056 1933 putabunt
1097 1861 1321 1918 tamen
1363 1871 1436 1917 se
1480 1850 1581 1917 bis
1623 1850 1965 1918 defunctos
2006 1871 2149 1916 esse

231 1934 318 2001 ubi
358 1956 482 2002 uno
528 1937 731 2002 verbo
772 1936 1131 2002 annuerint
1170 1958 1242 2003 se
1283 1936 1453 2002 nihil
1495 1936 1821 2020 conqueri.
1884 1935 2151 2002 Interea

229 2020 387 2087 multi
429 2023 501 2086 in
545 2022 707 2088 urbe
750 2043 1103 2088 sermones.

367 2107 553 2173 Haec
674 2107 877 2174 ricula
912 2128 1170 2174 mecum
1206 2114 1520 2192 reputans
1551 2111 1673 2173 vix
1717 2106 1909 2175 malis
1951 2127 2148 2192 quae·

228 2212 348 2258 rere
387 2215 527 2260 rem
619 2194 752 2260 'um
798 2191 1034 2272 audeo,
1088 2215 1257 2277 quae
1489 2202 1566 2258 nt
1605 2194 1748 2277 ipso
1835 2191 2148 2260 uaerendi

231 2278 417 2344 studio
492 2281 709 2366 magis
772 2279 1165 2364 exasperari.
1274 2213 1350 2346 ὲί
1408 2277 1566 2363 quid
1622 2279 1692 2344 in
1752 2278 1821 2344 B
1887 2299 2072 2347 urero
2088 2280 2146 2359 ⁹)

226 2363 343 2515 «Eis
381 2365 519 2432 fore
560 2387 805 2451 speras,
848 2364 1167 2433 utendum
1210 2373 1387 2433 esset
1426 2365 1566 2432 eius
1608 2386 1825 2449 opera.
1891 2364 2031 2433 Sed
2063 2388 2150 2434 ne

284 2451 316 2464 ⁰
356 2453 666 2518 iniuriam
710 2451 837 2519 sibi
881 2452 1026 2519 fieri
1065 2458 1302 2536 putent
1353 2452 1410 2517 si
1453 2449 1625 2536 apud
1671 2472 1823 2517 eum
1866 2473 2150 2538 conque·

228 2556 332 2613 tat,
368 2557 405 2603 a
447 2537 657 2605 literis
701 2537 1015 2605 abstineo.
1105 2539 1207 2604 Tu

226 2641 389 2688 mone
431 2620 593 2707 quid
634 2625 810 2692 factu
854 2625 943 2691 sit
983 2644 1162 2708 opus.

367 2709 493 2776 Est
548 2710 747 2776 etiam
803 2709 1097 2776 vicissim
1161 2711 1345 2777 cuius
1399 2717 1466 2775 te
1521 2708 1927 2776 admonitum
1981 2710 2147 2778 volo.

225 2791 369 2859 Nam
421 2795 722 2881 intelligo
780 2794 1070 2880 prolixas
1132 2804 1281 2862 tuas
1349 2795 1691 2863 conciones
1755 2795 1980 2863 multis
2036 2794 2151 2864 ob-

226 2879 652 2948 murmurandi
720 2882 1063 2948 materiam
1139 2877 1466 2966 praebere.
1494 2879 1576 2969 ¹⁰)
1682 2880 1897 2966 Saepe
1961 2883 2151 2952 nobis

226 2967 530 3034 consessus
575 2987 646 3033 es
690 2967 811 3033 hoc
855 2975 923 3032 te
965 2987 1315 3053 agnoscere
1359 2968 1592 3034 vitium
1609 3020 1625 3047 ,
1680 2968 1848 3053 quod
1894 2987 2149 3036 correo·

225 3065 341 3116 tum
394 3074 688 3138 cuperes.
776 3052 974 3122 Nunc
1016 3061 1268 3132 autem,
1330 3074 1417 3120 ne
1468 3053 1830 3139 obstreperi
1893 3055 2147 3121 susurri

225 3137 458 3203 tandem
504 3141 575 3204 in
615 3137 955 3206 seditiosos
999 3139 1316 3205 clamores
1359 3148 1728 3223 erumpant,
1772 3161 1929 3225 rogo
1972 3151 2037 3205 te
2079 3153 2148 3207 et

224 3221 481 3290 obtestor
547 3235 623 3291 ut
687 3237 751 3290 te
808 3224 1130 3291 violenter
1190 3226 1475 3291 retineas
1532 3225 1753 3308 potius
1813 3247 2007 3309 quam
2070 3236 2147 3292 ut

222 3304 481 3376 Satanae
526 3331 755 3377 ansam
799 3312 1124 3396 porrigas,
1170 3332 1366 3393 quam
1412 3309 1709 3377 videmus
1750 3311 1832 3377 ab
1876 3333 1953 3378 eo
1995 3334 2147 3396 cap-

222 3396 341 3460 tari.
428 3395 577 3464 Scis
619 3397 906 3481 primum
959 3416 1081 3462 nos
1134 3396 1357 3462 stultis
1400 3416 1545 3462 esse
1587 3395 1911 3463 debitores
1935 3449 1949 3475 ‚
2010 3418 2143 3464 non

222 3493 281 3542 ut
333 3481 537 3548 nimia
602 3482 1018 3569 indulgentia
1082 3482 1417 3549 foveamus
1484 3503 1709 3548 eorum
1776 3482 2142 3564 stultitiam,

223 3564 315 3630 sed
354 3581 576 3633 tamen
638 3583 715 3634 ut
779 3570 1023 3654 aliquid
1085 3568 1298 3634 dando
1351 3589 1464 3634 cos
1507 3566 1768 3634 allicere
1810 3589 2141 3636 conemur.

219 3647 335 3717 Nec
372 3655 641 3739 ignoras
685 3654 803 3720 tibi
848 3676 995 3722 cum
1040 3655 1317 3721 morosis
1361 3662 1429 3720 et
1469 3653 1898 3722 stomachosis
1942 3675 2143 3740 nego-

221 3737 360 3802 tium
402 3761 562 3807 csse.
654 3741 746 3806 Et
789 3753 963 3809 certe
1006 3739 1343 3808 fastidium
1390 3739 1513 3807 hoc
1569 3761 1702 3806 non
1747 3740 1877 3806 nisi
1918 3762 2000 3806 ex
2044 3740 2142 3806 ni·

210 3824 328 3906 ‘mio
388 3827 561 3892 fastu
620 3828 801 3895 nasci
858 3837 1084 3911 potest.
1175 3824 1309 3894 Sed
1374 3837 1594 3892 tamen
1653 3827 1958 3909 quoniam
2023 3826 2144 3892 hac

218 3906 342 3993 lege
404 3913 735 3979 Dominus
800 3927 1184 3997 suggestum
1261 3910 1697 3979 conscendere
1762 3933 1883 3978 nos
1942 3911 2144 3990 iubet,

217 4015 329 4060 non
373 4011 445 4062 ut
490 3998 679 4064 nobis
722 4018 1034 4065 canamus
1070 3999 1182 4066 sed
1230 3998 1490 4084 populo,
1538 3998 1631 4065 sic
1668 3998 1856 4064 nobis
1893 4006 2142 4082 tempe·

217 4082 405 4149 randa
438 4097 536 4150 est
571 4085 740 4150 ratio
776 4082 1051 4151 docendi
1093 4108 1174 4152 nc
1212 4108 1293 4152 ex
1331 4083 1542 4150 taedio
1584 4084 1770 4150 verbi
1806 4096 2143 4168 contemp-

218 4173 309 4232 tus
346 4183 673 4253 sequatur.
763 4171 1004 4238 Preces
1057 4172 1255 4238 etiam
1300 4168 1612 4254 privatim
1655 4190 1720 4234 m
1815 4170 1829 4184 ⁶
1910 4179 2142 4236 exten·

219 4248 351 4319 dere
395 4257 735 4334 convenit,
781 4278 975 4340 quam
1023 4278 1223 4341 quum
1267 4276 1379 4322 eas
1422 4255 1628 4322 totius
1808 4256 1979 4322 esiae
2024 4275 2142 4321 no-

1258 2536 1467 2622 igitur
1523 2538 1828 2621 experire
1885 2538 1989 2606 vel
2034 2537 2147 2606 ad·

216 4404 425 4418 —u-u—...—
444 4412 603 4421 *—

402 4491 460 4556 7)
496 4497 665 4550 natali
702 4497 775 4551 Η.

1583 4429 1587 4436 fl

400 4561 460 4627 8)
501 4564 586 4631 Gr.
626 4565 842 4621 Ruchat
878 4563 946 4615 V.
983 4561 1087 4618 493
1121 4578 1201 4633 oq.
1264 4563 1399 4634 Roy-
1435 4565 1512 4619 du
1551 4563 1781 4626 ovuoaz
1814 4563 1870 4618 d.
1903 4560 1988 4617 21.
2013 4561 2140 4619 lano.
2196 4595 2204 4604 »

215 4622 259 4681 9.
289 4627 444 4686 Febr.
478 4632 562 4688 23.
600 4634 764 4690 Febr.
801 4640 895 4689 aee.
984 4632 1066 4687 Io.
1104 4648 1141 4686 a
1180 4631 1234 4686 S.
1271 4631 1499 4688 Andr-ea
1567 4633 1624 4687 V.
1666 4630 1743 4686 D.
1782 4631 1865 4686 M.
1912 4638 2036 4687 orat
2078 4634 2140 4687 in

214 4692 365 4777 hasty
396 4708 443 4755 ee
478 4703 811 4760 &Fontem
849 4743 865 4769 ,
899 4703 996 4774 qui
1127 4702 1295 4756 unior
1330 4702 1485 4756 νίουε
1518 4700 1911 4758 addo-tiniam
1932 4700 1989 4756 S.
2022 4701 2138 4757 Vio-

214 4769 667 4897 aemmr
698 4779 748 4854 <²
793 4775 906 4895 ῑ...
942 4773 1211 4895 ...ω’
1058 4769 1169 4852 ·“”
1203 4767 1428 4894 Ἤ
1453 4770 2139 4898 assam...
1970 4770 2138 4896 ....

211 4902 511 4990 dobras&
542 4920 663 4966 orat
736 4952 750 4968 .
796 4909 1018 4963 Veneris
1050 4907 1136 4963 25.
1171 4906 1308 4963 Dec.
1357 4906 1488 4964 dus·
1527 4907 1863 4966 Genaunes
1894 4922 2014 4963 eom
2048 4906 2137 4962 dio

217 4966 489 5035 Denta-ea
519 4978 604 5034 20.
639 4978 775 5034 Dec.
805 4977 1218 5033 celebraverant.

403 5047 459 5112 9)
499 5048 687 5103 Etiam
723 5047 790 5102 de
822 5046 922 5102 hoc
956 5045 1112 5101 Bosa
1144 5045 1364 5103 datrae
1396 5043 1432 5100 1.
1465 5044 1501 5098 1.
2102 5112 2112 5124 ι

217 5182 348 5236 a...
373 5115 653 5243 {wate}
674 5116 1470 5242 w..¹·⁰⁶·⁸......’··‘a...„2„..⁶
1285 5111 2131 5250 ⁹“⁰⁹“⁶..“.·z⁶5125.,⁰..‘·35:·“52.}:-1

216 5257 834 5386 &protonisso-³
1006 5223 2132 5332 massmannus-copadium

340 5389 350 5400 ·
394 5331 619 5408 cuonem·
655 5339 842 5406 usqae.
918 5322 1090 5378 Cum
1108 5328 1301 5404 ‘tanea
1328 5333 1528 5402 precra
1561 5323 1788 5442 εἭω,
1822 5333 1864 5373 e.
1896 5335 1949 5390 9.
1971 5317 2127 5375 Snu-

215 5397 430 5443 κῆαι
459 5401 507 5451 αι
539 5394 805 5465 Lot-amna
833 5391 934 5448 hoo
966 5405 1184 5446 nonme
1213 5403 1435 5445 mmm
1463 5392 1634 5444 actm
1742 5392 1888 5443 em.

414 5477 625 5536 odoini
655 5493 839 5549 opem.
921 5475 1037 5532 Vol.
1073 5473 1239 5533 XIV.

1906 461 2068 524 1552
2114 457 2498 528 ῙΔΝΠΔΒ.

4078 470 4206 548 274

2251 647 2431 714 mine
2487 648 2908 733 concipimus.
3020 649 3302 718 Falleris
3370 651 3547 719 enim
3621 651 3680 718 si
3736 651 4036 722 ardorem
4091 664 4207 724 tuo

2252 753 2477 818 parem
2524 735 2607 801 ab
2651 733 2953 802 omnibus
2997 737 3225 822 exigis.

2423 818 2620 886 Hanc
2643 825 2665 862 ¹
2679 821 2730 905 ¹)
2787 821 3124 906 epistolam
3172 822 3420 890 dictavi
3462 844 3543 889 ex
3584 822 3773 891 lecto.
3861 825 4046 905 Vale,
4081 848 4207 911 ,op-

2252 904 2414 971 time
2470 913 2538 971 et
2596 907 3020 993 integerrime
3073 909 3293 974 frater.
3383 907 3619 976 Saluta
3673 929 3902 976 omnes
3945 912 4205 979 amicos.

2251 991 2583 1058 Dominus
2625 1013 2746 1060 vos
2788 1002 3150 1074 conservet,
3193 995 3429 1079 spiritu
3465 1015 3585 1061 suo
3621 1004 3823 1081 regat,
3866 995 4209 1064 benedicat

2251 1077 2494 1144 vestris
2536 1076 2884 1146 laboribus.
2973 1079 3291 1147 Genevae
3335 1084 3435 1147 27.
3479 1080 3741 1147 Ianuar.
3794 1085 3976 1147 1552.

3178 1214 3461 1283 Ioannes
3502 1215 3816 1285 Calvinus
3856 1224 4032 1286 tuus.

3140 1727 3325 1798 15⁹7.

2768 1883 3175 1952 VIRE‘PUS
3219 1883 3671 1952 FARELLO.

2428 2053 2638 2122 Plura
2699 2060 3284 2123 νοοαιείναηεααα
3330 2057 3563 2141 paucis
3618 2058 4206 2159 muciutqtdffld,

2251 2161 2688 2295 mm
2732 2146 3318 2311 mffmffl·’·⁶;²;2
3316 2142 3759 2294 W
3791 2149 4208 2298 m

2252 2333 2330 2382 ex
2371 2314 2609 2383 indicto
2649 2278 2822 2399 viam·
2862 2314 3141 2396 castiqat.

2252 2484 2363 2552 (Ex
2408 2486 2749 2556 autographo
2784 2483 3471 2608 Βίδξξὲἔοῖοωορωνῗωέι
3503 2484 3989 2622 Εξὶῐῖοοοιιιοιιοίιιιιι.
4060 2486 4204 2557 Epp.

2252 2724 2520 2791 Eximio
2561 2725 2713 2791 Iesu
2757 2722 3010 2792 Ohrisn‘
3071 2744 3262 2791 servo
3306 2723 3667 2791 Guiliclmo
3724 2725 3989 2792 Farello
4031 2725 4204 2793 Neo-

2252 2811 2576 2878 oomensis
2618 2809 2929 2878 ecclesiae
2985 2809 3463 2963 Paffg’ssinffgffl
3518 2819 3589 2877 et
3642 2821 4048 2896 symmystae
4093 2833 4205 2878 ve·

2423 3032 2494 3099 S.
2585 3032 2863 3098 Habetis
2941 3030 3112 3116 quod
3175 3030 3663 3098 desiderabatis.
3691 3034 3739 3112 ¹)
3846 3032 3930 3098 In
3998 3032 4204 3102 classe

2251 3119 2347 3184 sic
2390 3126 2724 3185 transacta
2766 3124 2922 3184 sunt
2964 3116 3187 3186 omnia
3229 3126 3304 3183 ut
3346 3138 3540 3184 nemo
3582 3118 3669 3184 sit
3710 3118 3821 3203 qui
3864 3126 3980 3184 tua
4022 3118 4205 3203 lega-

2250 3206 2430 3271 tione
2487 3203 2874 3270 offendatur.
2962 3201 3297 3270 Audivisti
3358 3222 3398 3267 a
3441 3202 3779 3269 Francisco
3797 3204 3856 3287 2)
3928 3212 4200 3271 caetera.

2248 3290 2581 3358 Miramur
2633 3289 2884 3356 tamdiu
2941 3310 2982 3354 a
3026 3287 3116 3355 ud
3170 3309 3287 3353 vos
3341 3287 3694 3354 immorari.
3784 3287 3880 3357 Ut
3934 3289 4203 3356 cesserit

2248 3376 2513 3443 Bernae
2556 3375 2783 3443 electio
2827 3373 2985 3441 Mar
3080 3374 3172 3440 ati
3229 3381 3299 3440 ct
3342 3372 3759 3452 Michaelis&
3814 3394 3934 3441 nos
3987 3373 4203 3444 adhuc

2246 3461 2426 3528 latet..
2516 3461 2690 3529 Mihi
2732 3460 2899 3527 nihil
2941 3458 3094 3525 boni
3149 3459 3481 3544 praesagit
3523 3460 3803 3525 animus.
3891 3459 4203 3545 Hierony-

2246 3568 2390 3613 mus
2431 3547 2591 3614 illuc
2607 3551 2666 3628 ⁴)
2707 3546 3038 3630 profectus
3093 3555 3208 3612 est.
3297 3545 3501 3611 Faxit
3541 3544 3728 3613 Deus
3784 3565 3866 3612 ne
3923 3546 4200 3612 maiores

2248 3632 2435 3700 nobis
2481 3634 2707 3699 turbas
2750 3631 2980 3716 pariat,
3040 3631 3121 3697 ad
3181 3652 3342 3715 quas
3397 3640 3575 3698 totus
3620 3640 3721 3697 est
3762 3637 4195 3715 comparatus.

2246 3719 2646 3785 Prasmonui
2691 3718 3042 3785 Hunorum.
3116 3715 3265 3784 Scri
3311 3719 3366 3784 si
3411 3727 3477 3782 et
3511 3716 3595 3782 ad
3636 3716 3948 3782 Gironum
3991 3716 4073 3781 de
4119 3737 4196 3781 eo

2246 3815 2313 3870 et
2368 3804 2547 3871 Beza
2627 3803 2711 3870 ad
2771 3803 3118 3870 Zerkinten.
3298 3823 3448 3868 uam
3515 3809 3733 3867 met-uo
3798 3820 3882 3864 ne
3949 3799 4201 3870 Caluini

2248 3890 2472 3958 odium
2515 3892 2758 3958 multos
2816 3896 2971 3975 agat
3025 3895 3439 3955 transversos
3483 3887 3550 3951 in
3595 3885 3715 3951 hac
3755 3905 3971 3952 causa.
4062 3888 4200 3952 Ve-

2248 3999 2398 4044 reor
2440 3978 2638 4043 etiam
2682 3997 2769 4043 ne
2807 3977 2980 4042 male
3016 3974 3427 4058 excipiantur
3462 3979 3720 4037 nostrae
3754 3970 4007 4051 literae,
4052 3973 4198 4056 qui-

2247 4062 2368 4129 bus
2433 4063 2514 4128 de
2569 4062 2798 4129 edictis
2863 4061 2945 4127 ad
3009 4081 3128 4126 nos
3192 4061 3406 4125 missis
3465 4063 3757 4123 nostram
3812 4058 4198 4142 exponimus

2246 4148 2656 4214 sententiam.
2675 4150 2729 4226 ὅ)
2818 4149 2912 4214 At
2954 4146 3284 4212 Dominus
3327 4141 3711 4227 providebit.

2417 4234 2602 4299 Nihil
2645 4232 2856 4301 scribo
2899 4231 2983 4297 ad
3026 4241 3092 4297 te
3147 4230 3228 4295 de
3269 4227 3527 4313 publica
3569 4236 3939 4294 nostrorum
3984 4228 4196 4294 homi·

2245 4339 2404 4384 num
2458 4319 2731 4385 insania.
2834 4317 3051 4400 Quam
3113 4315 3287 4380 mala
3351 4324 3511 4381 sunt
3572 4314 3812 4397 ubique
3874 4323 4190 4398 tempora.

2244 4403 2552 4471 Ohristus
2594 4404 2816 4471 hostes
2859 4401 3059 4468 habet
3099 4402 3295 4484 quam
3339 4400 3688 4485 plurimos,
3745 4400 3985 4466 amicos
4027 4421 4192 4484 pau·

2244 4490 2551 4557 cissimos.
2640 4489 3009 4575 Oaptantur
3050 4485 3337 4570 undique
3381 4486 3746 4553 occasiones
3788 4482 4039 4552 Christi
4081 4507 4194 4552 ex-

2412 4765 2507 4834 11)
2542 4764 2833 4836 Sequentia
2864 4776 3035 4818 nam
3250 4760 3261 4773 “
3553 4827 3564 4839 ·
3613 4827 3625 4840 .
3718 4827 3730 4840 .
4019 4827 4032 4840 ⁶

3153 4828 3436 4884 vocatione
3483 4830 3727 4882 mmmm
3791 4825 4056 4882 Vadam
4105 4824 4185 4880 od

2237 4834 2414 4893 1⁶9⁷.
2438 4835 2519 4917 1).
2539 4833 2721 4905 Loqui
2767 4830 2983 4887 videtur

2242 4900 2825 5032 εοῃὸιαέςοπνσόρόῑ
2864 4898 2943 4957 N.
2977 4896 3131 4953 1582.
3206 5036 3217 5049 ‚
3388 5035 3400 5049 -
3468 5035 3479 5047 ⁶
3864 5031 3931 5044 ..

2248 5113 2260 5126 ⁹
2441 5039 2502 5110 8)
2540 5039 2708 5095 Prior
2739 5038 2987 5119 nipedes·
3030 5041 3149 5118 ‘'f“
3190 5053 3253 5090 u·
3302 5034 3537 5090 Ortum·
3578 5047 3748 5102 prope
3805 5031 4085 5086 Vanam
4126 5034 4180 5085 et

2231 5111 2774 5262 &rw
2791 5176 2845 5233 .-.
2893 5105 3290 5230 W..
3139 5121 3380 5240 ...τε
3420 5103 3913 5243 &gemm
3926 5104 4039 5224 *τε
4065 5098 4178 5224 42:

2230 5266 2354 5305 m
2388 5265 2447 5303 m
2473 5262 2793 5381 flama-⁸.
2863 5310 2971 5378 (N.
3008 5308 3187 5374 1595.)

2433 5386 2494 5452 5)
2532 5382 2612 5441 N.
2646 5380 2802 5439 1581.

3692 5454 3760 5511 18
