4900 6167
663 398 789 465 147

660 585 926 654 certius.
1034 581 1244 651 Galeas·
1294 584 1545 661 filius²)
1606 606 1649 651 a
1692 584 1784 651 nd
1838 580 2207 652 &ordericum
2266 583 2471 650 etiam
2526 581 2622 647 la·

664 674 899 740 horare
1216 677 1262 735 t.
1340 669 1597 737 Indicia
1636 604 1838 737 {abet
1874 690 2123 754 magna
2162 670 2366 753 pestis
2407 667 2624 734 morbi

664 757 945 823 initium.
1038 690 1118 821 Ξ
1170 755 1357 822 nobis
1412 755 1513 821 illi
1571 756 1984 835 anferentur,
2048 755 2442 840 gravissima
2498 753 2625 819 erit

666 843 941 909 Domini
982 861 1220 907 manus
1273 842 1345 907 in
1386 862 1524 908 nos.
1582 876 2617 892 ————————

666 928 903 995 Morati
939 925 1080 992 Cal.
1127 926 1251 993 Iul.
1308 932 1486 991 1551.

1412 1221 1819 1229 om.—

1554 1456 1740 1526 151⁰.

1092 1608 1723 1679 HIERONYMUS
1767 1611 2204 1680 OALVINO.

840 1779 1239 1846 Omnmndat
1274 1781 1513 1848 Bolum
1554 1785 1884 1866 quendam.

734 1952 845 2020 (Ex
879 1952 1219 2023 autographo
1253 1952 1381 2007 οοιι
1417 1952 1707 2024 Rhediger.
1741 1954 2033 2008 vntialav.
2070 1954 2169 2008 m.
2206 1956 2268 2008 B.
2307 1955 2397 2010 τοι.
2431 1954 2548 2020 27.)
2666 1935 2674 2026 Ι

652 2121 1051 2190 Reverendo
1094 2124 1178 2189 D.
1225 2123 1462 2189 Ioanni
1498 2123 1776 2190 Calvino
1818 2125 1891 2189 in
1931 2126 2204 2192 ecclesia
2237 2125 2617 2193 Genevensi

1066 2208 1448 2275 fidelissimo
1494 2208 1676 2275 verbi
1710 2211 1840 2276 Dei
1883 2213 2204 2277 ministro.

832 2346 1072 2410 Frater
1123 2345 1456 2411 carissime
1508 2347 1580 2411 in
1634 2345 1935 2426 Christo,
1993 2349 2291 2413 salutem.
2392 2347 2617 2429 Quum

660 2430 745 2496 ad
790 2443 855 2497 te
900 2431 1425 2514 proficisceretur
1472 2431 1724 2498 Paulus
1767 2430 2232 2500 Cremonensis
2248 2486 2265 2513 ,
2325 2435 2432 2500 vir
2473 2433 2616 2518 qui·

660 2518 811 2583 dem
855 2518 1001 2600 pius
1044 2524 1112 2582 et
1152 2536 1271 2599 pro
1299 2514 1549 2583 Christi
1585 2519 1851 2584 nomine
1892 2519 2104 2585 multa
2144 2541 2377 2604 passus
2419 2529 2538 2586 est.
2565 2521 2615 2604 ¹)

660 2603 1081 2686 Quapropter
1125 2623 1276 2667 eum
1332 2603 1597 2668 nomine
1648 2602 2130 2672 illustrissimae
2174 2615 2242 2671 et
2284 2605 2614 2673 excellen-

657 2686 1314 2776 tissimae‘Dominae
1351 2687 1670 2755 Raineroe
1686 2691 1739 2767 ²)
1788 2690 1970 2758 ducis
2006 2692 2454 2758 Ferrariensis
2496 2692 2616 2757 tibi

658 2774 936 2839 mirifice
978 2773 1380 2839 commendo.
1468 2775 1563 2838 Et
1618 2773 1931 2859 quidquid
1982 2778 2279 2845 beneficii
2323 2786 2391 2844 et
2434 2799 2613 2844 com-

657 2859 840 2925 modi
895 2860 964 2923 in
1004 2879 1153 2924 eum
1210 2859 1568 2926 contuleris
1612 2880 1752 2925 rem
1794 2864 2238 2947 gratissimam
2282 2884 2439 2930 suae
2498 2883 2613 2928 ex-

660 2944 1004 3012 cellentiae
1038 2944 1286 3012 feceris.
1357 2944 1635 3030 Ignosce
1667 2968 1908 3030 quaeso
1932 2949 2239 3016 brevitati
2271 2949 2614 3015 literarum

657 3038 929 3117 propter
992 3033 1222 3099 nuncii
1287 3031 1789 3100 festinationem.
1896 3036 2147 3101 Datum
2214 3033 2614 3102 Consandoli

660 3117 766 3184 die
811 3117 1043 3203 quinta
1084 3117 1237 3183 Iulii
1291 3122 1471 3182 1551.

1438 3253 1888 3342 Hieronymus
1932 3258 2446 3326 elemosinarius.
2474 3263 2526 3337 ³)

1538 3551 1821 3559 -.—·----—.

1542 3767 1732 3840 1511.

1112 3903 1682 3972 BADUELLUS
1722 3905 2158 3977 OALVINO.

838 4073 1416 4160 Narratpluribaeae
1472 4077 2617 4164 quomodolasqdwniturbaeobro-

662 4161 2613 4312 m’aemetnompmaelacoetuipionmmoi-

668 4417 779 4480 (Ex
816 4416 1157 4487 autographo
1191 4417 1323 4474 eod.
1357 4418 1594 4475 Gothani
1627 4419 1758 4486 404,
1807 4423 1900 4477 fol.
1946 4421 2067 4478 373.
2124 4451 2187 4462 —
2223 4425 2414 4480 Edidit
2445 4428 2616 4482 Liebe

668 4504 720 4555 p.
757 4485 841 4553 86,
878 4486 1300 4542 Bretschneider
1336 4506 1389 4558 p.
1425 4487 1891 4625 196÷011A7kifbio
1930 4499 2205 4548 mutuatus
2238 4501 2324 4549 est
2356 4495 2618 4552 Simlerns

727 4828 936 4954 ΜΞ)
972 4828 1201 4885 Iuvenis
1228 4831 1470 4897 foriano
1506 4833 1891 4890 Neam-eneis
1939 4837 2039 4905 qui
2086 4835 2343 4891 corderii
2384 4837 2620 4908 hospitio

877 5105 937 5170 3)
983 5076 2623 5183 famatammmfflmamm

672 5174 752 5253 tio
787 5173 1028 5257 gaeum:-
1062 5176 1367 5240 aumonier)
1402 5191 1517 5230 non
1550 5183 1662 5257 laga
1694 5191 1888 5232 nmen
1920 5181 2205 5248 proprium
2227 5196 2394 5252 quan
2426 5196 2628 5237 munus

666 5238 924 5296 mci-core
956 5242 1224 5368 cadentum-t
1256 5244 1566 5370 ”wa
1597 5260 1718 5368 ἕνα
1748 5252 1801 5301 et
1832 5262 1985 5317 quem
2018 5249 2354 5305 mandat
2386 5250 2628 5322 adeoque

2181 392 2710 464 EPIS'I'OLAB
2758 393 3178 460 1509-1512

4540 397 4645 458 148

2727 581 3126 648 Doctissimo
3157 579 3305 646 viro
3340 589 3535 663 atque
3573 578 3998 664 integerrimo
4034 577 4284 644 homini
4327 578 4408 645 D.
4431 578 4644 647 Gai-olo

3155 664 3450 733 Passelio
3492 666 3702 731 amico
3743 686 3862 731 suo
3905 663 4243 749 singulari.

2900 801 3153 887 Scripsi
3210 802 3293 868 ad
3349 810 3419 868 te
3470 812 3665 869 antea
3729 823 3928 886 quum
3993 798 4075 865 de
4139 799 4389 865 ratione
4449 819 4646 866 rerum

2724 909 3044 968 mearum,
3088 897 3231 953 tum
3277 890 3475 953 etiam
3519 888 3598 953 de
3641 896 3819 954 statu
3852 887 4049 952 huius
4094 885 4399 952 ecclesiae
4441 907 4646 951 nnme-

2725 994 2934 1058 roque
2990 972 3463 1057 discipulorum
3518 972 3806 1057 quotidie
3860 979 4287 1039 accrescente.
4375 970 4647 1038 Novissi-

2670 1125 2677 1166 Ι
2726 1081 2868 1126 mas
2945 1058 3203 1144 quidem
3288 1058 3511 1125 literas
3529 1112 3544 1136 ,
3623 1059 3860 1144 quibus
3932 1058 4270 1140 Tuffanum
4344 1057 4647 1141 gymnasii

2671 1185 2678 1240 l
2726 1145 3285 1211 Narbo-Lutetiae
3310 1150 3362 1222 ¹)
3405 1146 3793 1230 primarium
3841 1144 3959 1211 tibi
3998 1142 4465 1221 commendavi,
4507 1153 4647 1225 puto

2671 1245 2676 1284 ³
2725 1232 2845 1298 tibi
2889 1231 2973 1297 ab
3016 1251 3092 1297 eo
3135 1229 3426 1297 redditas
3468 1252 3627 1297 esse.
3715 1231 3911 1297 Nunc
3943 1227 4314 1295 huiusmodi
4359 1248 4460 1293 res
4500 1228 4648 1293 acci-

2671 1361 2677 1408 3
2728 1317 2842 1396 dit,
2883 1337 3080 1402 quam
3125 1327 3202 1381 tu
3245 1338 3362 1400 pro
3407 1317 3726 1402 singulari
3782 1317 3854 1381 in
3897 1316 4236 1382 ecclesiam
4281 1325 4394 1379 tua
4433 1313 4647 1378 volun·

2670 1417 2678 1492 ξ
2727 1411 2882 1482 tate,
2923 1424 3111 1482 cura,
3169 1401 3602 1469 sollicitudine
3641 1404 3951 1488 ignorare
3999 1401 4177 1467 nullo
4223 1400 4410 1465 modo
4454 1398 4647 1464 debes.

2671 1509 2676 1558 :
2727 1490 2983 1554 Vereor
3025 1489 3204 1553 enim
3263 1510 3346 1554 ne
3407 1489 3702 1574 neglecta
3759 1509 3799 1553 a
3852 1488 4043 1555 nobis
4108 1505 4430 1552 summam
4489 1482 4648 1549 verbi

2669 1565 2677 1658 1
2725 1573 3283 1658 perturbationem
3317 1595 3666 1658 rerumque
3700 1575 3993 1639 omnium
4029 1573 4469 1637 confusionem
4509 1570 4648 1633 affe·

2724 1669 2847 1725 rat.
2935 1659 3073 1726 Res
3119 1662 3137 1724 i
3191 1663 3323 1724 ’tur
3367 1659 3737 1725 huiusmodi
3783 1668 3911 1725 est:
3961 1663 4332 1742 Antequam
4379 1677 4493 1740 ego
4535 1655 4646 1718 huc

2723 1747 3087 1822 venissem,
3205 1766 3318 1811 aec
3374 1744 3771 1811 consuetudo
3816 1746 3886 1809 in
3931 1745 4053 1811 hac
4097 1744 4366 1810 civitate
4407 1743 4522 1807 fuit
4561 1742 4648 1804 in-

2724 1831 3052 1910 troducta,
3112 1841 3188 1896 ut
3232 1831 3532 1897 homines
3583 1832 3679 1915 pii
3725 1833 3979 1915 vesperi
4035 1839 4186 1914 post
4239 1849 4502 1895 coenam
4543 1846 4648 1908 pu·

2723 1916 2892 1983 blice
2935 1927 3247 1982 canerent
3282 1917 3566 2000 psalmos
3603 1918 3980 1983 incedentes
4024 1938 4141 2000 per
4184 1935 4410 1981 omnes
4453 1921 4649 1995 partes

2723 2021 2798 2068 ac
2841 2004 3139 2087 regiones
3182 2004 3393 2069 urbis:
3453 2002 3626 2086 quod
3684 2024 3805 2087 ego
3860 2023 4062 2086 quum
4105 2002 4430 2066 venissem
4473 2007 4647 2080 atque

2722 2088 2917 2153 istam
2964 2089 3369 2171 provinciam
3412 2090 3874 2172 suscepissem,
3933 2089 4056 2153 etsi
4100 2107 4233 2152 non
4279 2101 4648 2168 magnopere

2721 2172 3074 2256 probabam
3096 2227 3111 2252 ‚
3172 2182 3391 2239 tamen
3450 2175 3593 2239 fieri
3635 2195 3864 2258 passus
3908 2194 4078 2250 sum,
4122 2182 4464 2258 propterea
4496 2165 4649 2252 quod

2721 2260 2866 2325 sine
2907 2260 3275 2343 petulantia
3327 2271 3520 2343 atque
3573 2259 3982 2327 immodestia
4039 2260 4182 2325 fieri
4242 2257 4578 2323 videbatur
4614 2271 4649 2317 a

2721 2346 2946 2429 paucis
2963 2397 2979 2424 ,
3033 2346 3146 2428 qui
3203 2347 3364 2411 satis
3421 2366 3691 2430 gravem
3750 2355 4132 2413 concentum
4177 2341 4646 2410 conservabant.

2720 2431 2961 2497 Postea
3003 2452 3137 2496 una
3181 2452 3328 2496 cum
3374 2444 3668 2514 temporo
3707 2429 4094 2515 dierumque
4143 2432 4397 2496 ratione
4440 2427 4520 2493 ad
4555 2444 4648 2490 ca-

2721 2516 3013 2582 nendum
3057 2517 3268 2601 magis
3334 2518 3724 2600 tempestiva
3781 2516 4132 2582 multitudo
4188 2517 4285 2580 ita
4327 2512 4545 2586 crevit,
4583 2523 4648 2574 ut

2718 2602 2944 2686 plures
2997 2624 3193 2686 quam
3250 2612 3509 2669 centum
3570 2625 3704 2668 uno
3770 2606 4205 2686 continuoque
4249 2601 4535 2686 agmine:
4575 2593 4647 2691 ab

2719 2688 3085 2767 Athenaeo,
3129 2689 3197 2752 in
3242 2708 3372 2772 quo
3416 2699 3515 2755 est
3558 2689 3956 2754 confluentia
3976 2689 4207 2754 Araris
4250 2700 4321 2753 et
4342 2682 4646 2755 Rhodam.

2720 2795 2927 2856 usque
2970 2773 3054 2838 ad
3097 2775 3445 2841 interiores
3508 2775 3691 2840 urbis
3749 2783 3969 2857 partes
4027 2775 4322 2839 maxima
4364 2790 4515 2839 voce
4554 2787 4648 2830 oa-

2719 2868 2949 2926 nentes
2991 2881 3067 2926 ac
3107 2859 3593 2926 inambulantes
3633 2862 4072 2943 pervenirent.
4139 2860 4374 2943 Itaque
4415 2878 4491 2922 ea
4521 2863 4648 2918 tum

2717 2965 2827 3011 res
2871 2944 3036 3010 mihi
3075 2945 3442 3028 periculosa
3485 2946 3628 3011 visa
3684 2955 3753 3011 et
3790 2946 3873 3012 ad
3918 2946 4283 3013 maximam
4326 2943 4648 3011 hominum

2718 3031 3145 3098 offensionem
3190 3029 3694 3111 accommodata,
3709 3032 3768 3115 2)
3812 3032 3986 3116 quod
4027 3054 4157 3100 non
4205 3033 4422 3099 solum
4463 3023 4648 3122 signi-

2716 3117 3090 3183 ficationem
3135 3117 3405 3184 haberet
3447 3118 3530 3183 ad
3573 3124 3833 3185 nostros
3875 3127 4100 3186 coetus
4157 3119 4444 3185 occultos
4495 3108 4648 3178 ind1-

2717 3202 2959 3269 candos
2992 3201 3185 3268 valde
3219 3212 3458 3289 aptam,
3506 3225 3735 3271 verum
3778 3204 3978 3270 etiam
4021 3205 4307 3287 speciem
4350 3203 4648 3267 illustrem

2715 3309 2878 3373 prae
2920 3309 2992 3355 se
3034 3289 3235 3355 ferret
3287 3291 3750 3356 coniurationis
3800 3291 4247 3376 maximopere
4291 3285 4649 3355 invidiosae·

2716 3375 2893 3440 Huic
2937 3374 3227 3459 periculo
3271 3383 3375 3442 est
3416 3375 3726 3442 adiuncta
3769 3374 4149 3443 deformitas
4194 3397 4270 3441 ac
4316 3365 4647 3457 turpitudo,

2717 3460 2974 3527 Ohristi
3014 3461 3143 3526 Dei
3185 3461 3396 3527 nostri
3438 3469 3506 3526 et
3547 3462 3813 3529 nomine
3856 3470 3924 3527 et
3965 3461 4201 3546 spiritu
4244 3460 4533 3545 indigna,
4575 3472 4651 3515 ex

2715 3545 3001 3631 quodam
3023 3567 3262 3630 genere
3289 3547 3627 3613 hominum
3649 3547 3849 3632 plane
3876 3550 4345 3632 epicureorum,
4391 3555 4651 3630 quorum

2717 3632 3163 3715 impurissimo
3204 3633 3276 3698 in
3317 3654 3430 3698 ore
3464 3633 3909 3716 pulcherrima
3951 3634 4097 3700 laus
4116 3634 4245 3699 Dei
4289 3630 4498 3700 nostri
4529 3641 4648 3691 non

2716 3717 2989 3784 honeste
3029 3717 3388 3802 decoreque
3420 3727 3740 3787 versatur.
3810 3721 3912 3786 'l'n
3954 3720 4127 3788 nosti
4170 3719 4376 3786 vitam
4421 3732 4650 3782 mores-

2716 3825 2843 3888 que
2884 3803 3464 3888 typographorum,
3510 3826 3705 3889 quam
3740 3807 3876 3872 sint
3910 3805 4229 3884 dissoluti,
4273 3803 4648 3890 petulantes,

2718 3887 2804 3955 ad
2845 3890 3065 3956 omnia
3103 3891 3352 3975 flagitia
3391 3890 3840 3977 maleficisque
3874 3892 4144 3976 proiecti
4178 3913 4254 3958 ac
4289 3892 4485 3976 plane
4518 3905 4654 3981 perf

2719 3973 2857 4040 diti.
2919 3975 3172 4041 Eorum
3208 3978 3536 4043 neminem
3579 3978 3648 4043 in
3691 3985 3881 4043 coetu
3915 3986 4142 4045 nostro
4182 3997 4474 4064 unquam
4509 3973 4574 4037 vi
4734 3985 4741 3994 '

2719 4061 2956 4144 Itaque
2998 4062 3225 4128 monui
3270 4073 3544 4139 nostros,
3587 4065 3700 4147 qui
3736 4064 4039 4130 timorem
4071 4065 4199 4130 Dei
4241 4065 4548 4136 retinent,
4589 4067 4656 4119 ut

2721 4147 2846 4213 sibi
2892 4147 2973 4213 ab
3017 4167 3094 4213 eo
3139 4147 3484 4213 hominum
3527 4169 3767 4232 genere
3804 4159 4117 4220 caverent
4159 4172 4237 4216 ao
4278 4151 4477 4234 plane
4518 4143 4655 4209 abs-

2724 4233 3026 4300 tinerent.
3132 4233 3240 4299 Ita
3294 4234 3624 4315 fecerunt,
3700 4235 3815 4301 sed
3871 4244 4097 4302 tamen
4153 4237 4247 4302 ita
4289 4248 4656 4320 persevera-

2722 4328 2883 4384 runt
2937 4320 3007 4385 in
3064 4318 3325 4403 publica
3377 4320 3494 4385 illa
3550 4321 3886 4401 cantione,
3940 4331 4015 4388 ut
4064 4324 4412 4390 canonicos
4468 4316 4656 4384 vehe-

2724 4416 2983 4471 menter
3019 4406 3490 4485 exacerbarint,
3543 4417 3609 4471 et
3651 4408 4131 4493 magistratum,
4174 4410 4288 4491 qui
4331 4415 4525 4475 antea
4561 4421 4658 4468 ca-

2727 4491 2930 4557 nendi
2962 4491 3473 4557 moderationem
3507 4494 3942 4575 permittebat,
3976 4496 4044 4559 in
4080 4515 4231 4559 eum
4269 4503 4519 4559 metum
4553 4482 4658 4553 ad-

2724 4578 3065 4656 duxerint,
3121 4581 3212 4641 ut·
3255 4578 3463 4642 edicto
3520 4580 3700 4663 regio
3754 4581 3873 4646 hos
3917 4580 4202 4663 psalmos
4242 4572 4655 4662 prohibuerit.

2721 4664 2868 4749 Ego
2911 4661 3176 4746 quidem
3222 4684 3399 4729 meos
3440 4666 3617 4729 omni
3662 4687 3789 4749 qua
3831 4667 4009 4749 potui
4052 4666 4306 4731 ratione
4347 4660 4565 4731 monui
4598 4665 4661 4721 et

2721 4751 3002 4833 repressi
3047 4757 3245 4831 atque
3280 4750 3362 4814 ab
3395 4748 3511 4815 illa
3550 4750 4018 4817 consuetudine
4051 4773 4184 4816 non
4217 4752 4510 4828 honesta,
4549 4762 4658 4840 not}

2723 4835 2877 4902 huic
2920 4836 3204 4917 tempori
3244 4836 3727 4902 accommodata
3761 4839 4084 4914 revocavi,
4124 4837 4238 4904 sed
4274 4827 4661 4922 typographl

2724 4922 2966 5005 aliique
3010 4920 3292 4987 audaces
3337 4922 3619 4990 artifices
3653 4930 3916 4988 tantum
3961 4923 4142 4989 abest
4185 4931 4262 4989 ut
4315 4922 4526 4988 edicto
4565 4934 4662 4979 re-

2726 5007 2833 5091 gio
2877 5005 3407 5090 obtemperarint,
3454 5017 3528 5072 ut
3570 5009 3813 5074 maiore
3856 5007 4132 5075 canendi
4178 5008 4446 5075 libidine
4489 5021 4664 5071 exar-

2729 5166 3134 5174 0-0——-—.——-—-—-

2728 5248 2889 5303 1511.
2943 5249 2996 5312 1)
3033 5248 3393 5303 narbo-lutiae
3427 5249 3496 5302 B.

2935 5317 2998 5384 2)
3033 5318 3416 5387 autoyruphon
3447 5316 3631 5374 habet:
3666 5318 4135 5372 accommodatam.
