4900 6167
598 425 721 488 183

597 611 787 679 tione
830 609 1057 676 variae
1099 614 1169 675 et
1208 606 1605 692 multiplices
1646 606 1810 674 adeo
1851 606 2141 672 rationes
2184 613 2555 685 occurrunt,

600 706 682 764 ut
723 717 856 762 non
899 695 1062 762 satis
1117 694 1514 762 constituere
1572 694 1812 777 possim
1868 691 2169 759 feliciane
2223 713 2302 758 ea
2340 693 2556 775 potius

602 805 681 850 ac
723 783 915 849 beata
956 801 1150 865 quam
1188 782 1448 846 funesta
1480 788 1546 845 et
1581 778 1957 848 calamitosa
1991 776 2204 844 dicere
2238 784 2552 862 oporteat.

604 869 781 936 Nam
823 868 880 935 si
922 888 1030 933 res
1062 868 1240 949 ipsas
1283 877 1556 951 spectes,
1601 885 1881 947 quarum
1916 865 2197 949 cognitio
2234 863 2558 947 prioribus

603 953 881 1022 saeculis
923 952 1181 1036 sepulta
1221 971 1401 1017 nunc
1443 959 1548 1017 est
1598 951 1671 1015 in
1714 950 1930 1016 lucem
1986 959 2315 1028 revocata,
2374 950 2556 1032 equi-

598 1041 755 1107 dem
800 1039 925 1105 hoc
966 1037 1129 1103 mihi
1173 1038 1501 1103 affirmare
1560 1057 1748 1120 posse
1791 1035 2044 1117 videor,
2110 1036 2223 1103 vix
2266 1056 2555 1120 unquam

604 1127 678 1192 in
720 1125 997 1192 clariore
1039 1121 1557 1207 expetendarum
1615 1122 1907 1188 omnium
1970 1143 2191 1188 rerum
2245 1121 2394 1188 luce
2437 1121 2555 1186 ho-

601 1212 817 1278 mines
869 1230 1013 1276 esse
1054 1216 1368 1276 versatos.
1465 1206 1590 1274 Sin
1657 1229 1884 1274 eorum
1926 1210 2037 1290 qui
2091 1228 2268 1273 nunc
2320 1207 2559 1273 vivunt

608 1299 864 1364 animos
908 1304 976 1361 et
1017 1295 1392 1361 voluntates
1436 1315 1585 1360 cum
1628 1315 1853 1360 eorum
1891 1293 2122 1360 studiis
2156 1293 2557 1377 compararis

607 1404 768 1466 quoe
832 1380 1024 1465 pueri
1080 1401 1270 1446 senes
1328 1380 1648 1458 vidimus,
1714 1379 2023 1445 fateberis
2089 1380 2375 1462 profecto
2432 1378 2556 1444 hoc

606 1467 868 1535 saeculo
912 1467 1135 1533 orbem
1179 1474 1502 1531 terrarum
1568 1485 1701 1530 non
1760 1474 1895 1530 tam
1941 1464 2317 1532 hominibus
2360 1485 2557 1548 quam

605 1551 1103 1620 immanissimis
1161 1549 1391 1618 belluis
1445 1552 1763 1634 occupari.
1864 1549 2000 1617 Sed
2056 1551 2223 1616 istae
2280 1551 2555 1616 fortasse

605 1649 865 1706 veteres
910 1648 1066 1704 sunt
1108 1638 1430 1720 querelae,
1476 1636 1730 1703 utinam
1774 1636 2037 1720 quidem
2084 1636 2298 1702 falsae.
2379 1634 2556 1701 Illud

604 1733 709 1791 est
740 1724 955 1809 potius
990 1721 1468 1802 admirandum,
1511 1723 1670 1788 adeo
1706 1742 1849 1788 esse
1882 1721 2345 1799 incredibilem,
2394 1721 2553 1787 adeo

602 1818 1007 1877 constantem
1051 1810 1179 1875 Dei
1223 1830 1381 1893 erga
1422 1828 1541 1875 nos
1583 1829 1907 1888 amorem,
1952 1816 2026 1873 ut
2067 1829 2194 1891 quo
2238 1815 2390 1874 sunt
2437 1809 2553 1873 ho-

604 1897 818 1963 mines
860 1895 1072 1980 magis
1115 1895 1380 1993 ingrati,
1424 1894 1789 1972 inhumani,
1834 1895 1977 1974 feri,
2022 1914 2098 1959 eo
2137 1894 2277 1978 ipse
2320 1895 2386 1959 in
2432 1915 2553 1959 nos

600 1982 848 2048 maiore
913 1981 1001 2047 sit
1063 1981 1495 2064 bemgnitate,
1563 1980 1941 2046 clementia:
2013 1979 2217 2045 multo
2274 1979 2553 2063 denique

600 2070 691 2134 sit
743 2069 813 2132 in
870 2066 1057 2133 nobis
1113 2066 1377 2132 tuendis
1434 2066 1953 2150 perseverantior
2010 2076 2076 2131 et
2132 2067 2550 2144 constantior,

651 2172 807 2218 uam
851 2174 970 2220 nos
1013 2154 1081 2219 in
1138 2153 1252 2218 illo
1305 2150 1609 2218 violando
1664 2151 1989 2218 obfirmati
2047 2163 2113 2215 et
2167 2153 2550 2235 pertinaces.

604 2176 800 2321 Quae
843 2260 950 2304 res
994 2259 1195 2321 quum
1231 2239 1526 2303 omnium
1570 2238 1978 2305 saeculorum
2021 2237 2413 2303 testimoniis
2457 2237 2553 2302 fa-

604 2325 728 2392 cile
771 2326 1230 2402 confirmatur,
1288 2333 1354 2388 et
1393 2324 1537 2390 eius
1582 2324 1989 2407 potissimum
2047 2322 2359 2406 temporis
2416 2344 2553 2388 me-

608 2411 815 2477 moria
857 2432 984 2495 quo
1027 2410 1404 2494 unigenitus
1449 2410 1576 2474 Dei
1629 2410 1802 2475 filius
1846 2408 1928 2475 ad
1986 2430 2107 2474 nos
2163 2408 2555 2475 descendere

603 2497 911 2580 dignatus
954 2507 1085 2573 est,
1141 2507 1284 2561 tum
1327 2495 1409 2560 iis
1451 2495 1639 2562 facile
1682 2503 1897 2579 potest
1938 2495 2347 2579 comprobari
2388 2515 2554 2578 quae

600 2584 673 2648 in
719 2582 906 2648 nobis
951 2602 1178 2647 omnes
1236 2581 1493 2665 experti
1554 2602 1797 2647 sumus.
1889 2579 2150 2662 Quaeso
2215 2582 2428 2659 enim,
2496 2580 2554 2644 si

602 2678 971 2733 anteactam
1016 2668 1223 2732 vitam
1270 2675 1558 2732 nostram
1604 2666 2054 2745 recordemur,
2100 2668 2213 2750 qui
2254 2664 2550 2732 fuimus?

602 2753 867 2837 quantis
912 2754 983 2817 in
1027 2751 1316 2817 tenebris
1358 2752 1663 2818 educati?
1728 2763 1976 2836 quanta
2030 2753 2267 2819 imbuti
2324 2772 2553 2834 super-

602 2839 908 2905 stitione?
988 2858 1117 2922 qua
1190 2838 1528 2921 impietate
1601 2838 2073 2905 contaminati?
2174 2839 2265 2903 Et
2330 2847 2554 2904 tamen

600 2924 723 2990 has
764 2923 1070 2990 tenebras
1113 2924 1440 2990 Dominus
1505 2945 1581 2989 eo
1624 2927 1907 2989 maximo
1952 2935 2239 3008 tempore
2283 2945 2323 2989 a
2366 2924 2554 2990 nobis

604 3009 875 3093 dispulit
918 3031 1045 3093 quo
1091 2995 1533 3093 desperatiora
1575 3011 1796 3076 omnia
1836 3009 2124 3076 fuerunt.
2208 3010 2399 3075 Nunc
2443 3032 2554 3075 au-

603 3106 737 3162 tem
781 3096 895 3180 qui
938 3094 1213 3161 sumus?
1280 3116 1481 3179 quam
1516 3097 1585 3161 in
1630 3097 1845 3162 Deum
1892 3096 2181 3181 ing-rati?
2241 3117 2436 3179 quam
2479 3096 2551 3160 in

600 3201 722 3248 nos
777 3180 1119 3248 crudeles?
1191 3202 1387 3265 quam
1456 3180 1806 3249 sceleribus
1862 3182 2162 3249 omnibus
2227 3179 2552 3264 cooperti?

602 3285 800 3350 quam
837 3265 1087 3350 perfidi,
1131 3268 1186 3332 si
1222 3288 1461 3350 paucos
1496 3269 1800 3351 excipias,
1836 3268 2136 3334 veritatis
2170 3265 2551 3349 proditores,

598 3352 708 3420 vel
750 3361 928 3419 certe
969 3351 1054 3417 ad
1096 3353 1377 3436 primam
1416 3354 1655 3420 obiecti
1694 3353 1966 3435 periculi
2001 3353 2282 3435 speciem
2325 3353 2551 3418 exani-

602 3437 808 3504 mati?
896 3438 990 3503 Et
1031 3447 1255 3504 tamen
1301 3458 1569 3505 cernere
1613 3460 1954 3522 possumus
1998 3438 2193 3503 etiam
2234 3438 2448 3517 inviti,
2495 3439 2547 3505 si

602 3524 827 3592 oculos
872 3525 1223 3603 habemus,
1270 3525 1541 3589 Domini
1586 3524 1710 3589 Dei
1755 3524 1963 3590 nostri
2007 3545 2138 3589 non
2180 3524 2371 3591 modo
2414 3545 2550 3590 non

601 3613 1023 3676 immutatum
1082 3629 1242 3694 erga
1300 3630 1421 3676 nos
1480 3610 1806 3688 animum,
1869 3609 1982 3675 sed
2042 3611 2550 3677 constantiorem

605 3698 803 3762 etiam
848 3717 993 3763 esse
1037 3696 1473 3775 voluntatem,
1518 3715 1666 3760 cum
1710 3696 2029 3780 singulari
2073 3704 2140 3762 et
2182 3695 2552 3763 incredibili

603 3784 921 3866 patientia
962 3784 1396 3850 coniunctam.
1468 3780 1840 3847 Dolendum
1886 3791 1986 3847 est
2027 3782 2312 3864 profecto
2356 3783 2436 3848 iis
2477 3782 2549 3846 in

603 3867 765 3934 locis
812 3868 1063 3933 boantis
1105 3867 1508 3934 Antichristi
1566 3866 2005 3950 blasphemias
2062 3868 2134 3932 in
2176 3869 2381 3932 filium
2418 3865 2549 3933 Dei

604 3951 923 4030 exaudiri,
967 3954 1041 4016 in
1084 3954 1320 4036 quibus
1363 3952 1559 4036 paulo
1603 3962 1755 4018 ante
1796 3952 2283 4019 clementissimi
2326 3962 2547 4036 pasto-

604 4041 698 4105 ris
743 4037 1019 4104 blandae
1055 4059 1242 4104 voces
1280 4037 1702 4104 resonabant:
1749 4038 1828 4104 de
1864 4059 1992 4121 qua
2044 4041 2548 4105 commutatione

606 4126 751 4191 sine
797 4144 1053 4188 summo
1093 4125 1340 4207 gemitu
1386 4145 1473 4189 ne
1515 4124 1783 4209 cogitari
1828 4124 2090 4208 quidem
2125 4144 2166 4188 a
2200 4125 2386 4190 bonis
2430 4145 2539 4207 poÎ‡

605 4219 751 4276 test.
841 4208 976 4275 Sed
1019 4207 1474 4275 admirandum
1519 4211 1589 4275 in
1633 4232 1711 4275 ea
1753 4231 1825 4276 re
1870 4211 1996 4275 Dei
2040 4210 2384 4277 consilium
2427 4218 2546 4288 est,

604 4297 713 4380 qui
735 4294 853 4359 filii
882 4297 1159 4379 regnum
1185 4294 1306 4362 hoc
1340 4295 1641 4378 inprimis
1676 4296 1866 4361 modo
1903 4296 2111 4361 voluit
2143 4297 2546 4363 confirmare.

605 4380 879 4447 Animos
913 4381 1092 4446 enim
1128 4389 1321 4446 antea
1354 4379 1542 4446 nobis
1574 4381 1897 4447 faciebant
1930 4380 2338 4465 quorundam
2374 4382 2551 4465 prin-

604 4469 821 4551 cipum
864 4467 1337 4550 civitatumque
1379 4466 1680 4531 foedera:
1737 4490 1916 4534 nunc
1961 4489 2161 4551 quum
2207 4466 2368 4535 haec
2410 4469 2549 4533 fere

605 4549 929 4637 praesidia
971 4574 1091 4618 nos
1134 4551 1486 4617 fefellerint
1528 4552 1698 4635 quod
1743 4563 1937 4618 antea
1975 4553 2110 4619 solo
2151 4554 2405 4638 impetu
2449 4555 2547 4618 vi-

602 4639 745 4706 deri
787 4646 1163 4722 poteramus
1206 4638 1469 4720 fecisse,
1529 4648 1705 4703 certo
1748 4640 1949 4704 animi
1994 4638 2231 4705 iudicio
2276 4660 2395 4705 nos
2453 4641 2546 4704 fa-

601 4746 768 4803 cere,
813 4731 888 4788 ut
930 4744 1136 4806 spero,
1183 4722 1330 4790 boni
1375 4745 1601 4790 omnes
1643 4724 2133 4791 existimabunt.
2223 4723 2401 4806 Quid
2444 4726 2545 4790 in-

596 4812 790 4878 terim
834 4809 1329 4876 Antichristus?
1416 4810 1705 4876 Miratur
1745 4810 2090 4888 nimirum,
2158 4831 2361 4892 quum
2403 4831 2546 4877 sese

600 4919 792 4963 nemo
835 4897 968 4961 fere
1008 4896 1380 4962 mortalium
1424 4906 1737 4980 opponat,
1785 4917 1903 4962 cur
1947 4905 2081 4961 tam
2127 4917 2362 4979 parum
2403 4897 2545 4980 ipse

592 4990 996 5066 promoveat.
1066 4981 1270 5048 Videt
1306 4982 1546 5048 multos
1589 5004 1629 5047 a
1664 4979 1947 5049 Domino
1986 4980 2279 5049 Davides
2322 4982 2544 5049 ovium

597 5080 896 5152 pastores
937 5069 1271 5145 excitatos,
1317 5069 1431 5150 qui
1476 5068 1634 5134 nudi
1670 5066 1936 5135 abiectis
1980 5067 2204 5136 Saulis
2237 5089 2368 5134 non
2404 5077 2544 5134 tam

600 5154 802 5218 armis
878 5175 1075 5237 quam
1146 5153 1628 5236 impedimentis
1705 5154 2022 5221 adversus
2092 5153 2544 5237 blasphemum

600 5239 872 5304 Goliath
917 5240 1269 5306 decertent.
1360 5238 1520 5306 Sola
1561 5240 1659 5304 illi
1704 5261 1888 5316 voce,
1935 5240 2074 5307 solo
2107 5240 2356 5307 calamo
2400 5249 2543 5306 tan-

598 5343 795 5406 quam
840 5324 1041 5391 funda
1083 5327 1220 5408 usi,
1284 5335 1360 5392 ut
1399 5326 1556 5392 olim
1597 5325 1819 5392 Moses
1877 5326 1986 5392 ille
2038 5327 2300 5393 infirma
2355 5327 2547 5411 virga

2109 415 2637 486 EPISTOLAE
2686 418 3103 487 1583â€”1535

4485 421 4606 482 184

2657 605 2974 673 adversus
3017 606 3542 689 potentissimum
3585 603 4004 674 Pharaonem
4019 656 4038 685 â€š
4094 604 4377 689 lapidem
4421 604 4612 674 illum

2660 691 3074 843 angularem,
3131 700 3386 776 petram
3429 690 3806 758 offendiculi
3847 691 4243 757 iaculantur:
4301 713 4436 776 qua
4477 714 4613 760 non

2660 777 2750 846 du
2791 777 2929 843 ium
2974 786 3076 844 est
3129 786 3453 863 tyrannos
3507 797 3737 844 omnes
3795 777 3908 861 qui
3950 776 4098 844 Deo
4141 777 4295 844 vivo
4337 777 4614 845 maledi-

2659 863 2880 929 xerint
2922 863 3146 930 statim
3189 884 3332 931 esse
3372 865 3790 930 corruituros.

2835 949 3030 1029 Quod
3077 955 3149 1014 nt
3190 950 3284 1015 ita
3326 950 3468 1016 fore
3510 950 3786 1034 speretis
3803 1001 3819 1029 ,
3871 972 3956 1016 en
4015 949 4198 1016 vobis
4252 950 4612 1027 offerimus,

2660 1033 3002 1102 christiani
3037 1034 3330 1115 lectores,
3352 1034 3439 1101 D.
3463 1034 3732 1102 Ioannis
3758 1035 4009 1103 Calvini
4049 1036 4122 1100 in
4165 1056 4393 1102 omnes
4413 1036 4615 1104 Pauli

2660 1121 2966 1204 epistolas
3044 1130 3239 1205 atque
3304 1123 3503 1187 etiam
3565 1122 3634 1187 in
3700 1121 4038 1205 epistolam
4118 1122 4199 1186 ad
4267 1122 4616 1190 Hebraeos

2659 1208 3222 1273 commentarium.
3316 1206 3564 1273 Calvini
3607 1208 3749 1274 dico
3765 1259 3782 1287 ,
3846 1208 4031 1274 cuius
4075 1217 4140 1273 et
4182 1207 4499 1290 pietatem
4544 1219 4618 1274 et

2661 1292 3092 1358 eruditionem
3115 1293 3534 1377 singularem,
3572 1314 3772 1376 quum
3807 1294 3965 1360 satis
4001 1293 4291 1359 habeatis
4312 1313 4618 1378 perspec-

2660 1387 2832 1459 tam,
2894 1378 3018 1443 hoc
3060 1375 3200 1444 loco
3241 1398 3373 1443 non
3416 1379 3950 1446 commemorabo.
4040 1380 4328 1444 Tantum
4371 1378 4614 1458 dicam,

2660 1485 2794 1529 non
2837 1472 2975 1530 tam
3009 1485 3128 1549 pro
3187 1485 3334 1530 mea
3373 1466 3445 1529 in
3501 1464 3686 1530 illum
3742 1465 4154 1532 observantia
4211 1477 4326 1530 aut
4389 1467 4615 1549 potius

2654 1551 2920 1635 pietate,
2967 1572 3097 1633 qua
3140 1551 3281 1616 iure
3324 1551 3537 1634 ipsum
3584 1560 3893 1634 tanquam
3927 1559 4181 1633 patrem
4217 1573 4257 1616 a
4296 1572 4422 1634 quo
4456 1572 4615 1620 sum

2655 1637 2727 1700 in
2770 1635 3035 1702 Christo
3080 1638 3343 1720 genitus
3384 1637 3663 1720 suspicio
3716 1645 3786 1701 et
3842 1636 4228 1721 amplector,
4294 1658 4490 1719 quam
4538 1649 4619 1706 ut

2657 1720 2868 1788 fatear
2910 1721 2977 1786 id
3022 1720 3195 1806 quod
3239 1743 3345 1788 res
3389 1732 3520 1800 est,
3580 1722 3687 1787 vel
3730 1722 3853 1789 hoc
3912 1744 4040 1789 uno
4099 1722 4362 1788 homine
4421 1724 4617 1789 salvo

2657 1828 2792 1873 non
2836 1806 3211 1873 defuturum
3255 1808 3563 1875 ecclesiae
3608 1808 3733 1873 Dei
3789 1808 3904 1892 qui
3959 1809 4260 1875 omnibus
4311 1810 4617 1876 omnium

2656 1894 2946 1959 hostium
2990 1894 3329 1960 conatibus
3393 1915 3541 1960 cum
3596 1901 3775 1959 certa
3828 1914 3944 1976 spe
4003 1895 4310 1961 victoriae
4363 1896 4616 1979 opponi

2656 1981 2878 2063 possit.
2951 1980 3054 2044 De
3092 1979 3215 2048 hoc
3257 1987 3477 2044 autem
3521 2000 3715 2062 opere
3755 1979 3911 2063 quid
3948 1979 4204 2046 dicam?
4275 1981 4400 2045 Est
4441 1979 4618 2046 illud

2655 2065 2916 2148 quidem
2962 2085 3201 2150 magna
3243 2087 3327 2131 ex
3371 2073 3555 2148 parte
3590 2086 3631 2130 a
3670 2066 3869 2145 vobis,
3919 2075 3993 2130 ut
4024 2067 4271 2149 opinor,
4318 2065 4618 2132 studiose

2658 2151 3037 2235 perlectum.
3118 2150 3349 2235 Itaque
3392 2173 3528 2216 non
3566 2148 3790 2216 dubito
3827 2173 3943 2218 vos
3977 2155 4311 2236 integrum
4354 2152 4425 2217 id
4463 2173 4618 2218 cor-

2657 2259 2783 2319 pus
2819 2257 2962 2302 esse
2996 2237 3397 2322 probaturOS,
3439 2237 3627 2303 cuius
3663 2236 3846 2303 vobis
3881 2236 4193 2314 membra,
4230 2258 4616 2321 quanquam

2656 2322 2984 2389 disiuncta
3040 2332 3105 2388 et
3149 2322 3437 2399 divulsa,
3497 2331 3832 2405 tantopere
3883 2324 4285 2408 placuerunt.
4373 2324 4468 2391 Ut
4513 2326 4616 2394 in-

2655 2409 2850 2476 terim
2889 2417 3140 2474 taceam
3163 2409 3373 2473 multa
3395 2408 3624 2475 multis
3645 2408 3802 2475 locis
3846 2419 3915 2474 et
3957 2410 4247 2476 auctiora
4282 2420 4346 2474 et
4380 2431 4615 2476 emen-

2656 2493 2908 2560 datiora
2949 2515 3092 2560 esse
3129 2495 3328 2574 facta,
3372 2493 3584 2560 multa
3627 2515 3880 2578 quoque
3923 2496 4187 2580 penitus
4229 2517 4406 2561 nova
4451 2496 4616 2562 huic

2665 2581 2849 2665 operi
2892 2578 3166 2660 adiecta,
3221 2601 3386 2663 quae
3429 2581 3498 2644 in
3543 2578 3874 2663 publicum
3920 2580 4132 2646 adhuc
4175 2602 4306 2646 non
4351 2580 4616 2664 prodie-

2656 2677 2830 2730 runt.
2918 2666 3151 2749 Itaque
3207 2686 3410 2749 quum
3467 2686 3543 2729 eo
3607 2665 3899 2731 nondum
3965 2668 4168 2734 simus
4225 2665 4471 2734 redacti
4539 2681 4618 2734 ut

2659 2752 2850 2818 nudis
2913 2749 3449 2834 promissionibus
3508 2773 3628 2817 nos
3673 2752 3993 2818 Dominus
4055 2761 4377 2819 sustentet
4429 2756 4615 2837 (qui-

2659 2839 2780 2903 bus
2829 2849 3052 2904 tamen
3093 2857 3381 2903 summos
3416 2836 3560 2902 illos
3594 2839 3996 2920 patriarchas
4032 2845 4368 2905 contentos
4402 2840 4617 2905 fuisse

2657 2928 2943 3006 constat)
2960 2974 2977 3003 ,
3037 2923 3150 2988 sed
3209 2923 3384 2988 clara
3428 2931 3767 3006 praeterea
3809 2934 3877 2987 et
3920 2925 4264 2990 manifesta
4320 2925 4615 2990 benevo-

2655 3009 2895 3075 lentiae
2939 3009 3066 3074 Dei
3131 3029 3288 3093 erga
3343 3030 3463 3075 nos
3507 3010 3697 3093 signa
3739 3009 3805 3073 in
3865 3031 3940 3074 eo
3996 3029 4371 3088 cernamus,
4428 3011 4616 3093 quod

2658 3095 2866 3162 victor
2908 3094 3137 3171 etiam,
3199 3104 3270 3160 ut
3324 3093 3451 3159 sibi
3492 3093 3755 3176 quidem
3811 3095 4110 3173 videtur,
4152 3096 4616 3161 Antichristus
4669 3105 4688 3132 Â³

2655 3202 2965 3247 romanus
3009 3190 3144 3246 tam
3183 3200 3424 3264 parum
3478 3180 3692 3245 adhuc
3736 3181 4093 3263 promovit,
4152 3191 4230 3246 ut
4286 3182 4616 3246 translata

2655 3268 2869 3351 potius
2913 3266 3042 3332 alio
3085 3274 3151 3331 et
3195 3267 3299 3332 his
3344 3266 3540 3332 etiam
3583 3266 3652 3330 in
3696 3266 3851 3332 locis
3885 3266 4297 3333 constabilita
4330 3268 4615 3334 ecclesia

2654 3375 2851 3436 quam
2893 3353 3068 3418 victa
3123 3361 3192 3418 et
3248 3372 3559 3437 oppressa
3613 3353 3846 3418 merito
3911 3351 4235 3431 videatur,
4303 3353 4613 3437 quodque

2654 3439 2848 3504 multi
2889 3439 3025 3503 sint
3067 3439 3410 3504 christiani
3455 3439 3673 3522 gregis
3716 3437 4015 3505 custodes
4058 3440 4442 3518 conservati,
4488 3439 4612 3522 qui

2656 3524 2759 3590 his
2812 3545 3033 3590 rerum
3096 3524 3556 3606 asperitatibus
3611 3545 3742 3589 non
3801 3523 3994 3589 modo
4059 3545 4130 3589 se
4187 3546 4318 3590 non
4361 3526 4613 3591 fractos

2653 3610 2767 3676 sed
2811 3611 3007 3676 etiam
3052 3611 3467 3676 confirmatos
3511 3631 3583 3675 re
3625 3611 3768 3692 ipsa
3809 3609 4190 3675 ostendunt:
4248 3618 4322 3675 tu
4367 3612 4613 3694 pusille

2652 3717 2834 3780 grex,
2876 3717 2994 3762 vos
3037 3697 3285 3779 inopes,
3331 3717 3450 3761 vos
3494 3695 3773 3762 afflictae
3808 3695 4055 3761 Christi
4089 3695 4411 3775 ecclesiae,
4456 3696 4609 3764 nbi-

2653 3801 2907 3865 cunque
2951 3780 3344 3860 delitescitis,
3391 3782 3534 3848 sive
3577 3782 3882 3847 obtinetis
3917 3782 4237 3848 libertatis
4272 3783 4608 3866 reliquias,

2653 3870 2791 3933 sive
2835 3868 3105 3933 urbibus
3155 3868 3489 3951 obsessae,
3558 3867 3699 3933 sive
3758 3868 4107 3951 ergastulis
4164 3869 4458 3935 inclusae
4515 3871 4609 3934 ad

2653 3954 3015 4019 Dominum
3059 3954 3398 4037 supiratis,
3442 3953 3737 4018 fruimini
3780 3953 3926 4018 istis
3967 3955 4348 4020 muneribus
4390 3974 4610 4038 quanÎ‡

2655 4047 2799 4104 tum
2863 4040 3048 4105 licet:
3107 4039 3338 4122 erigite
3396 4040 3678 4116 animos,
3749 4040 4103 4121 precemini
4170 4049 4244 4105 ut
4312 4040 4606 4123 reliquos

2655 4124 2879 4192 fideles
2936 4146 3161 4192 servos
3203 4145 3360 4191 suos
3418 4133 3790 4201 conservet,
3853 4133 4052 4192 testes
4103 4126 4299 4192 huius
4367 4127 4604 4193 mundi

2653 4211 3007 4296 á¼€Ï‡Î±ÏÎ¹ÏƒÏ„á½·Î±Ï‚
3062 4212 3334 4276 futuros.
3442 4209 3741 4275 Verbum
3798 4209 4058 4277 Domini
4125 4211 4345 4277 nullae
4410 4214 4606 4278 vobis

2653 4298 2899 4376 minae,
2946 4296 3167 4362 nullae
3210 4295 3550 4361 hominum
3594 4294 3845 4372 larvae,
3906 4296 4070 4362 nulli
4111 4298 4439 4365 cruciatus
4484 4321 4605 4365 exâ€”

2654 4392 3013 4466 torqueant.
3112 4383 3296 4448 Haec
3350 4382 3486 4447 sint
3538 4382 3723 4447 vobis
3785 4403 3996 4462 arma,
4056 4382 4160 4448 hic
4218 4385 4306 4449 sit
4357 4404 4603 4470 anceps

2653 4468 2938 4554 gladius,
2985 4490 3114 4551 quo
3159 4471 3472 4537 victorem
3519 4466 3835 4532 mundum
3878 4489 3994 4534 vos
4038 4469 4240 4535 veluti
4283 4470 4442 4537 victi
4488 4493 4601 4538 su-

2652 4556 2910 4638 peretis.
2983 4556 3200 4621 Morte
3245 4554 3523 4638 denique
3567 4563 3803 4632 vestra,
3848 4574 4048 4637 quum
4091 4575 4256 4637 opus
4296 4556 4440 4633 erit,
4486 4556 4601 4623 bo-

2650 4643 2755 4707 nis
2798 4638 3096 4706 omnibus
3140 4640 3586 4706 felicissimum
3629 4638 3752 4706 hoc
3794 4648 4069 4723 tempus,
4115 4642 4332 4723 impiis
4375 4650 4601 4708 autem

2649 4737 2719 4792 et
2759 4726 3024 4810 perfidis
3070 4721 3702 4792 calamitosissimum
3737 4724 4033 4791 illuxisse
4073 4729 4394 4793 sauciatis.
4465 4729 4598 4793 VaÎ‡

2647 4812 2774 4879 lete
2816 4814 2887 4878 in
2909 4813 3211 4878 Domino.
3281 4811 3391 4875 Ex
3432 4810 3765 4877 academia
3806 4811 4265 4879 Lausannensi
4285 4811 4600 4881 Oalendis

2652 4896 2973 4965 Octobris.
3065 4900 3264 4963 Anno
3309 4898 3575 4963 Domini
3613 4898 3703 4962 M.
3752 4896 3832 4961 D.
3882 4897 3996 4963 LI.
