4900 6167
236 449 337 516 289

370 638 459 703 Et
498 657 736 721 pource
779 657 906 721 que
938 656 1108 703 vous
1143 655 1301 702 avez
1340 657 1661 721 nagueres
1694 636 1988 702 ordonna
2018 656 2148 721 que

230 725 344 790 l’un
387 721 464 787 de
505 744 627 789 nos
670 723 876 789 freres
907 723 1013 788 fut
1045 723 1268 807 banny
1308 721 1389 788 de
1422 744 1540 790 vos
1575 730 1801 802 terres,
1829 725 1917 799 ¹⁸)
1957 743 2148 806 apres

230 810 457 878 m’estre
499 817 737 876 excuse
782 829 1023 875 envers
1067 828 1186 874 vos
1230 808 1650 888 excellences,
1702 811 1773 892 je
1814 808 2148 893 prendray

230 896 381 962 aussi
420 895 487 961 la
527 893 867 961 hardiesse
911 893 991 959 de
1033 914 1201 961 vous
1244 894 1538 979 supplier
1578 915 1743 978 pour
1785 893 1922 980 luy,
1983 915 2148 962 vous

229 993 558 1060 asseurant,
603 980 1112 1065 Messeigneurs‚
1157 1002 1284 1064 que
1327 984 1485 1047 c’est
1524 1003 1619 1046 un
1673 981 1940 1047 homme
1964 1024 2144 1047 .....

1079 1492 1269 1563 1⁶⁰5.

592 1629 1261 1701 annuncianes
1307 1595 1743 1699 cimmo.

384 1802 685 1871 Vindicat
720 1805 1177 1887 responsionem
1227 1804 1663 1869 Tui-icensium
1719 1804 2154 1871 ministrorum

222 1891 280 1956 in
315 1910 508 1956 causa
551 1889 801 1956 Bolseci
833 1891 1160 1973 scriptam,
1215 1891 1412 1956 simul
1453 1890 1715 1956 candide
1754 1890 1990 1972 fatetur
2030 1891 2156 1957 sibi

221 1975 453 2043 subtiles
496 1977 659 2042 istas
691 1976 767 2041 de
799 1976 1030 2041 decreto
1070 1974 1201 2041 Dei
1241 1976 1514 2042 abs-olido
1555 1976 2006 2058 disputationes
2048 1997 2151 2042 ne·

222 2083 321 2144 que
352 2063 705 2144 scripturae
746 2082 963 2128 sacrae
1004 2067 1441 2128 consentaneas
1472 2081 1664 2143 neque
1686 2062 1841 2143 paci
1873 2062 2157 2129 ecelesiae

220 2149 622 2215 convenientes
664 2148 883 2214 videri.
973 2148 1235 2214 Iuvenis
1274 2148 1610 2214 cniusdam
1651 2145 1900 2215 Calvini
1937 2148 2157 2231 affinis

212 2235 617 2317 petulantiam
658 2237 844 2298 notat.
918 2234 1078 2298 Rem
1111 2233 1576 2317 pontificiorum
1610 2233 1968 2318 hypocrisin
1996 2254 2152 2317 pro·

221 2325 492 2386 astantes
536 2319 622 2385 ad
663 2339 852 2385 suam
895 2319 1219 2387 concilium
1262 2319 1687 2386 allicientium.

218 2491 716 2556 (Autoschediasma
762 2491 1065 2573 Bullingeri
1118 2495 1299 2545 exstat
1356 2491 1412 2544 in
1459 2491 1603 2545 Bibl.
1664 2491 1817 2545 civic.
1874 2489 2154 2545 Turicensi

218 2559 353 2614 HSS.
388 2563 465 2614 A.
503 2559 592 2629 65,
626 2577 681 2630 p.
718 2558 851 2630 8693
899 2560 1045 2614 ahud
1081 2560 1358 2630 exemplar
1395 2560 1770 2629 autographon
1807 2560 1862 2613 in
1900 2560 2155 2614 Archivis

218 2628 379 2684 Turis.
409 2631 547 2684 olim
584 2630 759 2684 Scrin.
795 2631 857 2685 Β.
894 2630 1034 2699 Epp.
1068 2629 1219 2683 Tom.
1270 2628 1464 2692 XXX,
1515 2644 1656 2681 nunc
1710 2629 1854 2682 Plut.
1890 2627 1993 2682 VI.
2037 2628 2157 2683 Vol.

218 2696 330 2764 129,
364 2699 453 2753 fol.
495 2696 615 2752 279.
658 2728 719 2739 —
756 2700 1019 2754 simlerus
1053 2699 1221 2753 habet
1255 2714 1375 2751 eam
1411 2697 1538 2751 Vol.
1577 2695 1675 2765 77,
1720 2697 1906 2752 laudat
1938 2696 2158 2753 Hottin-

738 2784 901 2840 gerus
936 2766 1081 2823 Hist.
1118 2767 1245 2821 eccl.
1284 2765 1438 2821 VIII.
1476 2764 1621 2830 729.)

364 2939 757 3008 Clarissimo
812 2940 959 3006 viro
1003 2940 1088 3005 D.
1132 2938 1361 3005 loanni
1405 2937 1685 3006 Calvino
1744 2937 2155 3006 Genevensis

216 3025 511 3124 eeclesiae
588 3026 719 3093 fido
796 3028 1039 3110 pastori
1119 3025 1383 3092 domino
1461 3037 1528 3091 et
1587 3024 1776 3090 fratri
1842 3023 2157 3091 colendis-

214 3133 360 3178 simo
402 3133 550 3180 suo.
1646 3196 1847 3264 σθω.

364 3335 436 3403 S.
487 3334 574 3402 D.
662 3334 895 3402 Multis
963 3356 1222 3402 mecum
1281 3334 1741 3419 expostulasti,
1769 3338 1818 3411 ¹)
1884 3332 2152 3399 colende

214 3418 461 3489 domine
510 3430 580 3487 et
619 3421 828 3487 frater
883 3423 953 3486 in
996 3420 1263 3487 Christo
1323 3421 1589 3499 dilecte,
1646 3439 1843 3503 super
1885 3439 2153 3502 respon-

213 3506 374 3573 sione
418 3515 655 3574 nostra
697 3509 765 3573 in
810 3527 1007 3574 causa
1039 3507 1563 3592 Hieronymiana
1604 3503 1687 3569 ad
1733 3525 1849 3571 vos
1892 3506 2152 3585 scripta.

207 3589 445 3660 Verum
496 3615 700 3679 quum
744 3592 863 3659 illa
903 3614 1033 3659 non
1078 3613 1227 3658 mea
1279 3592 1393 3657 sed
1449 3590 1819 3657 communis
1861 3591 2153 3655 omnium

210 3678 410 3759 fuerit,
458 3701 595 3746 non
640 3690 742 3745 est
781 3678 952 3763 quod
995 3699 1115 3762 ego
1151 3698 1327 3744 nunc
1362 3678 1669 3761 privatim
1707 3675 2151 3758 respondeam.

212 3761 331 3830 Soli
377 3777 610 3832 tamen
654 3765 818 3831 mihi
864 3773 1041 3829 tuam
1087 3763 1267 3829 illam
1310 3783 1574 3830 reservo
1619 3760 1960 3845 epistolam
1980 3814 1996 3841 ,
2053 3761 2151 3826 id·

210 3870 318 3933 que
372 3851 686 3925 consili0‚
758 3859 1074 3934 quantum
1133 3849 1354 3915 videre
1409 3869 1673 3933 possum
1729 3869 1863 3914 non
1928 3868 2149 3932 pravo.

208 3934 400 4004 Doleo
444 3935 644 4003 valde
687 3936 855 4003 hanc
900 3935 1341 4020 quaestionem
1385 3936 1644 4001 venisse
1678 3935 1748 3999 in
1790 3933 2151 4001 contentio-

209 4041 379 4101 nem,
457 4043 545 4089 ex
602 4044 731 4107 qua
781 4021 930 4106 plus
985 4022 1362 4087 offensionis
1418 4041 1617 4105 quam
1684 4018 2152 4086 aedificationis

210 4111 608 4175 exoriturum
653 4117 888 4173 metuo.
979 4107 1128 4173 Non
1187 4109 1454 4192 ignoras
1510 4126 1674 4190 quos
1718 4104 2025 4172 articulos
2068 4125 2151 4169 ex

209 4191 319 4261 hac
358 4194 801 4278 disputatione
844 4192 915 4260 S.
963 4195 1335 4278 Augustino
1391 4192 1826 4276 imposuerint
1877 4191 1978 4258 sui
2038 4189 2152 4256 ad-

208 4282 494 4347 versarii.
605 4279 785 4361 Quid
850 4278 1045 4345 hodie
1108 4281 1227 4346 fiat
1293 4279 1541 4345 nemini
1612 4278 1960 4344 obscurum
2033 4284 2149 4342 est.

207 4362 413 4432 Deum
472 4385 607 4432 non
674 4375 935 4430 tantum
992 4364 1389 4449 praevidisse
1444 4363 1560 4429 sed
1632 4362 2154 4446 praedestinasse

211 4464 265 4515 et
316 4452 734 4536 dispensasse
775 4451 1034 4535 lapsum
1070 4450 1328 4529 Adami,
1375 4449 1750 4516 huiusmodi
1786 4469 1927 4515 esse
1971 4447 2152 4515 vide-

212 4544 307 4600 tur
347 4558 432 4604 ex
481 4557 610 4621 quo
668 4537 852 4622 origo
906 4535 1062 4601 mali
1119 4557 1442 4620 causaque
1500 4536 1746 4621 peccati
1808 4535 1879 4600 in
1936 4535 2150 4618 ipsum

208 4624 401 4703 possit
461 4623 714 4690 reflecti
770 4623 989 4689 Deum
1052 4633 1367 4687 autorem.
1458 4620 1722 4687 Durum
1779 4619 1945 4686 mihi
2008 4640 2153 4688 esse

208 4707 477 4785 videtur,
520 4729 814 4774 asserere
856 4706 1074 4774 Deum
1130 4727 1241 4772 eos
1296 4728 1456 4791 quos
1515 4708 1584 4772 in
1627 4707 1858 4773 mortis
1900 4708 2157 4774 creavit

209 4797 510 4873 exitium,
581 4806 657 4860 ut
706 4795 775 4860 in
841 4796 1039 4860 finem
1105 4812 1299 4859 suum
1355 4795 1773 4877 perveniant,
1842 4792 2152 4859 audiendi

209 4883 378 4948 verbi
427 4881 531 4948 sui
574 4880 883 4948 facultate
924 4879 1186 4964 privare
1200 4930 1216 4959 ,
1276 4876 1564 4962 adeoque
1623 4888 1691 4944 et
1730 4899 1851 4963 per
1893 4877 2152 4963 praedi-

210 4968 525 5034 cationem
568 4987 944 5046 excaecare,
1002 4965 1277 5049 ideoque
1329 4965 1789 5048 promissiones
1831 4965 1961 5033 Dei
2002 4964 2150 5031 uni-

211 5054 491 5120 versales
550 5067 617 5119 et
672 5052 877 5119 verba
933 5052 1188 5119 Ohristi
1239 5049 1477 5117 Matth.
1542 5055 1612 5114 ll
1677 5060 1748 5116 et
1802 5052 2033 5119 Ioann.
2090 5055 2149 5129 3,

211 5136 359 5202 item
406 5137 478 5206 S.
525 5139 719 5205 Pauli
771 5145 827 5205 1.
870 5139 1038 5205 Tim.
1086 5141 1158 5218 2,
1203 5137 1482 5220 denique
1525 5134 1598 5201 S.
1644 5136 1828 5203 Petri
1872 5142 2019 5206 Act.
2073 5142 2151 5203 10

377 5310 467 5376 13)
508 5311 565 5367 11
595 5310 763 5379 s’am't
796 5308 864 5365 de
897 5308 959 5366 S.
998 5307 1204 5365 Andre.

212 5374 391 5436 1005.
416 5382 475 5448 1)
511 5380 592 5437 N.
631 5380 782 5437 1590.

344 5466 564 5523 Calvi-ii
592 5482 775 5537 ma.
858 5463 972 5522 Vol.
1008 5462 1105 5518 XI
1118 5463 1177 5519 V.

1870 449 2031 513 1552
2072 444 2537 515 FEBRUAR.

4065 457 4196 523 290

2248 635 2334 702 ad
2399 636 2713 788 pauculos
2800 635 3125 704 duntaxat
3201 642 3528 723 pertinere
3593 663 3669 710 ac
3744 644 4196 727 permissionis

2248 742 2409 790 voca
2454 723 2637 789 ulum
2690 724 2763 789 in
2830 724 3234 808 explicandis
3305 727 3551 811 aliquot
3615 729 3975 813 scripturae
4034 730 4201 799 locis

2247 808 2519 874 minime
2575 830 2719 876 esse
2774 810 3238 894 recipiendum.
3327 812 3418 879 Et
3473 821 3725 880 certum
3776 824 3876 882 est
3914 816 4020 882 his
4062 837 4199 883 non

2248 914 2488 978 paucos
2551 895 2856 961 veritatis
2909 896 3234 963 studiosos
3291 897 3590 966 homines
3653 900 3914 966 offendi.
4003 900 4200 984 Quod

2248 1000 2450 1063 quum
2516 1002 2599 1046 ex
2664 981 2811 1048 aliis
2875 982 3008 1048 iam
3074 980 3320 1049 dudum
3382 985 3818 1066 intellexeris,
3900 1008 4033 1052 non
4097 995 4199 1053 est

2250 1065 2423 1149 quod
2466 1084 2608 1131 rem
2652 1067 2773 1132 tibi
2817 1066 3058 1153 alioqui
3102 1077 3326 1134 notam
3367 1069 3665 1153 pluribus
3707 1093 4053 1156 exponam.

2423 1148 2650 1217 Soceri
2693 1153 2916 1219 fratris
2951 1153 3052 1220 tui
3086 1155 3259 1220 filius
3279 1159 3333 1232 ²)
3378 1155 3725 1222 admodum
3761 1170 3862 1223 est
3894 1158 4202 1242 petulans

2249 1243 2318 1304 et
2335 1236 2591 1322 ingenii
2623 1238 2992 1322 praefracti.
3059 1239 3141 1305 Id
3177 1240 3350 1323 quod
3388 1251 3571 1324 pater
3613 1264 3698 1307 ex
3733 1243 4014 1328 hospitis
4056 1245 4202 1312 eius

2250 1323 2460 1390 literis
2517 1323 2858 1409 intelliget.
2960 1324 3311 1409 Nunquam
3375 1327 3444 1393 in
3503 1326 3696 1394 aedes
3753 1349 3932 1396 meas
3999 1331 4201 1411 venit,

2250 1430 2413 1493 quas
2470 1415 2699 1476 tamen
2755 1409 2856 1475 illi
2923 1412 3376 1494 patefeceram.
3465 1411 3689 1480 Satius
3745 1436 3885 1481 esse
3927 1423 4085 1499 puto
4130 1423 4206 1481 ut

2250 1505 2597 1566 revocetur
2637 1505 2706 1562 et
2746 1497 2820 1561 in
2861 1494 3205 1579 disciplina
3248 1497 3610 1564 retineatur
3650 1502 3992 1567 severiore.
4080 1500 4206 1568 Se-

2253 1580 2391 1646 rius
2463 1581 2625 1647 haec
2691 1580 2924 1648 scribo.
3022 1582 3366 1649 Hactenus
3436 1585 3612 1650 enim
3682 1584 4207 1654 emendationem

2255 1665 2686 1749 speravimus.
2750 1666 2935 1732 Nihil
2980 1675 3202 1734 tamen
3245 1676 3583 1753 peccatum
3629 1680 3731 1736 est
3773 1673 3855 1738 ab
3897 1673 4040 1757 ipso
4073 1673 4207 1740 nisi

2252 1750 2619 1836 petulantia
2658 1759 2724 1817 et
2765 1751 3194 1837 indiligentia.

2424 1837 2587 1902 Dux
2630 1837 3254 1923 wirtembergensis
3304 1837 3785 1923 Christophorus
3840 1850 3906 1910 et
3948 1846 4208 1930 Argen·

2255 1929 2621 1989 toratenses
2664 1923 2880 1989 theolo
3043 1945 3196 1990 suos
3252 1925 3322 1990 in
3379 1927 3729 1993 concilium
3769 1930 4034 1996 mittere
4076 1939 4210 1995 sta—

2255 2015 2546 2074 tuerunt.
2573 2012 2627 2090 ³)
2713 2008 3082 2076 Concilium
3145 2010 3323 2077 enim
3383 2011 3605 2077 omnia
3657 2013 3790 2080 illis
3845 2014 4210 2098 pollicetur,

2256 2103 2336 2246 ᾖ
2365 2094 2725 2196 sessionem
2783 2094 3179 2246 liabentdam·
3197 2095 3639 2248 2t5fi1anuairii
3665 2097 4071 2251 Simili-uiri
4111 2104 4216 2252 lt}-

2337 2181 2997 2247 artaanerisun
3071 2202 3663 2265 qmisscreun
3793 2206 3878 2250 ua
4076 2203 4197 2251 a·

2258 2265 2461 2332 ribus.
2552 2266 2648 2334 Ut
2689 2268 2865 2332 enim
2919 2267 3234 2333 incolumi
3276 2269 3416 2334 vita
3457 2205 3791 2349 redeant,q
3818 2206 4056 2337 causale
4097 2270 4216 2338 bo-

2259 2371 2386 2418 nae
2426 2373 2563 2417 non
2597 2372 2833 2435 parum
2867 2352 3260 2420 incommodi
3294 2353 3664 2420 intulerint.
3736 2354 3872 2422 Sed
3915 2363 3985 2421 et
4025 2355 4214 2423 nullo

2258 2435 2482 2502 fructu
2524 2458 2677 2505 cum
2716 2436 3024 2521 professis
3057 2438 3308 2506 Christi
3352 2439 3655 2506 hostibus
3687 2440 4213 2527 congredientur.

2259 2522 2588 2589 Dominus
2647 2522 2819 2589 adsit
2876 2545 3033 2590 suae
3078 2525 3387 2592 ecclesiae
3452 2546 3619 2610 quae
3671 2525 3960 2611 undique
4022 2527 4216 2594 malis

2257 2607 3625 2779 fflfftfflifflbffissssffitffi
3650 2620 3898 2783 ege
3942 2620 4025 2765 ξε
4064 2634 4219 2765 ⁶122
4289 2708 4296 2716 -

2260 2779 2508 2847 bruarii
2559 2785 2742 2848 1552.

3398 2866 3827 2951 Bullingerus
3871 2875 4042 2936 tuus.

3140 3275 3334 3347 16⁰6.

2636 3411 3144 3480 HALLERUS
3189 3413 3826 3482 BULLINGERO.

2432 3567 2733 3635 Calvinus
2812 3568 3063 3634 Bernae
3141 3569 3351 3651 adfuit
3414 3589 3674 3636 eausam
3749 3568 4214 3635 Sanotandreae

2255 3658 2548 3720 actm-us.-
2582 3655 2779 3721 simul
2819 3656 2890 3719 in
2923 3654 3254 3722 Bolsecum
3288 3657 3522 3721 acriter
3562 3657 3837 3722 invectus
3876 3660 3983 3719 est.
4062 3651 4215 3722 Gae-

2254 3744 2457 3839 teram
2493 3740 2944 3806 humanissime
2976 3745 3265 3823 exceptus
3299 3741 3379 3809 ab
3412 3740 3697 3807 omnibus
3719 3744 3973 3823 praeter
3996 3737 4214 3806 Kileb-

2255 3846 2575 3892 meierum.

2259 3997 2369 4063 (Ex
2418 4003 2546 4050 auto
2646 3997 2755 4067 pho
2803 3995 3022 4050 Archiv.
3070 3996 3247 4050 Turio.
3305 3996 3433 4049 olim
3481 3994 3655 4049 Scrin.
3705 3995 3771 4049 Β.
3817 3995 3865 4048 Ε
3943 4036 3956 4049 .
4005 3996 4066 4050 Τ.
4123 3996 4216 4068 32,

2382 4081 2525 4120 nunc
2547 4014 2703 4121 ffit.
2740 4065 2836 4120 VI.
2873 4066 2998 4120 Vol.
3038 4063 3156 4131 154,
3192 4065 3282 4118 fol.
3318 4062 3437 4117 561.
3477 4090 3539 4100 —
3577 4062 3789 4118 Simler.
3826 4013 3944 4120 vg?
3980 4064 4092 4131 77.)

2427 4220 2811 4288 Clarissimo
2857 4220 2998 4286 viro
3017 4251 3022 4258 ·
3043 4216 3126 4282 D.
3153 4216 3538 4303 Heinrycho
3581 4217 3966 4302 Bullingero
4010 4215 4215 4304 'Pigu-

2255 4308 2442 4373 rinae
2485 4306 2793 4373 ecclesiae
2835 4303 3081 4389 pastori
3123 4302 3500 4370 fidelissimo
3535 4301 3826 4368 Domino
3850 4315 3917 4368 et
3951 4324 4215 4389 compa-

2255 4394 2343 4458 tri
2387 4414 2512 4459 suo
2555 4391 3028 4459 colendissimo.

2976 4474 3220 4541 Ziirich
3262 4474 3354 4540 M.
3401 4473 3749 4558 Heinrych
3791 4473 4211 4560 Bullingern.

2428 4610 2499 4682 S.
2545 4612 2956 4700 Scripseram
3002 4611 3085 4679 ad
3130 4617 3197 4677 te
3245 4609 3576 4695 proxime,
3625 4609 3959 4678 Calvinum
4002 4609 4210 4679 medi-

2461 4825 2523 4955 33
2566 4891 2706 4947 Vide
2749 4888 2916 4946 Sicca.
2961 4885 3061 4942 ΠΙ.
3115 4885 3233 4941 323.
3304 4882 3507 4941 Boehr.
3547 4883 3645 4939 ΙΙΙ.
3688 4881 3773 4938 24.
3857 4881 4201 4939 Wmmber-

2251 4960 2646 5086 malcolmi
2666 5030 2752 5085 ΒΥ
2869 5045 2884 5059 ι
2935 4958 3058 5082 {gre
3073 4953 3331 5023 Rem-lin,
3367 4955 3490 5079 Igc.
3507 4952 3840 5037 Hesi-brand
3901 4952 4022 5007 Val.
4049 4950 4204 5033 Van·

2251 5041 3480 5156 2⁸⁸³.s‹‘s'iz.1„23‘.32asom⁶uarma0
3525 5061 4060 5170 autumoffcoemr
4187 5090 4200 5105 ·

2264 5167 2360 5223 W·
2687 5165 2783 5223 des
2813 5181 2847 5222 s
3028 5206 3041 5219 .
3075 5164 3334 5220 Bedente
3375 5167 3428 5219 et
3472 5160 3817 5220 &chemmin
3860 5157 3952 5213 Er
4095 5200 4107 5213 .
4141 5178 4200 5217 a.

2251 5236 2309 5292 d.
2328 5237 2503 5295 ΚΘΛ
2563 5275 2576 5290 .
2761 5253 2782 5304 ,·
2817 5234 2885 5291 de
2998 5232 3533 5303 moes-umam
3566 5222 3785 5294 Satan,
3822 5224 4013 5284 aaut.
4053 5226 4198 5286 vm.

2249 5311 2417 5363 mor
2448 5305 2560 5362 den
2589 5304 2883 5375 Hernoqen
2922 5303 3035 5361 11⁷.
3078 5303 3221 5359 Rea.
3312 5343 3325 5357 .
3372 5300 3459 5356 37.
3526 5298 3854 5354 flav-mam
3896 5313 3953 5353 a.
3999 5296 4199 5372 quor,

2251 5374 2460 5434 Brona.
2493 5376 2563 5432 11.
2600 5374 2698 5429 211
2734 5380 2787 5431 et
2821 5373 3058 5446 Καρῶν,
3093 5372 3206 5429 Ha.
3367 5369 3380 5384 ⁸
3501 5368 3551 5424 h.
3586 5367 3641 5422 Ι.
3679 5364 3796 5420 176.
