4900 6167
290 397 388 461 357

282 580 580 669 proficisci.
678 580 946 646 Etenim
1012 580 1331 646 memoria
1395 587 1585 647 teneo
1659 601 1769 646 me
1827 580 1933 646 his
1988 601 2189 646 usum

284 670 449 735 fuisse
501 665 748 731 verbis:
821 665 1179 750 Coeperam
1239 667 1544 751 cogitare.
1574 671 1626 747 1)
1715 666 1939 748 Quare
1983 667 2189 733 maio-

282 773 395 820 rem
451 753 517 817 in
571 751 837 817 modum
895 750 1074 817 dolui
1129 773 1331 835 quum
1388 753 1679 818 animum
1735 760 1927 818 tuum
1982 772 2063 817 ex
2108 753 2190 817 iis

280 839 456 905 literis
495 837 1033 903 offensiunculam
1078 837 1359 921 aliquam
1405 839 1807 904 contraxisse
1865 838 2187 922 perspexi,

281 926 437 1008 quasi
490 923 557 988 id
611 925 804 1007 plane
864 944 940 989 ac
996 922 1285 1007 praecise
1341 923 1766 1002 statuissem,‘
1806 924 1979 1007 quod
2025 923 2189 989 mihi

280 1017 506 1074 tantum
565 1010 636 1073 in
702 1017 991 1075 mentem
1052 1017 1323 1075 venerat
1390 1009 1772 1075 assiduitate
1831 1009 2073 1076 laboris
2126 1017 2194 1075 et

276 1095 689 1160 molestiarum
735 1116 940 1178 paene
994 1095 1253 1161 afflicto.
1275 1097 1333 1178 2)
1422 1094 1631 1179 Spero
1686 1103 1904 1160 tamen
1958 1116 2189 1178 prope-

278 1180 421 1245 diem
464 1201 606 1245 eam
652 1203 757 1245 me
802 1181 923 1247 tibi
952 1182 1377 1247 offensionem
1460 1182 1677 1247 enitus
1713 1180 2190 1264 adempturum,

274 1267 322 1330 si
355 1264 671 1331 Dominus
727 1268 1102 1332 facultatem
1159 1267 1322 1332 mihi
1449 1269 1661 1350 'quam
1718 1267 1949 1333 offerat
2006 1266 2090 1332 ad
2129 1275 2194 1333 te

276 1351 546 1418 adeundi.
636 1354 745 1418 Ex
788 1374 934 1419 meo
976 1373 1298 1432 sermone,
1343 1354 1595 1437 opinor,
1641 1353 1901 1437 planius
1944 1351 2192 1418 intelli-

416 1440 803 1522 gravitatem
862 1459 1160 1504 mearum
1214 1439 1688 1518 molestiarum,
1757 1461 1917 1522 quas
1980 1445 2193 1504 totum

270 1461 371 1589 ξεῖ
410 1525 761 1590 triennium
780 1528 831 1607 ⁸)
878 1526 974 1591 ita
1016 1524 1259 1608 pertuli
1321 1531 1393 1590 ut
1435 1525 1698 1591 animus
1741 1546 1927 1590 meus
1968 1524 2193 1591 labore

269 1610 487 1677 fractus
530 1632 605 1675 ac
652 1611 1028 1677 debilitatus
1086 1610 1281 1676 valde
1334 1613 1404 1675 in
1463 1617 1801 1676 aeternam
1846 1632 2036 1676 suam
2080 1611 2191 1676 do-

268 1717 427 1760 mum
466 1699 734 1778 aspiret,
780 1718 1012 1781 neque,
1057 1706 1134 1762 ιιι
1176 1696 1386 1776 video,
1436 1697 1518 1763 ad
1553 1697 1834 1762 multum
1878 1697 2192 1780 temporis

267 1782 326 1847 in
383 1782 480 1847 his
558 1783 805 1848 infimis
870 1782 1244 1867 regionibus
1309 1784 1398 1849 sit
1457 1804 1945 1866 permansurus.
2057 1780 2192 1849 Sed

268 1868 547 1949 quoniam
599 1870 695 1933 ita
746 1869 865 1933 tibi
920 1869 1211 1947 videtur,
1272 1869 1461 1935 cuius
1505 1869 1921 1934 autoritatem
1963 1869 2036 1933 in
2080 1890 2194 1951 pa-

266 1963 467 2020 ternae
511 1975 742 2036 praece
789 1956 985 2020 tionis
1039 1955 1179 2021 loco
1237 1977 1313 2020 ac
1366 1976 1643 2020 numero
1698 1976 1957 2039 semper
2011 1954 2192 2033 duxi,

266 2039 609 2122 perdurabo
656 1977 869 2106 adliuc
914 2041 1035 2107 hoc
1094 2041 1430 2124 paululum
1478 2043 1820 2124 temporis,
1877 2040 2048 2123 quod
2095 2040 2192 2106 vi·

267 2124 369 2189 deo
409 2126 573 2190 mihi
621 2125 704 2191 ad
749 2127 922 2193 hanc
965 2127 1541 2193 laboriosissimam
1598 2128 1804 2191 vitam
1849 2127 2192 2191 traducen-

267 2209 393 2275 dam
432 2233 791 2295 superesse.
866 2213 1134 2279 Interea
1169 2233 1474 2297 magnam
1514 2211 1629 2276 tibi
1668 2212 1875 2277 habeo
1910 2213 2191 2295 gratiam

264 2319 365 2381 pro
406 2300 539 2362 tuis
586 2300 1057 2365 amantissimis
1100 2298 1341 2378 literis,
1398 2298 1635 2381 quibus
1691 2319 1902 2381 neque
1946 2297 2196 2363 doctius

265 2405 451 2466 neque
497 2384 756 2450 acutius
791 2384 1145 2468 quidquam
1182 2406 1286 2448 me
1321 2384 1557 2468 legisse
1593 2385 1882 2449 memini.
1950 2382 2196 2449 Eadem

266 2471 381 2534 fere
423 2473 646 2536 omnia
702 2471 864 2535 mihi
924 2472 994 2534 in
1052 2483 1339 2535 mentem
1397 2482 1756 2549 venerant,
1817 2469 1932 2534 sed
1986 2471 2197 2536 oratio

265 2569 363 2621 tua
405 2557 764 2623 vehemens
808 2567 875 2621 et
912 2558 1188 2648 incitata
1230 2557 1522 2621 animum
1565 2576 1783 2621 meum
1830 2555 2123 2638 perculit.
2142 2559 2195 2638 ⁴)

262 2643 335 2708 D.
375 2642 553 2708 Besa
598 2643 917 2708 nonnulla
960 2664 1215 2707 mecum
1275 2642 1582 2724 loquutus
1626 2652 1769 2707 erat
1811 2642 1879 2705 in
1921 2642 2198 2706 eandem

262 2729 379 2794 fere
421 2730 838 2795 sententiam.
928 2729 1117 2793 Nihil
1161 2739 1380 2794 tamen
1426 2737 1541 2793 aut
1582 2728 1769 2792 illum
1817 2738 1932 2792 aut
1974 2748 2199 2810 quem-

262 2836 437 2897 quam
482 2816 690 2881 alium
725 2816 1032 2898 cogitatio
1068 2835 1214 2879 mea
1249 2813 1629 2892 offenderat,
1675 2814 2057 2897 praesertim
2092 2835 2196 2878 eo-

260 2921 396 2967 rum
439 2904 555 2985 qui
614 2903 1009 2986 gravitatem
1072 2920 1368 2966 meorum
1429 2899 1730 2964 laborum
1785 2910 2196 2984 perspectam

260 2986 503 3053 habent.
600 2988 928 3052 Dominus
986 3007 1205 3052 meum
1251 2987 1550 3050 animum
1595 2985 1928 3069 cognitum
1975 2996 2040 3049 et
2084 3007 2197 3050 ex·

256 3073 566 3156 ploratum
613 3074 831 3152 habet,
877 3081 955 3138 ut
996 3094 1255 3138 omnem
1303 3094 1517 3138 meam
1562 3092 1858 3154 operam,
1902 3071 2199 3136 studium

258 3178 323 3223 ac
370 3161 788 3246 diligentiam
847 3159 1156 3226 ecclesiae
1214 3180 1373 3225 suae
1427 3158 1714 3223 dicarim.
1801 3156 1987 3221 Idem
2031 3157 2196 3221 mihi

255 3257 519 3312 mortem
589 3245 1071 3311 acerbissimam
1138 3245 1484 3320 immittat,
1565 3244 1620 3308 si
1698 3265 1971 3327 usquam
2040 3242 2196 3308 alibi

256 3333 605 3414 quamlibet
668 3330 1077 3415 splendidam
1139 3330 1575 3397 conditionem
1634 3339 1935 3412 exoptem
1998 3351 2194 3412 quam

253 3416 315 3481 in
355 3420 563 3502 ipsius
610 3418 910 3490 ecclesia,
931 3417 990 3490 ⁵)
1054 3418 1109 3481 si
1166 3438 1378 3482 meam
1425 3417 1595 3480 hanc
1639 3414 2194 3481 conditiunculam

253 3522 374 3568 non
432 3505 651 3587 pluris
717 3504 951 3570 faciam
1015 3523 1209 3585 quam
1278 3500 1761 3566 tetrarcharum
1816 3508 2076 3585 sceptra
2128 3509 2196 3566 et

251 3587 524 3674 insignia
569 3590 756 3672 regia
794 3590 1092 3672 quamvis
1151 3609 1429 3671 magnae
1472 3588 1800 3671 pecuniae.
1892 3585 2064 3664 Sed,
2122 3598 2197 3651 ut

253 3674 456 3756 video,
529 3677 630 3740 ita
666 3675 840 3740 illius
895 3674 1025 3740 fert
1097 3674 1400 3739 voluntas
1459 3683 1536 3738 ut
1593 3695 1698 3738 me
1756 3674 2077 3755 tantisper
2123 3674 2191 3738 in

252 3758 361 3828 hac
404 3765 549 3827 vita
609 3773 910 3827 exerceat
975 3760 1130 3826 dum
1190 3759 1270 3825 ad
1326 3781 1397 3825 se
1440 3769 1719 3825 revocet.
1809 3759 2042 3841 Itaque
2086 3779 2193 3822 me

248 3843 359 3914 hac
402 3849 639 3914 divina
681 3847 1014 3913 sententia
1056 3848 1123 3910 in
1169 3847 1334 3910 meis
1378 3845 1734 3929 angoribus
1778 3842 2187 3909 sustentabo:

250 3930 340 3995 dai
390 3937 639 3999 πολλῶν
695 3938 970 4014 θλίψεων
1024 3931 1122 3995 δεῖ
1171 3931 1334 4010 ἡμᾶς
1383 3934 1679 3995 εἰσελθεῖν
1737 3933 1824 4003 εἰς
1879 3929 1981 4006 τήν
2022 3933 2186 4012 βασι·

247 4021 397 4083 λείαν
436 4024 549 4083 τοῦ
593 4020 756 4094 θεοῦ,
800 4019 1181 4101 praesertim
1229 4038 1429 4100 quum
1463 4017 1634 4084 hanc
1670 4017 1843 4081 vitae
1878 4014 2193 4082 conditio-

248 4123 391 4170 nem
434 4107 607 4171 mihi
648 4125 799 4169 cum
845 4115 979 4170 tam
1018 4103 1242 4169 multis
1278 4102 1536 4168 videam
1579 4125 1721 4168 esse
1758 4123 2192 4174 communem,

250 4209 317 4257 ac
357 4199 613 4266 tecum,
674 4192 765 4255 mi
808 4201 1030 4272 pater,
1086 4190 1422 4272 inprimis,
1479 4211 1671 4272 quem
1730 4201 1831 4252 tot
1869 4207 1943 4254 ac
1988 4187 2192 4252 tantis

248 4277 411 4343 curis
455 4299 535 4342 ac
579 4277 896 4341 molestiis
940 4276 1239 4341 afflictari
1288 4287 1464 4341 certo
1502 4276 1660 4352 sci0‚
1709 4287 1785 4338 ut
1827 4274 1962 4338 fere
2005 4294 2191 4338 mon-

249 4447 633 4460 fi*—--.——-

249 4563 420 4620 1049.
445 4569 506 4632 1)
549 4567 858 4621 Maximam
902 4564 1116 4635 quidem
1171 4566 1301 4620 haec
1361 4581 1389 4618 e
1430 4607 1442 4620 .
1487 4566 1645 4621 habet
1690 4565 2017 4628 affinitatem
2069 4579 2190 4617 cum

248 4632 319 4691 N.
340 4635 479 4692 1638
518 4637 617 4690 sed
650 4652 760 4691 non
796 4636 982 4690 omnia
1015 4635 1236 4687 omnino
1269 4649 1378 4704 qua
1451 4649 1547 4688 are
1579 4633 1851 4689 videntur.
1908 4633 2193 4688 Fortassis

247 4703 427 4775 aliqua
460 4706 661 4760 similis
692 4711 882 4774 postea
914 4705 1124 4772 scripta
1154 4703 1446 4757 intercidit.

444 4775 505 4842 2)
544 4774 840 4827 Pertaesus
883 4780 999 4827 erat
1047 4774 1328 4826 lectionum
1362 4773 1663 4825 latinarum
1691 4771 1882 4840 pueris
1916 4769 2191 4825 habenda-

249 4856 363 4895 rum
395 4851 449 4898 et
483 4844 845 4899 conditionem
883 4842 1163 4911 appetebat
1199 4842 1317 4894 suis
1353 4840 1553 4894 studiis
1585 4842 1763 4910 magis
1779 4840 2191 4894 convenientem.

252 4909 510 4966 meatus
544 4928 664 4967 eum
702 4911 1194 4966 Laasannensibus
1240 4908 1705 4964 commendaverat
1751 4914 1800 4962 et
1845 4923 2004 4977 aeqre
2046 4908 2194 4972 ferre

246 4985 455 5047 poterat
490 4983 841 5050 miqrationis
869 4982 1211 5034 desideriam.
1289 4978 1510 5032 Caluini
1539 4977 1729 5032 literae
1760 4978 1957 5047 quibus
1990 4977 2080 5030 hic
2110 4991 2190 5030 re·

248 5051 469 5118 mundet
502 5067 614 5104 non
648 5054 884 5105 exstant.

451 5123 508 5184 3)
552 5120 793 5175 Vocatus
821 5119 1004 5183 fuerat
1039 5135 1090 5170 a.
1127 5114 1264 5169 1550
1297 5117 1514 5169 ineunte
1547 5112 1649 5180 (N.
1691 5112 1865 5182 1343).

448 5189 508 5256 4)
554 5189 709 5243 Patet
730 5188 1011 5242 Calvinum
1030 5192 1081 5240 et
1100 5186 1301 5240 Bezam
1334 5184 1548 5249 fortiter
1564 5184 1829 5237 institisse
1849 5189 1910 5240 ut
1936 5188 2192 5238 maneret.

449 5259 513 5320 5)
557 5258 708 5312 Nam
742 5259 883 5323 forte
924 5255 1188 5311 Calvinus
1222 5255 1485 5309 metuabat
1520 5267 1587 5306 ne
1624 5253 1684 5305 in
1729 5251 1972 5308 Galliam
2014 5267 2189 5306 rever-

251 5334 347 5379 Μ
378 5327 492 5392 fide
527 5325 839 5381 excideret?

1906 393 2069 457 1552
2116 390 2571 460 SEPTEMB.

4121 399 4252 464 358

2290 578 2413 646 stri
2458 577 2672 644 simile
2715 578 2822 658 sit,
2870 586 2985 645 aut
3025 580 3322 647 animum
3367 581 3652 649 hominis
3696 589 3816 648 aut
3864 605 4098 669 corpus
4143 585 4249 652 ul-

2289 664 2431 730 lum
2507 671 2767 730 tantam
2845 664 3402 732 incommodorum
3476 668 3876 753 gravitatem
3954 670 4249 754 perferre

2292 770 2499 835 posse.
2555 748 2690 816 Sed
2713 750 2896 816 Deus
2932 759 2998 816 et
3033 758 3222 834 pater
3244 753 3515 819 Domini
3549 755 3759 822 nostri
3793 755 3950 821 Iesu
3973 756 4248 836 Christi,

2295 836 2402 902 cui
2446 843 2520 900 tu
2563 844 2745 903 certa
2788 844 3079 903 et.recta
3130 838 3531 905 conscientia
3587 849 3774 905 tuam
3818 863 4085 924 operam
4129 864 4250 907 na-

2294 941 2432 1002 vas,
2477 921 2585 988 cui
2620 931 2685 987 te
2721 929 2929 987 totum
2964 925 3351 1006 mancipasti
3386 945 3462 990 ac
3497 925 3837 1004 devovisti,
3886 926 4068 994 dabit
4110 927 4254 1014 glo-

2296 1008 2547 1074 riosum
2590 1016 2656 1073 et
2697 1008 3108 1091 praeclarum
3147 1010 3400 1075 exitum
3444 1012 3575 1077 tuis
3617 1013 3761 1079 istis
3803 1011 4151 1082 laboribus.

2469 1092 2919 1159 Inaudivimus
2977 1097 3196 1161 nescio
3256 1096 3411 1180 quid
3483 1097 3563 1163 de
3628 1098 3991 1164 Troulletto:
4014 1100 4070 1176 6)
4136 1099 4251 1168 sed

2297 1177 2423 1245 hoc
2467 1178 2624 1262 quid
2665 1180 2751 1244 sit
2796 1179 3012 1244 adhuc
3046 1181 3279 1247 incerti
3316 1204 3559 1248 sumus.
3651 1184 3977 1249 Dominus
4013 1187 4260 1270 spiritu

2296 1265 2428 1329 oris
2473 1266 2574 1331 sui
2617 1265 2789 1330 male
2831 1266 3064 1348 perdat
3106 1269 3464 1333 nebulones
3499 1270 3679 1347 istos,
3725 1272 4095 1337 emissarios
4133 1270 4252 1336 Sa·

2296 1357 2510 1427 tanae,
2546 1371 2827 1435 quorum
2862 1359 2934 1417 tu
2970 1363 3242 1418 conatus
3274 1356 3561 1421 nefarios
3582 1355 3958 1438 propediem
3994 1377 4256 1423 summa

2296 1456 2448 1500 cum
2489 1445 2607 1501 tua
2695 1437 2876 1514 loria,
2920 1441 3268 1505 coniuncta
3302 1459 3451 1504 cum
3490 1440 3616 1505 Dei
3653 1440 3867 1518 laude,
3913 1441 4251 1509 refutabis.

2295 1521 2553 1587 Multae
2598 1522 2648 1586 ti
2692 1523 2713 1587 i
2759 1531 2954 1588 antea
2988 1525 3361 1589 consimiles
3404 1546 3664 1609 pugnae
3699 1525 4074 1592 subeundae
4110 1528 4253 1592 fue-

2296 1616 2467 1673 rant.
2557 1606 2782 1689 Quare
2827 1609 2928 1676 fac
2971 1610 3090 1675 tibi
3127 1619 3389 1676 tuarum
3425 1612 3789 1694 palmarum
3830 1623 4134 1678 veterum
4180 1635 4255 1680 ac

2297 1693 2852 1759 nobilissimarum
2909 1696 2979 1759 in
3032 1706 3323 1761 mentem
3383 1699 3616 1763 veniat.
3643 1697 3698 1783 ⁷)
3785 1698 4115 1781 Equidem
4175 1699 4255 1765 de

2298 1780 2465 1846 istoc
2546 1779 2847 1846 trullario
2925 1781 3073 1846 volo
3152 1782 3272 1846 tibi
3350 1781 3803 1848 lemniscatam
3883 1785 4250 1867 polliceare.

2298 1864 2504 1929 Nobis
2548 1866 2804 1948 quidem
2854 1866 3153 1932 omnibus
3198 1867 3526 1934 Dominus
3571 1890 3657 1933 ex
3695 1871 3936 1935 nostris
3973 1870 4256 1940 assiduis

2297 1951 2784 2035 precationibus
2826 1952 2894 2016 id
2936 1953 3330 2035 sperandum
3390 1963 3456 2018 et
3514 1957 3687 2020 certo
3742 1954 4253 2038 exspectandum

2299 2036 2601 2102 ostendit.
2705 2037 2935 2121 Itaque
2994 2040 3048 2103 si
3114 2059 3222 2104 me
3275 2041 3444 2106 istuc
3506 2039 3823 2105 Dominus
3882 2040 4248 2121 deduxerit,

2300 2144 2427 2207 quo
2471 2123 2608 2188 fere
2651 2124 2833 2189 adire
2875 2125 3382 2206 verecundabar,
3421 2125 3503 2190 ob
3546 2146 3655 2192 eas
3698 2148 3860 2209 quas
3897 2127 4018 2194 tibi
4053 2148 4255 2212 expo-

2299 2230 2456 2273 nam
2502 2229 2747 2288 causas,
2794 2231 2924 2275 non
2963 2210 3185 2276 dubito
3221 2213 3377 2294 quin
3409 2211 3525 2276 tibi
3561 2212 3685 2276 sim
3732 2210 3812 2278 de
3849 2212 4256 2280 nobilissima

2301 2296 2576 2361 victoria
2620 2296 3248 2381 congratulationem
3291 2298 3600 2363 facturus.
3688 2297 3873 2362 Bene
3917 2297 4098 2377 vale,
4162 2302 4256 2366 mi

2301 2389 2489 2464 pater
2532 2391 2599 2445 et
2643 2379 2904 2448 domine
2958 2383 3431 2449 colendissime.
3522 2384 3917 2449 Lausannae
3964 2388 4020 2450 6.
4070 2383 4252 2469 Sept.

3183 2520 3648 2588 Deditissimus
3691 2521 3810 2586 tibi

3378 2624 3772 2691 Franciscus
3817 2624 4254 2692 Hotomanus.

2475 2794 2690 2859 Pudet
2710 2799 2764 2877 ⁸)
2842 2815 2948 2860 me
3028 2805 3290 2859 tuarum
3367 2795 3449 2860 ad
3522 2794 3848 2861 Sulcerum
3911 2797 4254 2864 literarum

2300 2881 2702 2945 mentionem
2759 2881 2989 2945 facere.
3079 2880 3297 2965 Oogor
3360 2889 3582 2946 tamen
3640 2904 3725 2945 ne
3781 2884 4083 2966 ingratus
4142 2898 4256 2949 aut

2298 2967 2517 3116 Egtius
2558 2967 2798 3048 impius
2840 2967 3088 3031 videar.
3177 2965 3386 3030 Doleo
3445 2978 3510 3030 te
3555 2967 3680 3032 hoc
3723 2988 3872 3033 mea
3917 2990 4117 3035 causa
4160 2970 4257 3034 la-

2384 3053 2476 3117 ris
2519 3051 2899 3134 suscepisse,
2944 3053 3328 3136 praesertim
3374 3073 3575 3134 quum
3622 3073 3698 3117 eo
3742 3074 3848 3118 me
3891 3076 4020 3120 non
4065 3056 4261 3121 aliter

2302 3158 2581 3202 usurum
2641 3138 3069 3220 intelligeres,
3136 3140 3262 3203 nisi
3329 3136 3445 3202 tibi
3511 3160 3586 3204 co
3638 3140 3818 3204 'tatio
3883 3161 4030 3205 mea
4089 3144 4254 3225 (non

2302 3224 2479 3288 enim
2525 3222 2669 3290 dico
2711 3224 3084 3301 consilium)
3128 3224 3429 3308 placeret.
3456 3228 3508 3300 ⁰)
3649 3224 3729 3290 ed
3785 3247 3986 3309 quum
4031 3235 4254 3293 tamen

2301 3309 2570 3394 coepisti
2630 3309 2805 3376 hunc
2860 3309 3147 3376 laborem
3214 3319 3283 3375 et
3338 3308 3647 3394 diguatus
3712 3332 3783 3376 es
3852 3333 4000 3377 mea
4059 3334 4257 3379 causa

2298 3396 2472 3460 istuc
2529 3395 2954 3472 descendere,
3011 3397 3108 3462 ita
3151 3396 3315 3461 mihi
3356 3394 3576 3460 Deum
3632 3395 3833 3462 velim
3893 3400 4255 3480 propitium

2299 3489 2374 3546 ut
2417 3482 2541 3548 tibi
2576 3502 2721 3547 eam
2759 3483 3039 3566 gratiam
3085 3482 3293 3548 habeo
3336 3503 3531 3565 quam
3572 3480 3793 3564 debe0,
3834 3490 3902 3546 et
3943 3485 4252 3567 pietatem

2298 3566 2612 3650 quamdiu
2692 3568 2920 3634 vivam
2995 3567 3336 3652 praestabo
3408 3589 3604 3651 quam
3671 3568 3917 3652 optimo
3994 3571 4258 3652 parenti

2296 3653 2512 3718 filium
2552 3652 3211 3736 obsequentissimum
3246 3662 3583 3738 praestare
3627 3674 3902 3737 aequum
3929 3667 4047 3720 est.
4116 3655 4256 3724 Do·

2297 3739 2518 3804 minus
2552 3739 2740 3805 Iesus
2787 3739 2904 3804 tibi
2949 3740 3230 3824 gratiam
3276 3741 3533 3805 referat.

2469 3825 2553 3890 D.
2597 3823 2881 3905 Bazaw)
2926 3826 3092 3890 mihi
3149 3825 3476 3910 pollicitus
3531 3834 3672 3888 erat
3735 3845 3804 3889 se
3858 3824 3942 3890 ad
3997 3835 4062 3892 te
4106 3835 4250 3894 tum

2298 3931 2421 3975 sua
2462 3921 2602 3975 tum
2662 3931 2811 3975 mea
2867 3932 3064 3978 causa
3106 3914 3519 3994 scripturum.
3609 3909 3778 3988 Sua,
3835 3919 3911 3976 ut
3964 3912 4256 3979 officium

2296 3997 2690 4079 precationis
2718 4000 2802 4077 ¹¹)
2840 3998 3013 4081 quod
3049 3998 3131 4062 ab
3169 4018 3243 4063 eo
3279 3995 3558 4079 requiris
3602 3997 3722 4062 tibi
3757 3997 4247 4080 paratissimum

2293 4082 2435 4147 fore
2479 4083 2901 4168 intelligeres.
2990 4084 3158 4162 Mea,
3203 4089 3282 4147 ut
3322 4101 3588 4147 causam
3624 4081 3914 4164 aliquam
3957 4105 4254 4152 mearum

2296 4168 2766 4247 molestiarum,
2812 4168 3045 4252 quibus
3085 4189 3278 4250 saepe
3334 4188 3437 4232 me
3497 4168 3857 4233 confectum
3902 4168 4121 4251 videt,
4182 4182 4251 4237 et

2296 4253 2369 4317 in
2414 4254 2652 4337 quibus
2696 4276 2802 4320 me
2845 4255 3225 4337 plerumque
3267 4251 3461 4319 valde
3506 4253 3908 4331 consolatur,
3964 4277 4250 4339 expone-

2296 4348 2428 4418 ret,
2499 4362 2578 4405 ne
2643 4350 2910 4424 putares
2966 4360 3075 4404 me
3132 4339 3272 4405 sine
3344 4338 3651 4404 maximis
3709 4340 4250 4426 gravissimisque

2504 4563 2565 4629 6)
2608 4543 2792 4618 Causa
2839 4561 3083 4618 stauisti
3123 4563 3343 4645 ineunte
3387 4575 3566 4642 mense
3712 4567 3746 4616 t.
3785 4560 3923 4644 1552
3959 4564 4135 4619 deam
4171 4564 4251 4619 ad

2294 4632 2929 4774 {mdgatgzoeegh
2946 4630 3094 4756 ςωιιῖᾱ
3136 4638 3300 4687 etiam
3341 4632 3484 4695 facit
3528 4628 3605 4684 ad
3745 4631 4004 4686 amdam
4041 4649 4250 4688 annum

2505 4770 2559 4838 7)
2596 4785 2690 4824 sic.

2504 4838 2565 4906 8)
2599 4855 2654 4893 se
2693 4840 2879 4893 uentia
2910 4838 2972 4892 ia
3006 4839 3264 4908 maraine.

2503 4908 2565 4974 9)
2613 4857 2838 4963 Videtur
2870 4906 3137 4988 ‘Calvinus
3183 4906 3496 4960 Hotomano
3547 4905 3738 4960 literas
3784 4904 4254 4986 commendatitias

2296 4976 2374 5031 ad
2413 4976 2694 5032 Suberant
2727 4976 3039 5043 tradidisse,
3074 4977 3126 5030 si
3155 4976 3300 5042 forte
3333 4974 3612 5029 Basileam
3646 4990 3837 5029 revera
3870 4979 4143 5044 cogitaret.

2471 5045 2564 5110 10)
2605 5045 2895 5115 Sequentia
2926 5045 2990 5099 in
3022 5052 3189 5114 tsi-90.

2469 5112 2564 5181 11)
2610 5112 2756 5181 Quid
2806 5117 2904 5168 hoc
2958 5114 3066 5168 sibi
3117 5114 3244 5168 velit
3292 5129 3404 5167 non
3453 5114 3581 5167 bene
3627 5113 3978 5182 assequimur.
4066 5111 4132 5168 Si
4182 5115 4252 5169 de

2335 5184 2525 5238 salmis
2554 5185 2759 5252 poetice
2792 5182 3065 5237 vertendis
3088 5198 3206 5236 eum
3225 5182 3375 5251 loqui
3390 5182 3616 5246 dixeris,
3651 5197 3752 5236 nos
3771 5183 3990 5235 minime
4024 5190 4252 5239 contra.-

2291 5199 2459 5388 ἓξὲξ
2486 5269 2623 5321 opus
2653 5251 3335 5389 pherszozz‘ztmhogligsoontempa
3306 5266 3429 5376 tore
3454 5250 3664 5317 (Baum
3684 5251 3727 5303 1.
3743 5268 3797 5318 p.
3822 5248 3966 5317 183).
4034 5254 4256 5321 Verum,

2463 5338 2546 5387 ur,
2581 5337 2674 5375 ver
2708 5337 2745 5374 a
3033 5338 3050 5373 ι
3127 5337 3152 5374 s
3266 5337 3304 5375 n
3330 5361 3343 5373 .

3738 5401 3836 5456 23*
