4900 6167
715 444 841 508 555

884 630 993 694 Ita
1033 627 1142 693 hic
1185 626 1452 711 quidam
1495 623 1685 691 nobis
1726 623 2042 689 molestus
2098 622 2270 700 est2)
2314 619 2424 703 qui
2469 640 2509 685 e
2549 640 2673 703 pu-

715 718 883 785 blico
945 714 1128 781 verbi
1188 712 1552 778 ministerio
1618 723 1887 794 propter
1950 707 2279 793 flagitium
2343 704 2673 790 quoddam

714 803 1139 887 magistratus
1215 797 1526 863 mandato
1606 795 1944 862 submotus
2014 794 2469 876 conquiescere
2539 812 2672 856 non

713 898 931 974 potest
975 885 1177 951 donec
1220 885 1468 950 socium
1511 881 1987 966 pudefactionis
2028 901 2185 946 suae
2221 879 2506 961 aliquem
2549 877 2676 943 sibi

712 973 1030 1040 inveniat.
1095 973 1188 1036 Et
1228 970 1382 1053 quia
1421 970 1491 1035 in
1538 970 1677 1034 vita
1718 988 1794 1034 ac
1837 966 2335 1032 conversatione
2378 963 2676 1029 omnium

715 1059 1061 1142 utriusque
1104 1065 1370 1122 nostrae
1414 1055 1724 1121 ecclesiae
1781 1054 2232 1118 ministrorum
2291 1049 2458 1115 nihil
2503 1046 2674 1132 quod

712 1144 950 1212 merito
994 1141 1293 1208 traducat
1335 1143 1624 1224 reperire
1669 1138 1912 1225 (gratia
1945 1137 2080 1202 Deo
2098 1136 2147 1223 1)
2187 1143 2423 1220 potest,
2471 1135 2675 1199 rimas

716 1231 977 1316 quaerit
1019 1227 1280 1295 serendi
1322 1225 1591 1293 dissidia
1633 1227 1704 1290 in
1748 1224 2061 1298 doctrina,
2108 1232 2176 1287 et
2209 1221 2426 1285 multa
2469 1220 2676 1286 adfin-

766 1319 818 1381 ’t
859 1337 986 1399 quo
1029 1315 1240 1398 magis
1273 1314 1566 1378 invisum
1599 1309 1831 1376 reddat
1868 1319 2168 1374 nostrum
2203 1306 2668 1373 ministerium.

714 1338 943 1469 gamit
986 1411 1202 1465 autem
1247 1400 1649 1465 occasionem
1684 1394 2069 1461 traducendi
2110 1402 2405 1459 nostrum
2450 1393 2674 1457 minis—

713 1490 957 1555 terium
1011 1507 1049 1551 a
1102 1484 1712 1569 praedestinationis
1770 1480 2223 1567 controversia
2265 1499 2460 1563 quam
2504 1477 2673 1543 mire

716 1597 797 1640 ex
970 1578 1094 1638 rat.

801 1594 980 1724 Ἢ
1022 1665 1100 1721 ut
1142 1657 1366 1739 paucis
1399 1676 1540 1721 rem
1575 1665 1779 1721 totam
1821 1653 1938 1719 tibi
1974 1652 2435 1736 perstringam,
2484 1648 2673 1714 docui

715 1767 839 1830 ego
897 1766 1007 1811 eos
1064 1764 1196 1808 non
1250 1751 1427 1808 recte
1478 1741 1559 1806 de
1617 1738 2210 1824 praedestinatione
2227 1740 2285 1812 ⁰)
2334 1736 2673 1813 disserere,

717 1833 827 1915 qui
894 1850 1012 1914 per
1076 1828 1254 1894 illius
1321 1827 1685 1894 doctrinam
1766 1826 2075 1891 meritum
2141 1843 2216 1888 ac
2283 1822 2675 1905 dignitatem

715 1917 950 1983 mortis
994 1936 1071 1981 ac
1114 1913 1455 1981 sacerdotii
1477 1912 1725 1979 Christi
1749 1919 2109 1976 extenuare
2147 1909 2533 1991 elevareque
2568 1926 2673 1973 co-

714 2011 981 2080 nantur,
1018 2001 1213 2083 idque
1255 2000 1401 2065 ideo
1445 1999 1856 2081 potissimum
1894 1996 2036 2063 fieri
2069 1991 2239 2078 quod
2277 1995 2377 2059 vis
2412 2013 2488 2059 ac
2524 2013 2675 2059 con-

715 2088 1048 2154 demnatio
1091 2087 1339 2169 peccati
1384 2084 1591 2150 nostri
1633 2084 1705 2148 in
1749 2082 1900 2148 Ada
1944 2102 2074 2146 non
2119 2082 2280 2147 satis
2323 2077 2676 2163 diligenter

715 2195 757 2240 a
800 2175 1124 2258 plerisque
1169 2170 1557 2256 explicatur,
1602 2177 1669 2235 et
1707 2167 1983 2252 proinde
2026 2187 2147 2232 nos
2192 2186 2324 2231 non
2368 2164 2675 2231 assentiri

713 2261 799 2326 iis
843 2260 953 2344 qui
999 2259 1138 2324 loca
1184 2257 1507 2342 quaedam
1550 2256 1913 2356 scripturae
1956 2252 2037 2319 de
2083 2251 2675 2335 praedestinatione

713 2348 810 2412 ita
852 2353 1095 2430 urgent
1129 2350 1203 2409 ut
1246 2364 1330 2409 ne
1377 2353 1489 2407 ent
1533 2359 1800 2406 ommno
1825 2338 2167 2405 Christum
2211 2358 2328 2420 pro
2373 2334 2676 2402 omnibus

712 2442 1048 2498 mortuum
1093 2451 1252 2496 esse.
1419 2430 1520 2494 'nc
1568 2426 1776 2492 bonus
1819 2426 1930 2490 ille
1975 2425 2078 2490 vir
2121 2423 2491 2490 occasiones
2535 2442 2676 2487 om-

712 2539 833 2584 nes
889 2517 1146 2600 quaerit
1204 2512 1647 2581 committendi
1706 2532 1827 2577 nos
1886 2531 2035 2577 cum
2089 2511 2175 2575 D.
2230 2507 2505 2586 Calvinae,
2562 2507 2677 2591 qui

713 2603 1046 2688 plerisque
1080 2602 1360 2667 nimium
1396 2600 1557 2664 dure
1593 2597 1673 2663 de
1708 2595 2304 2683 praedestinatione
2340 2593 2677 2676 scripsisse

714 2688 997 2766 videtur,
1043 2697 1109 2752 et
1152 2708 1271 2752 nos
1315 2695 1575 2752 accusat
1617 2683 1859 2768 passim
1909 2682 2095 2766 quasi
2139 2700 2379 2746 nomen
2423 2690 2492 2745 et
2533 2677 2676 2746 doc·

715 2776 962 2840 trinam
992 2772 1242 2839 Galvini
1286 2771 1760 2836 damnaremus.
1831 2768 2006 2850 Quia
2047 2789 2204 2833 vero
2241 2788 2324 2831 ex
2360 2787 2464 2830 me
2509 2764 2677 2829 nihil

715 2880 1006 2944 unquam
1053 2858 1330 2936 audivit,
1384 2877 1594 2940 neque
1652 2857 1792 2938 ipse
1845 2874 2056 2939 neque
2102 2853 2267 2919 alius
2310 2852 2674 2935 quisquam,

717 2945 890 3030 quod
951 2945 1032 3011 ad
1099 2941 1568 3010 traducendum
1646 2940 1897 3010 calvini
1950 2961 2222 3016 nomen,
2335 2958 2486 3002 uem
2553 2958 2675 3021 ego

717 3032 964 3116 alioqui
1008 3039 1082 3097 ut
1121 3031 1339 3095 virum
1362 3029 1488 3095 Dei
1533 3048 1810 3093 veneror
1852 3034 2045 3110 atque
2089 3045 2256 3102 amo,
2347 3023 2677 3106 etorqueri

713 3118 940 3204 possit,
987 3118 1187 3182 alium
1233 3116 1496 3200 reperit,
1543 3136 1751 3180 unum
1787 3135 1824 3178 e
1867 3113 2112 3178 nostris
2148 3109 2433 3193 collegis,
2481 3129 2676 3190 quem

713 3205 942 3269 multis
986 3201 1365 3267 nominibus
1411 3220 1717 3268 accusare
1761 3200 1993 3282 coepit,
2040 3197 2095 3263 si
2132 3215 2260 3280 quo
2306 3194 2500 3260 modo
2537 3193 2667 3259 effi·

715 3311 865 3356 cere
920 3298 1148 3372 queat,
1225 3298 1302 3351 ut
1357 3284 1908 3370 quemadmodum
1962 3285 2101 3366 ipse
2160 3292 2425 3365 propter
2485 3301 2677 3345 suum

715 3376 1045 3461 flagitium
1100 3384 1168 3438 et
1234 3373 1594 3438 ministerio
1652 3391 1773 3436 suo
1831 3367 2176 3434 submotus
2220 3374 2288 3430 et
2334 3364 2415 3431 ad
2462 3364 2679 3449 publi-

717 3483 861 3529 cam
905 3460 1373 3545 poenitentiam
1418 3456 1738 3543 agendam
1793 3453 2062 3519 adactus
2117 3459 2261 3518 erat
2278 3503 2293 3530 ,
2349 3452 2443 3517 ita
2498 3450 2678 3517 hunc

718 3548 945 3614 eodem
992 3545 1256 3630 adigere
1311 3542 1508 3608 etiam
1566 3542 1784 3625 possit.
1889 3538 2217 3605 Solatium
2277 3545 2376 3603 est
2430 3537 2680 3604 scilicet

716 3634 927 3700 socios
971 3629 1213 3697 habere
1257 3650 1636 3713 poenarum.
1726 3624 2019 3691 Protulit
2062 3634 2278 3690 autem
2317 3623 2445 3689 tria
2488 3643 2679 3690 accu-

716 3718 986 3786 sationis
1031 3717 1262 3801 capita.
1356 3715 1655 3780 Primum
1677 3759 1691 3785 ,
1751 3710 1922 3795 quod
1978 3710 2226 3796 collega
2269 3717 2491 3775 noster
2534 3710 2678 3793 qui-

713 3804 865 3869 dam
943 3803 1217 3870 dixisset
1233 3854 1249 3880 ,
1341 3809 1682 3885 peccatum
1772 3797 1958 3863 Adae
2040 3818 2172 3863 non
2256 3817 2399 3862 esse
2490 3794 2677 3861 suffi-

716 3892 898 3957 ciens
956 3889 1038 3954 ad
1098 3889 1361 3973 generis
1418 3885 1694 3951 humani
1749 3883 2375 3950 condemnationem.
2490 3881 2678 3946 Alte-

710 3997 895 4055 rum,
966 3973 1141 4057 quod
1203 3972 1437 4056 aliquis
1503 3969 1757 4035 servari
1821 3970 2028 4052 possit
2085 3968 2282 4033 etiam
2336 3970 2480 4033 sine
2541 3966 2679 4032 ulla

714 4059 967 4126 Christi
1012 4059 1289 4126 Domini
1333 4060 1720 4143 cognitione.
1813 4055 2140 4132 Tertium,
2194 4054 2364 4137 quod
2407 4055 2481 4118 in
2526 4052 2677 4119 doc-

715 4148 893 4211 trina
933 4144 1547 4230 praedestinationis
1592 4142 1929 4207 diversum
1976 4161 2016 4204 a
2054 4138 2313 4206 Calvino
2356 4138 2680 4206 docuisset

715 4245 782 4300 et
826 4253 1069 4298 nomen
1117 4229 1369 4297 calvini
1414 4228 1835 4295 traduxisset.
1924 4226 2108 4293 Haec
2153 4235 2369 4292 tamen
2419 4245 2679 4292 accusa-

715 4321 914 4384 tionis
958 4318 1172 4401 capita
1206 4315 1406 4381 nullis
1451 4313 1845 4380 testimoniis
1881 4311 2241 4397 approbare
2285 4312 2517 4395 potuit,
2562 4311 2678 4377 sed

715 4405 800 4471 ad
844 4426 1034 4471 suam
1078 4402 1404 4469 duntaxat
1459 4400 1938 4468 accusationem
1992 4398 2314 4482 collegam
2372 4407 2676 4463 nostrum

716 4491 896 4576 adigi
953 4512 1070 4575 per
1135 4509 1256 4555 nos
1311 4487 1496 4572 cupit
1547 4485 1631 4553 ad
1685 4484 2012 4571 publicam
2069 4484 2542 4567 poenitentiam
2601 4505 2676 4551 ac

715 4576 1080 4644 ministerio
1139 4594 1259 4641 suo
1319 4572 1712 4639 submoveri.
1812 4571 1872 4635 E
2013 4589 2203 4649 vere,
2278 4570 2404 4635 etsi
2469 4570 2543 4635 in
2598 4591 2675 4636 eo

716 4664 862 4747 ipso
906 4661 1067 4728 colle
1198 4670 1422 4726 nostro
1478 4657 1799 4742 quaedam
1909 4654 2179 4734 esider0,
2241 4677 2518 4739 quorum
2575 4663 2676 4722 est

714 4752 851 4815 iam
896 4766 1073 4814 seme
1143 4755 1339 4830 atque
1380 4746 1623 4810 iterum
1668 4741 2041 4834 admonitus
2098 4743 2167 4806 in
2227 4749 2412 4808 coetu
2459 4742 2673 4807 senio-

981 4925 1126 4932 *—

922 5020 983 5090 2)
1021 5021 1321 5091 Kuyperus
1353 5018 1441 5073 hic
1475 5018 1789 5086 mpdcatur
1832 5015 1999 5068 innui
2030 5015 2199 5071 Mieh.
2236 5015 2506 5085 Anqdum
2545 5015 2675 5072 Flo-

717 5094 929 5147 riom
963 5093 1399 5146 concionatorem
1437 5087 1658 5151 Italum,
1703 5085 1801 5154 qui
1833 5099 1967 5140 sane
1999 5085 2061 5137 in
2094 5099 2197 5139 cuo
2230 5093 2383 5140 coctu
2415 5084 2675 5140 dissidio-

716 5177 844 5215 nm
878 5175 1050 5216 causa
1081 5161 1208 5223 fuit,
1242 5163 1297 5212 et
1344 5159 1352 5167 '
1389 5171 1448 5211 ao
1480 5155 1620 5210 mle
1652 5153 1927 5209 audiebat.
1983 5153 2090 5220 ((7.
2130 5152 2339 5225 Strype,
2380 5151 2602 5211 oram.
2630 5155 2674 5209 Ι.

716 5224 1312 5296 847et11.App.N.
1381 5222 1579 5288 aba.)
1654 5221 2545 5292 Sedkmpemipmsunto.

724 5365 894 5420 mol
926 5295 1478 5419 31)86{ar1⁶1a⁸&1w
1508 5309 1565 5363 p.
1593 5290 1666 5346 42
1686 5307 1759 5347 σε.
1833 5291 1988 5347 Idem
2021 5294 2086 5348 in
2118 5291 2316 5349 Jahrb.
2345 5291 2391 5358 f.
2425 5291 2677 5349 macho

2226 428 2755 498 EPISTOLAE
2810 434 3091 494 1750--1
3104 433 3141 492 7
3150 431 3226 492 52

4582 433 4686 495 556

2773 640 2925 686 rum
2969 619 3282 693 omnium.
3327 618 3589 703 culpam
3623 624 3851 684 tamen
3886 638 4113 684 eorum
4147 638 4419 701 quorum
4460 619 4692 685 nomine

2775 716 3122 773 accusatur
3198 724 3551 790 agnoscere
3629 706 3702 771 in
3781 704 3897 770 illo
3962 724 4097 770 non
4167 724 4446 787 possum.
4543 704 4694 770 Nam

2775 792 2998 876 priora
3040 791 3169 857 duo
3212 792 3428 874 capita
3469 791 3900 857 accusationis
3952 789 4137 856 nullo
4194 787 4384 855 modo
4434 793 4697 875 agnoscit

2774 890 2847 944 et
2900 886 3239 944 accusator
3300 877 3421 944 illa
3473 876 3676 942 nullis
3729 876 4120 943 testimoniis
4175 874 4445 959 probare
4492 885 4696 959 potest.

2779 965 3076 1030 Tertium
3121 984 3279 1029 vero
3337 964 3433 1028 ita
3490 963 3786 1046 agnoscit
3838 970 3915 1027 ut
3973 982 4046 1027 se
4100 982 4140 1026 a
4187 960 4441 1028 Calvino
4482 961 4698 1027 dissen-

2781 1051 2908 1115 tire
2967 1051 3278 1127 fateatur,
3338 1048 3455 1114 sed
3510 1060 3738 1115 tamen
3793 1068 3925 1114 non
3981 1047 4126 1114 ideo
4179 1056 4294 1113 aut
4334 1067 4559 1113 nomen
4599 1057 4699 1113 aut

2779 1136 3024 1218 scripta
3084 1134 3334 1201 Calvini
3390 1134 3524 1200 ullo
3580 1134 3773 1200 modo
3830 1132 4150 1199 traducat.
4254 1134 4476 1199 Habes
4528 1134 4698 1198 unius

2779 1221 3265 1288 controversiae
3309 1219 3705 1303 exemplum,
3753 1219 3860 1285 vir
3902 1220 4293 1295 doctissime,
4352 1219 4565 1304 paucis
4602 1218 4700 1285 ad·

2778 1309 3175 1384 umbratum‚
3216 1307 3399 1372 cuius
3435 1306 3679 1388 alioqui
3710 1304 4005 1371 nondum
4039 1307 4241 1372 finem
4275 1305 4595 1371 habemus.
4630 1343 4700 1352 —

2950 1478 3179 1545 Habeo
3223 1497 3402 1544 nunc
3441 1499 3603 1561 prae
3646 1477 3947 1544 manibus
3982 1478 4425 1544 caeremonias
4467 1485 4701 1542 nostrae

2778 1565 3089 1632 ecclesiae
3135 1584 3527 1648 omnemque
3569 1564 3751 1629 illius
3796 1563 3870 1629 in
3915 1570 4141 1630 nostro
4198 1562 4558 1629 ministerio
4596 1583 4702 1647 gu-

2777 1650 3247 1717 bernationem.
3319 1648 3639 1729 Prodibit,
3683 1670 3895 1733 spero,
3941 1650 4064 1716 sub
4106 1649 4433 1734 hyemem.
4499 1646 4703 1714 Scribo

2780 1748 3003 1803 autem
3065 1759 3193 1804 non
3252 1737 3395 1803 sine
3452 1736 3734 1813 Theseo,
3790 1744 4017 1802 nostro
4071 1736 4345 1819 inquam
4405 1734 4702 1811 meronie,

2778 1844 2975 1907 quem
3040 1831 3304 1889 nostrae
3365 1822 3473 1888 hic
3543 1821 3855 1889 ecclesiae
3922 1821 4114 1888 valde
4178 1822 4487 1905 gratulor.
4585 1819 4703 1886 Rex

2778 1930 2967 1975 meus
3031 1906 3327 1975 Poloniae
3392 1906 3633 1975 dicitur
3709 1906 4030 1975 adornare
4100 1927 4313 1973 novas
4378 1908 4640 1991 nuptias.
4662 1909 4704 1982 ⁴)

2778 1995 3032 2061 Putant
3085 1994 3379 2079 plerique
3445 1993 3632 2059 illum
3698 1993 4001 2060 nonnihil
4066 1993 4356 2077 cogitare
4419 1993 4500 2059 de
4550 1993 4709 2058 resti·

2779 2080 3026 2146 tuenda
3068 2101 3109 2145 a
3155 2080 3245 2146 ud
3287 2102 3439 2147 suos
3481 2080 3601 2145 reli
3654 2081 3798 2145 ‘one
3831 2081 4096 2163 foreque
4138 2086 4217 2146 ut
4251 2091 4321 2144 et
4354 2100 4474 2163 ego
4506 2080 4582 2145 ab
4611 2077 4707 2141 illo

2780 2186 2997 2234 vocer.
3182 2164 3225 2230 d
3289 2188 3409 2250 ego
3467 2101 3672 2230 nihilq
3696 2165 3862 2231 mihi
3915 2166 4079 2232 certi
4145 2163 4364 2232 adhuc
4431 2165 4509 2230 de
4566 2163 4707 2229 meis

2777 2252 3074 2336 polliceri
3117 2273 3402 2335 possum.
3495 2251 3639 2319 Rex
3693 2261 3920 2317 noster
3962 2252 4239 2336 Anyliae
4296 2253 4431 2316 iam
4482 2249 4707 2334 pridem

2780 2339 3041 2423 languit
3108 2338 3223 2404 sed
3285 2359 3517 2404 rursus
3578 2337 3714 2403 iam
3784 2337 3899 2420 (sit
3950 2336 4243 2403 Domino
4301 2336 4448 2403 Deo
4510 2348 4705 2402 nostro

2779 2424 3024 2575 graltia)
3080 2424 3441 2573 rfvalescit.
3488 2461 3575 2471 —
3630 2458 3715 2469 —-
3772 2459 3855 2472 -
3915 2459 3997 2470 -
4054 2422 4348 2505 Raptim.
4448 2420 4717 2491 Londini,

2784 2516 2840 2575 7.
2924 2509 3066 2575 unii
3153 2513 3296 2576 553.

3335 2648 3518 2712 'I'uus
3562 2666 3718 2712 vere
3763 2654 3829 2711 et
3873 2667 3956 2711 ex
4002 2646 4222 2712 animo
4266 2652 4546 2730 quantus
4587 2651 4673 2709 est

3585 2748 3862 2816 loannes
3908 2771 3948 2815 a
3990 2748 4205 2815 Lasco
4250 2769 4338 2814 m.
4382 2769 4478 2833 pr.

2954 2941 3037 3005 D.
3109 2938 3396 3014 Calvino,
3451 2938 3510 3002 si
3566 2936 3827 3022 quando
3885 2938 4003 3002 tibi
4055 2936 4471 3003 commodum
4514 2934 4706 3010 fuerit,

2782 3046 2903 3091 nos
2937 3025 3354 3103 commenda,
3421 3033 3489 3090 et
3530 3033 3789 3091 nostras
3832 3022 3931 3088 illi
3973 3023 4081 3089 hic
4275 3021 4496 3089 cedias
4536 3041 4707 3104 expo-

2782 3133 2930 3211 nas·
2959 3132 3234 3195 oresque
3296 3110 3506 3212 illum·
3535 3110 3750 3177 verbis
3803 3110 3971 3209 meis
4026 3131 4111 3175 ne
4154 3108 4314 3209 quid
4357 3117 4593 3175 temere
4640 3103 4708 3169 dc

2783 3198 2992 3349 3ξὲξέ
3013 3197 3555 3350 “mamad
3571 3194 4333 3364 offiflssnlussdssnfflissssbffl
4369 3200 4706 3280 spargatur,

3536 3576 3948 3588 ——1-—1————

3671 3794 3853 3865 1751.

2924 3917 2935 3933 ’
3017 3953 3371 4018 GALVIN
3418 3955 3480 4017 A
3524 3951 3926 4018 MADAME:
3973 3952 4099 4017 DE
4145 3951 4423 4019 GANY.
4457 3959 4502 4032 ¹)

2961 4126 3224 4193 Paroles
3264 4126 3340 4191 de
3381 4122 3753 4190 consolation
3795 4128 3853 4188 et
3897 4124 4478 4209 d’enoourayemnt.

2781 4296 3006 4366 (Copias
3052 4296 3190 4349 Bibl.
3239 4294 3310 4349 de
3353 4291 3599 4360 Genava,
3664 4294 3787 4349 Vol.
3835 4294 3953 4362 107,
3999 4296 4036 4349 f.
4082 4295 4170 4349 44.
4240 4296 4362 4351 Vol.
4400 4295 4514 4364 109,
4561 4294 4599 4348 f.
4639 4288 4709 4344 47.

3134 4366 3353 4419 Lettres
3386 4364 3451 4418 fr.
3487 4363 3532 4416 Ι.
3567 4362 3688 4417 391.
3758 4364 3922 4418 Trad.
3958 4365 4099 4435 angl.
4135 4366 4206 4420 Π.
4238 4364 4384 4431 390.)

2958 4538 3075 4604 Ma
3116 4539 3348 4617 Dame,
3408 4536 3704 4603 combien
3756 4558 3883 4621 que
3947 4537 4012 4602 ie
4065 4559 4149 4602 ne
4212 4538 4341 4605 sois
4385 4558 4506 4622 pas
4549 4532 4709 4600 telle-

2781 4631 2967 4690 ment
3022 4623 3434 4707 desprouveu
3492 4621 3573 4688 de
3631 4619 4044 4707 compassion
4102 4644 4229 4707 que
4281 4624 4345 4691 ie
4404 4643 4489 4688 ne
4546 4627 4708 4688 sente

2780 4732 2936 4776 mon
2978 4730 3172 4776 coeur
3215 4723 3498 4789 e'nserre,
3542 4717 3748 4794 oyant
3789 4709 3856 4775 la
3897 4709 4210 4795 captivite
4245 4710 4395 4794 plus
4431 4706 4707 4776 estroicte

2779 4818 2907 4881 que
2952 4796 3180 4862 iamais
3222 4817 3306 4861 ou
3352 4816 3514 4863 vous
3558 4805 3729 4862 estes
3786 4797 4201 4861 maintenant
4256 4809 4486 4874 tenue,
4544 4794 4596 4859 si
4635 4809 4706 4854 ne

2778 4882 3093 4968 laisseray
3126 4881 3189 4947 ie
3224 4902 3264 4946 a
3298 4902 3461 4949 vous
3504 4880 3813 4948 exhorter
3847 4881 3928 4946 de
3965 4902 4132 4949 vous
4165 4884 4391 4948 munir
4424 4880 4505 4946 de
4538 4882 4705 4944 vertu

2779 4979 2848 5034 et
2901 4975 3249 5036 constance
3264 5018 3282 5047 ,
3355 4966 3540 5034 selon
3596 4988 3723 5051 que
3778 4987 3946 5032 vous
4013 4976 4235 5034 sentez
4291 4968 4356 5032 la
4411 4963 4704 5032 tentation

2982 5223 3046 5291 4)
3082 5242 3202 5282 cum
3264 5222 3573 5280 Gathar-‘na
3626 5224 3747 5288 filia
3797 5224 3942 5293 romb
4000 5223 4380 5292 Fadinandi,
4436 5215 4704 5279 nme-’ua‘

2782 5294 3087 5350 Mantuani
3115 5293 3303 5349 vidua.
3612 5339 3615 5342 .

2778 5363 2945 5421 1751.
2990 5364 3045 5430 1)
3086 5363 3268 5432 oon-p.
3308 5363 3382 5418 N.
3418 5361 3569 5417 1634.
3610 5358 3791 5417 1640.-
