4900 6167
717 390 842 453 319

716 572 896 641 misit
967 594 1008 638 a
1062 581 1196 637 tam
1264 570 1429 636 dura
1491 568 1803 635 liberetur
1858 568 2193 635 servitute.
2224 573 2276 644 ¹)
2361 568 2499 635 Nos
2551 588 2671 651 pro

716 680 900 727 more
953 657 1062 724 hic
1105 658 1475 723 laboramus
1517 663 1775 721 tantum
1814 675 1946 719 non
1990 653 2221 720 obruti.

893 742 1178 810 Causam
1232 762 1434 825 quare
1493 740 1601 807 hic
1654 741 1862 806 frater
1903 738 1988 804 ad
2032 748 2097 805 te
2139 738 2424 804 mittitur
2467 758 2672 823 exeo

720 827 960 896 audies.
1030 828 1305 894 Horrori
1343 828 1613 893 fuerunt
1643 825 1809 891 mihi
1843 846 2102 909 semper
2135 823 2433 904 divortia,
2512 845 2673 889 uum

717 927 984 1001 propter
1043 913 1421 981 scandalum
1441 964 1455 989 ,
1517 920 1658 978 tum
1716 910 1800 977 ob
1857 919 2106 978 metum
2149 931 2233 976 ne
2277 931 2441 994 qnos
2554 931 2672 977 eus

719 1000 1061 1066 coniunxit
1108 999 1300 1066 homo
1342 1009 1617 1082 separet.
1707 997 2007 1081 Rogatus
2050 996 2266 1062 dicere
2319 995 2478 1079 quid
2521 1016 2670 1060 sen-

722 1089 917 1151 tirem
943 1137 957 1162 ,
1024 1106 1108 1151 ex
1150 1082 1353 1150 verbo
1396 1083 1669 1150 Domini
1712 1081 2049 1166 respondi,
2108 1080 2269 1146 mihi
2334 1102 2467 1148 non
2513 1083 2672 1148 satis

721 1171 986 1256 liquere,
1031 1190 1234 1254 quum
1276 1171 1553 1255 probare
1596 1189 1728 1233 non
1774 1169 2015 1252 possim
2060 1166 2447 1246 divortium,
2494 1165 2672 1250 quod

720 1259 799 1325 fit
838 1258 910 1323 in
954 1257 1246 1323 favorem
1287 1255 1796 1340 transgressoris
1851 1265 1918 1317 et
1967 1253 2376 1336 iniquissime
2431 1252 2502 1318 id
2558 1273 2670 1336 pe-

722 1344 940 1409 tentis.
1030 1341 1433 1408 Concessum
1486 1340 1610 1406 fnit
1666 1349 1743 1404 ut
1784 1350 1848 1405 te
1891 1339 2318 1405 consulerem.
2406 1339 2507 1403 'ru
2549 1339 2670 1423 igi-

722 1436 834 1495 tur
872 1428 1062 1494 fratri
1112 1427 1298 1494 iuxta
1339 1426 1558 1492 datam
1604 1424 1720 1491 tibi
1766 1447 1807 1491 a
1848 1425 2137 1490 Domino
2179 1423 2461 1510 gratiam
2517 1444 2671 1491 con·

724 1514 918 1580 eules.
987 1513 1065 1581 Si
1100 1513 1522 1597 magistratus
1556 1530 1675 1578 suo
1710 1508 1928 1578 debito
1962 1511 2346 1595 fungeretur
2377 1529 2671 1588 munere,

723 1599 935 1665 multa
977 1620 1094 1665 nos
1137 1599 1390 1665 levaret
1429 1597 1728 1663 molestia
1742 1649 1757 1676 ‚
1802 1607 1870 1662 et
1916 1604 2049 1661 tam
2095 1595 2238 1661 dira
2280 1617 2411 1661 non
2454 1606 2672 1661 exsta-

726 1694 877 1752 rent
931 1693 1251 1770 portenta.
1357 1681 1490 1750 Sed
1558 1703 1759 1768 quum
1820 1703 1951 1748 non
2009 1689 2164 1767 agat
2225 1680 2397 1766 qnod
2462 1680 2672 1760 debet,

727 1771 911 1855 aperi
954 1772 1138 1837 cuius
1181 1772 1267 1835 sit
1311 1768 1790 1846 admonendus,
1849 1775 1917 1833 et
1971 1766 2126 1849 quid
2172 1765 2496 1833 iudicibus
2539 1774 2674 1832 tam

722 1858 1002 1924 miserae
1043 1876 1278 1923 causae
1320 1877 1403 1921 ex
1441 1854 1729 1921 Domino
1762 1855 1848 1921 sit
1890 1850 2254 1920 dicendum.
2337 1851 2525 1930 Vale,
2571 1854 2675 1918 vir

724 1941 870 2009 Dei.
939 1941 1176 2008 Servet
1210 1954 1275 2007 te
1297 1942 1606 2009 Christus
1641 1961 1797 2006 suae
1830 1938 2140 2006 ecclesiae
2174 1947 2415 2021 tuaque
2448 1946 2677 2004 sancta

726 2029 1021 2113 perficiat
1065 2038 1231 2093 vota.
1322 2027 1627 2094 Neocomi
1676 2030 1770 2091 17.
1816 2024 1980 2091 Maii
2033 2028 2212 2089 1552.

1951 2162 2135 2227 Tuus
2176 2159 2499 2227 Farellus.

1608 2671 1800 2745 1623.

1199 2826 1700 2896 PARELLUS
1747 2827 2176 2896 GALVINO.

901 2995 1073 3066 Em
1141 3004 1368 3067 narrat
1430 2998 1759 3067 historiam
1812 3000 2145 3067 cuiusdam
2213 3002 2375 3068 male
2439 3001 2676 3085 famati

731 3082 1003 3150 hminis
1022 3084 1135 3167 qui
1167 3108 1209 3151 a
1242 3085 1498 3171 coniuye
1531 3086 1797 3153 divortio
1829 3088 2121 3171 separari
2153 3089 2411 3169 cupiens
2441 3087 2678 3167 fraude

731 3169 2674 3253 idaiudicibusimpetravitdtatamenutanrammco·

730 3274 878 3319 rum
919 3255 1221 3407 ἅωὲἰέάωη
1274 3277 1406 3322 esse
1452 3258 1660 3340 possit
1696 3258 1831 3339 ipse
1887 3257 2202 3341 ambiym
2249 3257 2499 3325 Calvina·
2540 3279 2678 3324 sen-

724 3339 979 3407 tantiam
1154 3344 1248 3407 ire
1288 3344 1443 3408 velit.

729 3513 839 3577 (Ex
878 3511 1009 3567 God.
1045 3511 1248 3567 flonev.
1287 3510 1411 3578 145,
1458 3512 1550 3566 fol.
1608 3511 1716 3566 156.
1788 3514 1841 3567 A

728 3582 785 3636 in
823 3581 955 3637 cod.
994 3579 1113 3646 116,
1149 3580 1240 3635 sol.
1275 3578 1359 3632 27.
1432 3580 1595 3634 Bern.
1629 3581 1687 3634 in
1723 3580 1859 3702 sspf.

1483 3665 1602 3703 rum
1639 3649 1764 3702 Vol.
1835 3647 1913 3715 7.)

1952 3513 2121 3652 iiapll‘ia
2130 3515 2460 3638 Βιὲοέοᾶιίοη
2483 3514 2673 3638 Sbables

1985 3618 2002 3637 .
2080 3620 2091 3632 .
2358 3601 2444 3652 ap.
2525 3601 2596 3637 nm
2620 3601 2674 3638 c·

1968 3717 1981 3730 0

900 3821 1026 3887 Est
1068 3820 1174 3887 hic
1220 3820 1325 3886 vir
1355 3819 1401 3904 ¹)
1445 3820 1634 3887 cuius
1675 3822 1808 3886 vita
1850 3831 2151 3891 anteacta
2190 3845 2424 3908 parum
2466 3824 2675 3908 proba

961 3904 1278 3971 Militavit
1318 3906 1514 3978 enim.
1560 3908 1963 3991 praefuitque
2006 3910 2354 3989 militibus,
2394 3910 2467 3975 in
2509 3930 2671 3975 uxo-

728 4011 868 4057 rem
914 4011 1142 4074 parum
1184 4013 1460 4074 aequus:
1504 4013 1708 4075 quum
1752 4015 1835 4060 ue
1877 4015 2008 4061 non
2042 4017 2192 4061 raro
2224 4005 2441 4063 scorta
2474 3994 2673 4062 habe-

728 4089 865 4156 ret,
930 4076 1321 4146 causabatur
1389 4098 1618 4160 parum
1688 4079 1710 4143 i
1757 4099 1988 4146 oneam
2056 4103 2215 4148 esse.
2318 4081 2674 4166 Quumque

726 4182 909 4229 mare
952 4161 1493 4228 offendiculorum
1529 4175 1829 4247 apertum
1863 4176 2051 4247 esset,
2098 4165 2450 4235 divortium
2485 4168 2675 4234 nimi-

727 4269 878 4314 rum
899 4249 1253 4333 coniugum
1277 4248 1573 4326 tentavit,
1616 4250 1786 4334 quod
1822 4250 2177 4336 plerique,*
2218 4263 2296 4320 ut
2335 4274 2672 4339 separare-

729 4345 840 4399 tur
873 4333 953 4399 ab
987 4353 1213 4409 uxore,
1341 4335 1513 4418 ‘tque
1550 4335 1777 4402 multis
1810 4356 1959 4404 cum
1994 4349 2254 4424 pastore
2287 4362 2673 4408 asseverans

726 4419 1014 4502 ineptam
1060 4440 1201 4487 esse
1243 4355 1359 4485 ff

726 3906 872 3971 fuit.

1369 4420 1765 4506 coniugium.
1848 4422 2083 4491 Pastor
2140 4425 2366 4494 nolens
2428 4435 2672 4494 temere

731 4676 1027 4803 mia·
1188 4747 2152 4824 proniorem-&aemats'iqm

730 4830 918 4942 ms.
916 4812 1735 4942 ,a-oaoqmwmm,
1768 4821 2674 4957 jonides-wewam

734 4882 1367 5011 mamm

730 4961 1660 5157 ssss'ffiaw
1676 4959 1996 5154 &¹⁴¹5

2224 378 2751 449 EPISTOLAE
2799 384 3220 446 1622—1624

4557 396 4660 460 320

2771 590 2912 634 rem
2968 567 3247 653 proponi
3311 587 3531 632 coram
3596 568 3677 632 iis
3745 569 3854 651 qui
3913 590 4144 635 causas
4201 574 4660 643 matrimoniales

2772 654 3121 720 audiebant
3163 652 3365 738 (quod
3410 661 3569 717 tunc
3611 652 3806 719 fiebat
3847 655 4028 719 nullo
4071 664 4320 721 astante
4351 679 4543 743 neque
4567 682 4664 727 au·

2775 739 2991 807 diente
3035 747 3328 823 pastore,
3384 738 3500 803 ubi
3541 759 3717 804 nunc
3774 760 3952 806 unus
3995 748 4253 806 tantum
4290 742 4663 828 admittitur),

2773 836 2958 892 ratus
3029 825 3128 889 sui
3184 824 3479 890 muneris
3543 844 3700 890 esse·
3758 833 3936 892 recte
3998 825 4291 909 partibus
4352 830 4664 906 consulere,

2774 912 2990 977 effecit
3031 919 3108 975 ut
3151 911 3257 976 vir
3296 909 3408 975 ille
3451 930 3606 976 cum
3646 930 3852 976 uxore
3887 911 4308 978 Lausannam
4347 913 4579 980 adirent
4612 928 4667 982 et

2775 995 3192 1064 consulerent
3261 993 3589 1062 medicum
3605 1047 3621 1075 ,
3702 996 3812 1079 qui
3894 996 4246 1083 diligenter
4305 998 4669 1067 considerata

2775 1083 3002 1148 uxoris
3045 1089 3489 1165 temperatura
3546 1084 3752 1147 suasit
3807 1084 3952 1148 viro
3996 1104 4080 1150 ne
4137 1082 4478 1150 divortium
4516 1096 4668 1170 pem-

2774 1178 2910 1247 ret,
2965 1176 3035 1234 et
3075 1175 3298 1233 sancte
3340 1167 3602 1251 scripsit
3644 1167 3724 1232 ad
3770 1177 4094 1252 pastorem
4138 1168 4383 1235 nullam
4424 1191 4553 1237 esse
4589 1171 4668 1236 di·

2773 1254 2976 1319 vortii
3018 1274 3299 1319 causam.
3387 1253 3617 1337 Itaque
3659 1275 3789 1320 non
3836 1255 4052 1339 potuit
4092 1254 4259 1338 quod
4297 1256 4542 1321 volebat
4575 1257 4671 1321 ob·

2774 1341 2982 1406 tinere
2996 1390 3010 1417 ,
3055 1360 3334 1424 pergens
3373 1340 3627 1404 interea
3668 1360 3899 1423 parum
3944 1347 4137 1406 caste.
4225 1341 4505 1407 'l'andem
4544 1351 4678 1407 ante

2774 1423 3109 1491 biennium
3151 1425 3246 1490 ita
3288 1425 3424 1510 egit
3463 1445 3612 1490 eum
3655 1447 3891 1503 uxore,
3935 1425 4104 1510 quod
4148 1446 4227 1491 ea
4267 1426 4451 1511 petiit
4488 1426 4672 1492 divor·

2775 1511 2944 1577 tium
3001 1509 3084 1575 ob
3138 1511 3563 1577 commissum
3620 1532 3662 1576 a
3718 1512 3860 1576 viro
3917 1510 4314 1577 adulterium
4329 1564 4345 1591 ,
4411 1514 4674 1595 idemque

2775 1604 2977 1663 testes
3035 1597 3225 1662 uxori
3289 1597 3682 1662 nominavit:
3748 1618 4079 1681 quumque
4144 1597 4477 1682 probatum
4532 1609 4676 1664 esset

2775 1683 2990 1766 ipsum
3035 1681 3455 1748 moechatum
3499 1703 3659 1758 esse,
3703 1681 3951 1749 iudices
3994 1685 4263 1750 seorsim
4307 1683 4677 1767 interrogant

2775 1789 3065 1843 uxorem,
3111 1788 3311 1851 quare
3356 1778 3607 1851 peteret
3648 1766 4023 1847 divortium,
4069 1780 4136 1834 et
4167 1768 4473 1853 numquid
4504 1767 4677 1833 vellet

2778 1854 2920 1919 viro
2964 1853 3405 1920 reconciliari?
3468 1851 3599 1919 Illa
3639 1855 3709 1918 in
3757 1874 3926 1920 enue
3957 1853 4135 1921 fassa
4169 1865 4267 1920 est
4308 1876 4377 1919 se
4418 1854 4674 1920 adactam

2776 1940 2977 2006 fuisse
3020 1941 3219 2005 etiam
3261 1940 3646 2007 verberibus
3746 1941 4057 2006 ivortium
4113 1949 4336 2024 petere
4378 1950 4442 2005 et
4481 1961 4546 2006 se
4582 1959 4678 2005 cu·

2778 2045 2934 2109 pere
2976 2044 3131 2090 cum
3170 2026 3314 2091 viro
3356 2026 3600 2103 vivere,
3645 2025 3840 2091 modo
3879 2026 3936 2091 is
3979 2026 4139 2092 velit
4223 2027 4285 2090 ie
4324 2025 4676 2091 conversari.

2780 2110 3193 2177 Convocatus
3236 2112 3344 2177 vir
3384 2112 3605 2177 renuit
3642 2111 3725 2175 ad
3768 2132 4042 2177 uxorem
4088 2047 4329 2191 refire,
4373 2111 4483 2178 sed
4522 2109 4682 2195 petiit

2778 2196 2952 2280 quod
2995 2196 3111 2262 illa
3152 2196 3431 2279 petierat
3472 2197 3851 2275 divortium,
3920 2196 4145 2263 dicens
4189 2219 4259 2263 se
4300 2199 4503 2280 potius
4539 2196 4682 2260 latu·

2777 2286 3000 2356 rum2)
3039 2291 3117 2347 ut
3173 2281 3581 2366 decapitetur
3630 2303 3825 2365 qnam
3883 2291 3963 2347 ut
4022 2285 4216 2349 uxori
4266 2284 4679 2366 coniungatur.

2693 2417 2703 2427 .
2778 2368 3039 2434 Iudices
3076 2368 3437 2434 decernunt
3468 2368 3845 2446 divortium,
3890 2379 3960 2434 et
3995 2370 4212 2436 virum
4248 2388 4495 2436 carcere
4528 2388 4682 2431 man·

2777 2457 2835 2519 ci
2883 2451 3124 2520 andum
3165 2476 3281 2520 sex
3326 2453 3583 2534 diebus,
3638 2454 3872 2538 quibus
3926 2456 4230 2538 perfectis
4287 2455 4343 2520 si
4396 2454 4496 2518 vir
4545 2451 4685 2517 nolit

2904 2560 3177 2606 uxorem
3220 2540 3463 2616 redire,
3523 2540 3694 2624 quod
3737 2550 4052 2624 perpetuo
4097 2541 4449 2624 relegetur:
4505 2537 4682 2612 uxori,

2777 2625 2833 2690 si
2875 2623 3119 2691 nubere
3162 2624 3357 2704 velit,
3402 2625 3468 2691 id
3514 2629 3631 2692 fiat
3671 2647 3990 2693 consensu
4031 2626 4353 2704 iudicum,
4407 2626 4539 2690 viro
4576 2642 4685 2687 non

2777 2711 2971 2776 liceat
3011 2711 3283 2776 alteram
3330 2711 3582 2789 ducere,
3623 2712 3752 2777 nisi
3796 2712 3977 2795 prius
4010 2711 4263 2778 iudices
4303 2712 4396 2777 ita
4434 2730 4687 2795 pronun·

2779 2797 3035 2863 ciarint.
3144 2795 3272 2860 Vir
3332 2796 3414 2862 ab
3477 2797 3693 2880 aliquo
3757 2797 4132 2864 admonitus
4207 2798 4289 2864 de
4360 2793 4686 2863 carceribus

2780 2882 2961 2960 abiit,
3006 2901 3335 2965 quumque
3380 2881 3490 2948 diu
3537 2883 3808 2958 abesset,
3856 2904 4025 2948 uxor
4065 2883 4454 2950 inconsultis
4493 2878 4687 2947 iudici·

2778 2967 2900 3033 bus
2935 2969 3160 3051 nupsit
3195 2966 3404 3046 alteri,
3450 2977 3516 3032 et
3551 2968 3805 3035 invenit
3837 2979 4163 3053 pastorem
4202 2971 4315 3053 qui
4359 2969 4537 3036 coniu
4581 2966 4687 3030 ‘um

2777 3054 2849 3119 in
2886 3053 3159 3120 ecclesia
3203 3053 3610 3136 approbavit,
3659 3054 3809 3119 licet
3847 3064 4082 3122 neuter
4125 3058 4192 3121 in
4242 3054 4503 3121 ecclesia
4540 3053 4559 3116 i
4604 3050 4688 3115 ius

2778 3141 3060 3224 pastoris
3124 3149 3362 3222 ageret.
3474 3138 3601 3206 Ubi
3667 3140 3725 3206 is
3789 3142 3899 3224 qui
3967 3150 4311 3225 tantopere
4376 3137 4688 3207 divortium

2778 3226 3056 3310 petierat
3120 3223 3301 3289 videt
3363 3246 3634 3290 uxorem
3700 3225 3887 3291 alteri
3954 3227 4088 3292 iam
4155 3228 4480 3311 nupsisse,
4541 3218 4688 3306 apud

2777 3310 3145 3394 pontificios
3223 3310 3500 3394 spondet
3575 3312 3699 3378 sibi
3778 3332 4049 3378 uxorem
4142 3314 4337 3379 aliam
4421 3313 4687 3376 futuram.

2781 3394 2973 3478 Quod
3018 3395 3130 3462 ubi
3173 3396 3343 3472 feeit,
3388 3396 3724 3463 contendit
3768 3400 3835 3463 in
3881 3420 4070 3484 pago,
4119 3421 4249 3467 non
4298 3418 4510 3463 coram
4547 3391 4688 3459 iudi·

2778 3483 2959 3550 cibus
3014 3482 3124 3565 qui
3184 3479 3264 3548 de
3324 3481 3604 3548 divortio
3665 3486 4220 3569 pronunciamnt,
4290 3483 4401 3551 sed
4461 3483 4530 3547 in
4587 3478 4690 3544 alio

2778 3569 3177 3648 consistorio,
3224 3576 3298 3633 ut
3339 3567 3460 3634 sibi
3504 3571 3620 3635 fiat
3660 3570 3932 3636 facultas
3976 3591 4253 3636 uxorem
4299 3566 4590 3644 ducendi,
4638 3569 4693 3627 et

2778 3654 3123 3739 approbari
3181 3655 3345 3739 petit
3400 3653 3573 3738 quod
3628 3657 3761 3722 iam
3820 3657 4080 3740 egisset.
4172 3657 4280 3722 Illi
4337 3655 4692 3723 reclamante

2776 3740 2957 3807 illius
3000 3741 3149 3824 pagi
3193 3750 3453 3822 pastore
3496 3740 3873 3818 decernunt,
3921 3739 4280 3808 videndum
4326 3740 4589 3826 qualiter
4624 3732 4692 3801 ad

2775 3826 3021 3911 pascha
3063 3847 3266 3910 usque
3309 3847 3452 3892 sese
3505 3839 3764 3911 gereret
3806 3836 3975 3903 (erat
4029 3831 4210 3895 enim
4267 3838 4406 3895 tum
4448 3821 4690 3911 quadra·

2775 3913 3063 3998 gesimae
3106 3920 3237 3977 tem
3286 3917 3422 3990 us),
3478 3922 3545 3978 et
3587 3913 3646 3979 si
3689 3922 3862 3979 recte
3919 3914 4206 3994 viveret,
4264 3926 4421 3980 tunc
4460 3911 4693 3978 daretur

2776 4000 2962 4083 copia
3004 3998 3215 4065 ducen
3262 3997 3286 4062 i
3329 4018 3635 4076 uxorem,
3695 4006 3766 4063 at
3809 4021 3940 4064 non
4000 4020 4199 4083 quam
4246 4001 4369 4068 sibi
4424 4000 4548 4064 iam
4599 3992 4690 4057 de-

2774 4084 3141 4170 sponderat.
3229 4082 3395 4150 Post
3430 4083 3676 4167 pascha
3731 4084 3970 4152 iterum
4015 4088 4187 4171 petit
4231 4086 4356 4155 sibi
4410 4092 4480 4151 ut
4527 4081 4692 4147 liceat

2774 4192 3049 4238 uxorem
3096 4168 3349 4237 ducere.
3439 4170 3675 4238 Pastor
3721 4181 3990 4254 rogatus
4044 4173 4349 4257 queritur
4397 4169 4475 4237 de
4513 4166 4687 4233 offen-

2777 4255 3009 4332 diculo,
3050 4254 3258 4338 deque
3300 4254 3605 4322 omnibus
3644 4257 3891 4324 eversis
3910 4279 4116 4342 -quae
4155 4257 4488 4326 observari
4529 4270 4691 4336 opor·

2773 4343 2972 4409 tebat.
2998 4341 3051 4429 ⁸)
3137 4341 3391 4427 Pagani
3435 4341 3679 4409 iudices
3736 4352 3996 4427 pastore
4052 4345 4282 4430 egredi
4338 4345 4511 4410 iusso
4561 4355 4685 4424 pro·

2773 4428 3100 4495 nunciant
3142 4427 3376 4493 debere
3420 4426 3606 4493 illum
3648 4430 3958 4515 coniungi
3998 4431 4060 4495 ei
4116 4451 4318 4515 quam
4353 4425 4520 4512 apud
4556 4443 4690 4508 pon·

2772 4515 3013 4583 tificios
3055 4523 3392 4596 mceperat
3448 4533 3520 4578 se
3577 4515 3644 4579 in
3691 4536 3960 4582 uxorem
4006 4515 4380 4584 ducturum.
4464 4513 4687 4580 Pastor,

2773 4610 2960 4666 ratus
3005 4609 3218 4664 totum
3260 4597 3718 4683 magistratum
3760 4600 4035 4685 probare
4079 4601 4399 4670 indicium
4440 4620 4479 4664 a
4515 4611 4686 4681 pagn-

2773 4687 2879 4753 nis
2921 4683 3244 4751 iudicibus
3287 4684 3494 4750 latum
3514 4737 3528 4759 ‚
3586 4687 3945 4755 annunciat
3984 4690 4367 4774 coniugium
4409 4685 4684 4752 futurum

2774 4770 3068 4838 'l'andem
3124 4770 3498 4836 admonitus
3554 4787 3775 4856 pastor
3831 4774 4139 4840 convenit
4194 4771 4609 4857 praefectum,
4657 4781 4689 4825 ⁸

2771 4879 2900 4940 quo
2941 4855 3205 4923 iubetur
3246 4857 3489 4941 scripto
3532 4858 3730 4924 etiam
3787 4856 3998 4923 edicto
4054 4859 4484 4943 supersedere
4524 4875 4560 4918 a
4595 4851 4686 4916 bo-

2767 4942 3143 5012 nedictione
3186 4940 3381 5008 huius
3421 4943 3723 5029 coniugii.
3801 4942 4034 5025 ‚Quum
4092 4944 4319 5031 itaque
4374 4938 4688 5011 divortium

2976 5164 3040 5228 2)
3075 5163 3288 5235 Apoyr.
3323 5182 3625 5236 passurum.
4315 5203 4322 5210 .

2977 5234 3039 5301 3)
3070 5251 3108 5289 a
3138 5234 3325 5304 prima
3355 5249 3554 5290 mm.-
3601 5234 3850 5289 omnibus
3898 5251 4180 5306 perperam
4229 5238 4386 5291 factis
4431 5249 4560 5305 quse
4591 5243 4685 5282 ser·

2771 5303 2891 5359 vari
2923 5306 3230 5375 oportebat.
