4900 6167
313 452 433 516 693

312 632 806 702 abominandam
820 684 837 711 ,
905 653 1110 716 quum
1169 630 1453 698 viderint
1510 640 1647 697 tam
1706 631 1981 717 impium
2042 632 2255 698 absol-

313 719 593 787 vendum
637 740 768 784 non
814 740 956 785 esse
999 725 1068 784 et
1110 718 1387 785 missum
1428 715 1799 784 faciendum
1818 770 1834 796 ‚
1878 717 1993 784 sed
2037 719 2256 801 potius

308 826 531 877 severe
572 802 1009 889 plectendum,
1053 804 1128 869 in
1169 826 1299 887 qua
1332 825 1404 869 re
1439 803 1720 869 multum
1755 803 2076 870 hactenus
2104 824 2256 888 pec-

308 898 524 962 catum
567 898 669 957 est
710 900 778 956 et
818 891 931 975 qui
974 890 1380 973 scripserunt
1413 888 1495 955 de
1528 911 1661 954 non
1694 888 2058 973 plectendis
2099 890 2257 958 hae·

309 977 525 1045 reticis
569 998 824 1061 semper
865 975 1029 1041 mihi
1086 976 1216 1041 visi
1273 986 1429 1041 sunt
1483 996 1615 1040 non
1660 996 1896 1058 parum
1940 996 2180 1042 errare.
2202 980 2257 1052 ο)

307 1065 573 1131 Abusus
631 1073 734 1129 est
789 1060 1088 1146 pontifex
1142 1070 1209 1127 et
1265 1062 1383 1127 sui.
1490 1061 1745 1127 Verum
1801 1060 2062 1145 quidem
2122 1073 2250 1128 est:

308 1170 509 1234 ergon
553 1147 847 1235 legitimo
890 1169 1015 1213 usu
1059 1148 1219 1214 recti
1263 1156 1329 1212 et
1369 1147 1464 1232 pii
1506 1145 1984 1231 privabuntur?

476 1235 682 1301 Eram
712 1250 872 1300 tunc
908 1232 1225 1299 Genevae
1256 1236 1331 1311 ¹⁰)
1380 1233 1537 1299 dum
1582 1233 1717 1298 lata
1757 1232 1880 1298 fuit
1924 1234 2254 1300 sententia

305 1329 372 1387 et
413 1319 572 1386 dum
619 1318 1044 1386 mandaretur
1086 1320 1555 1402 exsequutioni.
1668 1319 1875 1385 Miser
1915 1341 2253 1403 nunquam

307 1405 538 1474 adduci
592 1409 806 1490 potuit
869 1416 941 1470 ut
998 1427 1153 1471 vere
1211 1406 1527 1470 fateretur
1573 1403 1915 1470 Christum
1960 1425 2101 1471 6886
2145 1427 2252 1472 ae-

304 1500 567 1558 ternum
603 1492 733 1558 Dei
776 1491 1001 1557 filium.
1073 1489 1405 1573 Quamdiu
1451 1512 1646 1556 causa
1687 1490 1964 1556 infelicis
2008 1492 2255 1576 agitata

303 1578 445 1657 suit,
494 1579 643 1646 licet
686 1579 767 1644 ab
810 1577 996 1643 initio
1040 1578 1111 1642 in
1147 1578 1427 1661 speciem
1452 1582 1536 1654 ¹¹)
1558 1578 1804 1660 egisset
1836 1577 2054 1641 omnia
2087 1598 2252 1660 quae

304 1664 603 1731 iniuncta
656 1663 967 1739 fuissent,
1027 1663 1182 1747 quia
1242 1664 1441 1746 aliqui
1500 1683 1683 1747 spem
1742 1662 2043 1728 fecerunt
2085 1662 2251 1727 nihil

304 1771 445 1817 esse
492 1750 797 1834 periculi,
824 1748 909 1899 ¹²?
967 1758 1035 1814 et
1085 1748 1258 1832 quod
1303 1770 1388 1813 ex
1432 1748 1700 1814 arbitrio
1744 1747 2254 1815 debaccharetur

301 1835 375 1901 in
431 1846 762 1920 pastores,
832 1858 870 1901 o
901 1836 1142 1901 faceret
1195 1834 1532 1901 nonnullis
1587 1833 1653 1899 id
1709 1831 1999 1917 plaeere,
2061 1856 2253 1900 nemo

300 1943 592 2006 unquam
635 1921 1084 2004 impudentius
1130 1942 1340 2004 neque
1385 1920 1773 1987 insolentius
1806 1920 1877 1984 in
1965 1920 2061 1986 ios
2105 1941 2254 2004 pas-

301 2016 481 2074 tores
525 2010 826 2074 invectus
871 2016 987 2072 est.
1063 2006 1195 2073 Ubi
1239 2007 1407 2071 nihil
1446 2006 1727 2072 habebat
1770 2027 1895 2088 quo
1985 2027 2251 2090 respon-

300 2093 505 2172 deret,
552 2094 657 2159 vel
699 2094 902 2159 etiam
945 2094 1013 2158 in
1059 2093 1359 2176 speciem,
1407 2092 1528 2158 hoc
1572 2104 1887 2175 perpetuo
1947 2093 2253 2158 vocifera·

299 2179 528 2247 batur:
576 2179 903 2257 Mentiris,
943 2179 1243 2244 mentiris
1268 2178 1613 2261 Caiaphas,
1659 2177 1888 2243 Simon
1912 2178 2140 2262 Mage!
2171 2181 2252 2259 ¹⁸)

302 2275 371 2331 et
390 2266 460 2331 id
486 2289 693 2351 genus
715 2266 858 2330 alia.
916 2265 1171 2330 Verum
1199 2264 1395 2346 aliqui
1423 2286 1505 2329 ex
1535 2285 1700 2348 pago
1722 2262 2053 2329 hominem
2077 2264 2255 2332 adie-

301 2363 495 2431 runt,
555 2364 623 2417 et
680 2373 802 2435 ego
901 2371 1141 2434 uoque:
1203 2350 1695 2427 admonuimus,
1756 2349 1928 2413 diem
1970 2372 2116 2416 esse
2157 2351 2255 2415 illi

301 2456 722 2521 supremum,
784 2438 851 2502 vi
897 2450 1037 2504 eret
1080 2435 1344 2502 tandem
1362 2487 1377 2512 ‚
1439 2448 1654 2501 errata
1697 2441 2112 2518 agnosceret,
2171 2437 2255 2502 ad

300 2522 666 2590 Dominum
703 2533 1219 2597 converteretur,
1263 2523 1614 2587 veritatem
1650 2521 1980 2586 fateretur.
2048 2522 2257 2588 Miser

301 2609 590 2693 petebat,
632 2608 1072 2675 indicaremus
1116 2609 1227 2674 ubi
1272 2608 1578 2673 Christus
1623 2606 1795 2672 filius
1839 2607 1963 2673 Dei
2010 2607 2252 2674 dicere·

303 2704 443 2775 tur,
510 2697 634 2762 nisi
682 2716 765 2760 ex
809 2716 885 2760 eo
941 2692 1114 2778 quod
1158 2704 1355 2759 natus
1399 2706 1570 2759 esset
1611 2694 1771 2759 satis
1814 2693 2144 2761 indicabat
2187 2716 2256 2760 se

305 2783 558 2847 sentire
603 2792 759 2848 tunc
813 2783 1101 2865 primum
1146 2780 1485 2845 Christum
1531 2781 1816 2862 coepisse
1860 2801 2001 2845 esse
2046 2780 2255 2845 filium

302 2865 467 2946 Dei,
518 2889 719 2951 quum
777 2867 969 2932 homo
1027 2867 1236 2932 factus
1300 2867 1403 2931 sit.
1517 2864 1849 2947 Quidquid
1904 2864 2258 2932 adductum

302 2954 508 3019 fuerit
553 2953 868 3020 dimoveri
914 2974 1047 3017 non
1091 2953 1301 3035 potuit
1344 2951 1427 3015 ab
1471 2972 1709 3016 errore.
1782 2949 1930 3015 Non
1977 2949 2258 3017 habebat

349 3038 482 3105 uod
550 3039 1009 3123 responderet,
1078 3051 1298 3103 tamen
1352 3037 1682 3122 pergebat.
1780 3036 2127 3103 Voluimus
2186 3049 2258 3103 ut

304 3060 621 3193 {aloinus
665 3126 924 3191 veniret
964 3145 1039 3190 ac
1075 3147 1222 3190 eum
1266 3144 1342 3188 eo
1383 3124 1670 3188 Servatus
1705 3120 1946 3188 rediret
1989 3124 2058 3187 in
2105 3145 2256 3207 gra-

303 3211 491 3276 tiam.
520 3214 607 3294 ¹⁴)
694 3210 921 3277 Alium
966 3231 1037 3276 se
1082 3211 1300 3276 verbis
1357 3218 1425 3275 et
1467 3222 1655 3293 gestu
1708 3230 1778 3274 se
1802 3212 1885 3285 16)
1931 3210 2256 3291 praestitit

302 3318 508 3379 quam
550 3298 811 3377 fecerat,
858 3297 974 3363 sed
1018 3317 1150 3362 non
1197 3294 1595 3360 obtinuimus
1638 3292 1810 3377 quod
1852 3296 2256 3381 optabamus,

302 3402 550 3467 nempe
576 3387 662 3464 ¹⁶)
708 3393 781 3449 ut
823 3403 1112 3449 errorem
1156 3390 1535 3466 agnosceret
1580 3390 1645 3444 et
1689 3380 1949 3445 veritati
1994 3381 2253 3447 accede·

301 3479 421 3534 ret.
516 3469 912 3547 Hortamur,
970 3489 1303 3553 rogamus,
1362 3467 1527 3532 nihil
1583 3466 1918 3533 efficimus.
2008 3466 2257 3532 'Fundit

300 3564 567 3637 pectus,
611 3555 874 3621 veniam
919 3555 1114 3638 petit,
1164 3554 1379 3620 Deum
1423 3553 1686 3617 invocat
1727 3573 1871 3629 ore,
1915 3552 2254 3618 Christum

303 3644 479 3725 petit
505 3662 638 3721 ore,
676 3640 1069 3707 salvatorem
1094 3641 1336 3705 fatetur
1366 3650 1432 3703 et
1469 3637 1696 3715 multa,
1735 3638 1849 3703 sed
1878 3636 2086 3704 filium
2108 3640 2253 3719 Dei,

301 3729 435 3794 nisi
483 3726 834 3808 hominem,
886 3728 957 3792 in
992 3726 1261 3793 Christo
1307 3745 1439 3790 non
1485 3724 1783 3809 agnoscit
1825 3736 1892 3788 et
1932 3732 2253 3808 tempora-

300 3810 454 3879 lem.
485 3815 572 3897 ¹⁷)
615 3813 747 3880 Ubi
772 3813 1117 3879 damnatus
1140 3812 1266 3877 fuit
1289 3815 1369 3883 ¹⁰)
1394 3811 1590 3876 dixit:
1626 3808 1861 3894 siquid
1884 3819 2169 3876 errasset
2191 3810 2258 3876 id

300 3898 693 3983 ignoranter
733 3899 966 3966 fecisse
986 3951 1000 3977 ,
1061 3899 1218 3963 dum
1281 3908 1467 3980 putat
1523 3917 1593 3962 se
1637 3897 1823 3961 iuxta
1866 3896 2258 3980 scripturam

511 4070 568 4138 9)
607 4071 839 4125 Praeter
877 4069 995 4124 Seb.
1037 4069 1316 4124 Francum
1353 4073 1401 4122 et
1436 4068 1636 4122 Amba
1712 4071 1721 4080 '
1752 4074 1839 4121 tas
1874 4067 2164 4122 nonnullos
2197 4084 2259 4123 eo

295 4146 540 4210 ternpore
574 4156 727 4194 nemo
760 4139 824 4193 in
858 4141 1018 4193 talem
1034 4153 1249 4193 sensu-⁸
1268 4139 1577 4204 scripserat
1688 4143 1897 4191 ortasse
1931 4136 1998 4190 de
2023 4135 2259 4191 Erasnw

413 4212 425 4225 ⁸
519 4215 593 4275 at,
629 4211 788 4264 cuius
822 4208 951 4262 talis
985 4209 1173 4272 opinio
1207 4206 1702 4265 circumferebatur.

479 4276 575 4343 10)
612 4277 691 4332 Et
722 4277 967 4347 quidem,
1018 4284 1077 4330 ut
1120 4276 1362 4338 udatur,
1408 4274 1655 4340 fmuito.
1729 4273 2107 4329 Praxo-tiam
2142 4277 2261 4328 eius

301 4348 716 4404 damnaverat
754 4346 1031 4411 odoinus,
1068 4345 1163 4399 sed
1194 4345 1377 4413 pridie
1409 4345 1707 4398 amantiae
1740 4344 1885 4398 latae
1918 4359 2037 4397 eum
2070 4350 2258 4398 ventu·

304 4432 431 4471 rum
469 4418 753 4471 nesciebat.

483 4485 577 4549 11)
613 4486 670 4538 in
705 4485 940 4566 speciem
977 4499 1074 4536 om.
1114 4481 1186 4535 Η.

482 4553 571 4621 12)
606 4554 684 4609 In
715 4568 837 4622 apso
871 4557 1065 4606 senam
1097 4557 1257 4605 eram
1290 4548 1514 4619 quidam
1544 4549 1725 4618 partis
1760 4548 2024 4604 adversae
2057 4555 2109 4603 et
2127 4548 2257 4603 Per-

302 4626 469 4680 rim
586 4624 717 4677 ‘mus
750 4621 1028 4693 syndicus.

517 4691 578 4759 3)
616 4706 820 4746 summe
856 4705 1012 4758 mage
1050 4688 1123 4741 H.

483 4762 578 4828 14)
616 4762 771 4815 Haec
819 4761 887 4814 ab
931 4761 1053 4825 ipso
1093 4755 1319 4811 Calvino
1366 4754 1539 4824 (opp.
1578 4753 1726 4808 VIII.
1762 4753 1887 4817 460)
1937 4756 2097 4809 aliter
2133 4772 2258 4809 nar·

304 4839 441 4886 rata
475 4831 666 4895 lecim.
742 4827 853 4898 Qui
894 4828 1141 4898 affirmat
1179 4824 1452 4879 Servetum
1497 4829 1685 4892 sponte
1735 4825 1949 4878 veniam
1988 4825 2260 4892 petivisse,

304 4915 421 4955 non
458 4907 519 4955 ut
548 4898 641 4954 Ιιίο
673 4899 830 4953 habet
864 4912 901 4950 a
942 4894 1159 4949 Farello
1200 4900 1498 4962 permotum
1543 4907 1661 4946 eum
1697 4893 2003 4946 accersisse.
2080 4892 2259 4947 Caete-

307 4984 437 5024 rum
479 4969 581 5023 hoe
633 4967 953 5037 colloquium
1006 4971 1131 5018 ante
1184 4963 1505 5018 amentiam
1558 4963 1726 5015 latam
1777 4961 1948 5017 loeum
2006 4961 2263 5016 habuisse

488 5103 581 5173 15)
614 5106 712 5160 sic.

491 5174 583 5239 16)
618 5176 700 5228 aie
731 5174 791 5226 in
828 5170 1181 5239 automapho,
1217 5185 1356 5222 non.-
1392 5184 1564 5238 nuper
1597 5166 1745 5238 quod
1776 5167 1935 5222 habet
1970 5168 2047 5223 H.

489 5242 581 5309 17)
618 5242 956 5312 corporalem
992 5239 1066 5293 H.

485 5312 579 5378 18)
618 5314 726 5365 Hic
760 5311 978 5364 manino
1011 5325 1109 5363 con
1139 5325 1261 5362 eras
1278 5310 1487 5375 oportet
1507 5304 1726 5361 Calvina·
1757 5305 2066 5359 relationem
2097 5305 2268 5373 plane

312 5383 483 5436 αὶὶαηι
520 5390 570 5436 et
604 5381 935 5436 inwadivsam
970 5376 1097 5442 (vn
1127 5417 1138 5431 .
1173 5374 1322 5442 498).

2022 446 2182 509 1553
2228 441 2641 510 DECEMB.

4190 456 4322 519 694

2358 632 2643 698 scribere
2660 684 2677 711 ,
2734 632 3025 715 petitque
3080 651 3360 716 poenam
3421 642 3490 698 et
3543 653 3755 718 genus
3811 636 4040 704 mortis
4096 638 4326 707 leniri-

2356 717 2547 784 Insto
2591 738 2739 785 cum
2785 717 2929 783 aliis
2972 724 3048 783 ut
3093 719 3354 783 veniam
3411 729 3638 802 poscat
3692 740 3733 785 a
3776 718 3921 787 Deo
3977 731 4042 788 et
4067 726 4152 797 ¹⁹)
4209 742 4332 792 er-

2356 811 2582 869 ratum
2627 814 2953 889 agnoscat.
3020 803 3100 869 In
3140 804 3424 888 speciem
3471 803 3731 872 videtur
3777 806 4045 891 aliquid,
4064 811 4152 887 ²⁰)
4196 810 4324 879 sed.

2358 910 2696 973 nunquam
2741 909 2817 954 eo
2860 889 3179 973 pervenit.

2530 975 2717 1041 Inter
2770 974 3059 1040 eundum
3118 976 3201 1041 ad
3246 976 3670 1061 supplicium,
3725 1000 3925 1062 quum
3980 980 4183 1064 aliqui
4225 1004 4316 1048 ex

2357 1060 2670 1128 fratribus
2714 1058 3141 1127 admonerent
3184 1068 3261 1127 ut
3303 1063 3587 1146 ingenue
3631 1063 3890 1148 culpam
3928 1078 4320 1151 agnosceret

2357 1167 2606 1230 suaque
2650 1144 3085 1213 detestaretur
3128 1155 3363 1228 errata,
3402 1148 3510 1214 ille
3567 1149 3735 1214 dixit
3777 1172 3848 1216 se
3891 1152 4131 1218 iniuste
4173 1155 4320 1236 pati

2358 1241 2426 1297 et
2468 1233 2802 1300 victimam
2847 1232 3026 1311 duci,
3072 1234 3590 1318 precabaturque
3636 1245 3708 1299 ut
3751 1236 3935 1302 Deus
3979 1249 4318 1305 accusato-

2357 1318 2540 1385 ribus
2603 1327 2777 1385 esset
2841 1319 3177 1402 propit-ius.
3289 1319 3433 1404 Ego
3497 1321 3723 1386 statim
3790 1344 3892 1388 res
3981 1323 4125 1388 ndi:
4208 1325 4316 1390 'I'u

2357 1426 2563 1488 quum
2608 1404 2998 1487 gravissime
3088 1406 3331 1472 eccaris
3375 1415 3440 1471 te
3475 1406 3833 1472 iustificas?
3957 1409 3976 1472 i
4022 1410 4119 1475 ita
4160 1430 4314 1492 per-

2357 1491 2462 1575 gis
2504 1512 2625 1575 ego
2669 1500 2735 1556 te
2778 1490 2922 1556 sino
2965 1491 3033 1555 iu
3082 1491 3205 1558 icio
3231 1491 3376 1570 Dei,
3424 1512 3544 1558 nec
3580 1492 3863 1576 amplius
3898 1503 4115 1560 tecum
4159 1516 4320 1578 pro-

2357 1574 2648 1661 grediar:
2719 1574 3134 1642 decreveram
3189 1577 3308 1641 tibi
3368 1577 3595 1643 adesse
3653 1590 3722 1642 et
3778 1600 4004 1646 omnes
4060 1579 4315 1647 hortari

2356 1672 2432 1727 ut
2475 1672 2903 1746 precarentur
2946 1683 3065 1745 pro
3111 1672 3202 1740 te,
3267 1684 3539 1746 sperans
3598 1674 3664 1728 te
3706 1663 3967 1746 plebem
4010 1666 4318 1733 aedifica-a

2354 1757 2617 1813 turum:
2664 1745 2966 1813 nolebam
3012 1747 3314 1813 recedere
3359 1769 3399 1812 a
3451 1758 3515 1812 te
3561 1748 3767 1814 donec
3811 1749 4117 1816 ultimum
4165 1773 4310 1818 sus-

2358 1834 2636 1916 pirium,
2681 1845 2760 1899 ut
2803 1831 3075 1913 dieitur,
3122 1832 3443 1900 redderes.
3538 1834 3665 1900 Hic
3708 1834 3819 1900 ille
3865 1837 4144 1903 cessavit
4189 1860 4314 1903 nec

2356 1919 2639 2001 amplius
2707 1918 2950 2002 aliquid
3028 1919 3350 1985 eiusmodi
3419 1926 3522 1984 est
3591 1920 3921 2004 loquutus.
4032 1923 4316 1989 Petebat

2354 2005 2619 2089 quidem
2665 2006 2925 2070 veniam
2983 2014 3351 2070 erratorum
3407 2012 3471 2069 et
3528 2006 3940 2090 ignorantiae
3994 2028 4069 2073 ac
4113 2007 4312 2074 delic-

2356 2094 2705 2169 torum,²²)
2750 2091 2864 2156 sed
2910 2090 3543 2174 nunquamplenam
3579 2090 3782 2156 edidit
3817 2093 4314 2159 confessionem.

2357 2175 2599 2243 Oravit
2639 2178 2897 2260 saepius
2943 2175 3277 2242 nobiscum
3324 2177 3511 2242 nobis
3548 2177 3990 2244 hortantibus:
4039 2180 4200 2262 quin
4246 2191 4318 2245 et

2356 2272 2736 2346 praesentes
2781 2261 3028 2346 pluries
3074 2263 3259 2345 petiit
3305 2273 3379 2327 ut
3423 2272 3855 2346 precarentur
3890 2285 4009 2348 pro
4053 2287 4129 2330 eo
4177 2266 4312 2331 Do·

2356 2350 2634 2414 minum.
2736 2348 2882 2414 Hoc
2939 2370 3073 2413 non
3130 2349 3626 2431 impetravimus
3685 2358 3760 2414 ut
3813 2363 4037 2433 aperte
4096 2362 4316 2415 errata

2359 2444 2745 2517 agnosceret
2785 2442 2852 2500 et
2896 2434 3238 2500 Christum
3283 2442 3624 2500 aeternum
3669 2434 3879 2500 filium
3905 2436 4030 2501 Dei
4075 2436 4318 2502 fatere-

2358 2528 2485 2586 tur.
2554 2521 2936 2586 Prohibitus
2971 2521 3095 2584 fuit
3131 2522 3415 2586 Satanas
3461 2542 3610 2585 suas
3655 2541 3964 2585 evomere
4010 2520 4316 2606 blasphe-

2358 2608 2541 2672 mias.
2631 2608 2690 2671 A
2736 2614 2921 2672 coetu
2943 2658 2956 2683 ,
3016 2626 3208 2688 quem
3252 2607 3453 2671 miser
3498 2607 3757 2671 dixerat
3800 2607 3939 2672 sine
3982 2605 4127 2673 Deo
4172 2629 4320 2673 esse

2359 2702 2425 2757 et
2472 2701 2604 2758 tres
2648 2690 2937 2758 diabolos
2983 2690 3271 2769 adorare,
3320 2693 3509 2774 petiit
3551 2712 3776 2775 preces
3818 2692 4008 2757 fundi
4052 2693 4133 2757 ad
4179 2694 4316 2759 Do—

2358 2778 2633 2843 minum.
2720 2777 2805 2843 In
2863 2798 3150 2855 carcere,
3212 2798 3410 2860 quum
3473 2778 3551 2842 de
3609 2790 3820 2860 patre,
3883 2778 3962 2843 de
4006 2778 4175 2857 filio,
4235 2779 4318 2844 de

2362 2864 2602 2947 spiritu
2649 2872 2911 2941 sancte,
2959 2861 3128 2946 quod
3173 2863 3453 2929 credunt
3499 2863 3588 2946 pii
3636 2874 3701 2928 et
3747 2865 3815 2928 in
3860 2864 4152 2930 ecclesiis
4198 2863 4314 2929 do-

2360 2971 2615 3027 cemus,
2672 2949 2988 3027 dicerem,
3047 2949 3260 3014 fassus
3319 2956 3420 3014 est
3474 2970 3552 3014 ea
3613 2970 3768 3014 vera
3825 2957 3892 3013 et
3952 2958 4129 3016 recta
4173 2970 4318 3016 esse

2360 3056 2690 3119 quumque
2734 3035 3016 3102 dicerem
3061 3055 3214 3099 eum
3243 3046 3474 3101 contra
3519 3036 3801 3101 sensisse
3847 3044 3914 3099 et
3957 3036 4318 3120 scripsisse,

2359 3143 2494 3187 non
2560 3129 2817 3187 tantum
2890 3121 2962 3186 in
3027 3123 3378 3204 postremis
3445 3123 3580 3187 suis
3650 3121 3911 3206 scriptis
3978 3121 4093 3187 sed
4160 3130 4318 3187 ante

2361 3227 2573 3273 annos
2630 3207 2902 3292 viginti,
2964 3207 3543 3291 tergiversabatur.
3635 3206 4119 3273 Admonuimus
4163 3229 4318 3273 eum

2360 3294 2873 3371 inconstantiae,
2919 3300 2985 3358 et
3028 3314 3225 3375 quam
3269 3292 3509 3357 malam
3556 3292 3760 3359 vellet
3803 3294 3971 3357 tueri
4031 3314 4318 3360 causam.

2361 3379 2703 3463 Longum:
2775 3380 2908 3443 imo
2968 3399 3100 3443 non
3161 3386 3315 3460 puto
3375 3399 3483 3442 me
3536 3399 3728 3462 posse
3791 3380 4098 3462 consequi
4150 3400 4320 3462 quae

2360 3464 2537 3530 dicta
2580 3466 2821 3530 fuerint
2876 3466 2956 3530 ab
3001 3463 3166 3528 hora
3224 3464 3499 3547 septima
3558 3484 3767 3547 paene
3826 3464 3909 3529 ad
3954 3464 4318 3530 meridiem.

2359 3551 2443 3614 In
2489 3572 2747 3616 summa
2789 3550 3116 3617 Dominus
3160 3550 3496 3631 prohibuit
3551 3571 3634 3616 ne
3687 3550 3932 3633 apertis
3975 3561 4318 3617 contume-

2358 3635 2465 3700 liis
2511 3657 2748 3701 nomen
2793 3657 2986 3701 suum
3028 3646 3097 3701 et
3142 3635 3437 3700 doctrina
3482 3637 3776 3719 impetita
3811 3635 4030 3702 fuerit.
4101 3635 4318 3720 Spero

2359 3721 2693 3801 futurum,
2751 3721 3012 3805 quando
3055 3720 3255 3786 Italia
3299 3721 3583 3786 multum
3645 3722 3886 3793 infecta
3938 3722 4063 3786 fuit
4115 3744 4156 3786 a
4197 3722 4319 3787 tali

2360 3814 2575 3891 peste,
2638 3829 2719 3872 ne
2763 3805 2920 3891 quid
2975 3804 3187 3872 dicam
3234 3806 3314 3870 de
3357 3807 3607 3885 Gallia,
3656 3806 3990 3873 Calvinum
4060 3828 4322 3873 errores

2360 3894 2641 3978 improbi
2705 3893 3020 3961 haeretici
3085 3893 3571 3958 confutaturum
3635 3902 3702 3957 et
3766 3894 4016 3957 exitum
4085 3895 4312 3959 miseri

2362 3978 2862 4063 descripturum.
2985 3978 3160 4044 Cum
3225 3978 3682 4062 Anabaptistis
3762 3999 3963 4061 supra
4042 3978 4323 4044 modum

2361 4065 2633 4131 damnat
2673 4064 3073 4148 baptismum
3115 4064 3572 4148 parvulorum:
3631 4066 4013 4144 trinitatem,
4062 4076 4318 4148 patrem

2359 4151 2573 4216 filium
2638 4159 2705 4216 et
2769 4150 3075 4234 spiritum
3139 4156 3476 4227 sanctum,
3544 4159 3682 4216 tres
3748 4150 4037 4216 diabolos
4103 4161 4318 4216 vocat.

2360 4235 2613 4303 Omnes
2631 4237 2719 4322 ²⁴²)
2766 4236 3087 4312 ecclesias,
3137 4235 3483 4319 praecipue
3531 4236 4014 4313 Genevensem,
4061 4237 4332 4320 scripsit

2361 4323 2505 4388 sine
2541 4324 2684 4388 Deo
2727 4342 2868 4388 esse
2914 4331 2979 4387 et
3022 4320 3353 4387 diabolum
3399 4321 3689 4387 adorare.
3760 4321 4210 4387 Mahumetica
4229 4325 4320 4399 ²⁸)

2535 4476 2631 4542 19)
2665 4477 2821 4531 Haec
2855 4475 3007 4542 apud
3045 4474 3118 4528 H.
3155 4478 3347 4529 misere
3380 4474 3716 4542 depravata.-
3749 4476 4019 4529 iustorum
4054 4483 4216 4544 atque
4253 4482 4318 4528 ut

2361 4547 2578 4627 veniam
2613 4553 2804 4626 poscat
2837 4544 2973 4597 adeo
3020 4549 3083 4596 ut
3126 4550 3282 4599 caete.
3357 4543 3549 4598 Etiam
3593 4546 3875 4615 sequentia
3918 4544 4120 4601 ibidem
4161 4544 4325 4609 talea

2361 4633 2423 4670 m
2531 4620 2798 4751 2ὥαέἵιῖιε
2809 4619 3201 4736 ἱῗοοῖέἔέιῗὲνοε
3239 4681 3386 4750 quod
3420 4682 3667 4735 omisisse
3709 4681 4087 4736 Farellianum
4122 4688 4217 4735 est.

2532 4751 2630 4816 21)
2666 4752 2971 4806 debitorum
3009 4749 3084 4803 Η.

2533 4820 2630 4884 22)
2666 4821 2800 4874 duas
2837 4820 2912 4873 H.

2534 4888 2628 4955 23)
2668 4888 3050 4942 Mahumetista
3087 4886 3161 4939 H.
3203 4914 3263 4925 -
3304 4886 3432 4954 Ipse
3471 4886 3727 4942 Servetur
3760 4885 3827 4940 de
3861 4884 4010 4939 Prin.
4050 4901 4155 4939 err.
4192 4886 4224 4938 1.
4266 4885 4319 4947 ⁷,

2361 4959 2456 5026 fol.
2475 4957 2575 5011 57.-
2612 4958 3051 5011 Scandalizantur
3087 4955 3306 5023 quidam
3344 4956 3471 5024 quia
3489 4956 3763 5011 Christum
3787 4954 4110 5023 prophetam
4150 4971 4314 5010 voco:

2363 5029 2580 5081 videtur
2616 5030 2693 5080 eis
2731 5027 3028 5081 Iudaismus
3065 5029 3159 5076 aut
3194 5024 3637 5079 Mahometismus
3672 5025 3720 5077 si
3758 5024 4003 5078 Christus
4042 5023 4316 5092 propheta

2362 5097 2594 5150 dicatur.
2675 5096 2900 5151 Constat
2943 5093 3218 5148 Servemm
3270 5092 3546 5147 Coranum
3581 5095 3775 5162 leyt‘sse
3820 5093 3904 5147 vel
3947 5098 4238 5162 antequam
4272 5110 4316 5147 α

2363 5165 2696 5221 Bittio-saro
2727 5165 2986 5219 ederetur.
3060 5160 3156 5215 Sic
3188 5162 3222 5216 1.
3256 5161 3291 5215 l.
3326 5162 3423 5228 fol.
3457 5160 3554 5216 43:
3590 5162 3716 5217 audi
3752 5162 3883 5230 qnid
3920 5161 4196 5214 mahomet
4232 5161 4322 5215 di—

2363 5241 2475 5288 cat:
2513 5234 2780 5287 Christum
2814 5234 2978 5286 fuisse
3012 5247 3281 5284 summum
3315 5231 3721 5299 prophetarum,
3758 5231 4011 5300 spiritum
4046 5231 4160 5291 Dei,
4202 5232 4314 5283 vir·

2364 5312 2540 5357 tutem
2584 5303 2701 5363 Dei,
2738 5303 2920 5355 flatum
2955 5301 3071 5365 Dei,
3109 5300 3385 5369 propriam
3413 5302 3511 5353 Dei
3535 5301 3786 5364 animam,
3827 5301 4053 5352 verbum
4088 5299 4318 5354 afflante

2310 5374 2318 5405 ¹
2368 5375 2483 5426 Deo
2530 5388 2598 5425 ex
2637 5373 2839 5442 virgine
2879 5378 3061 5424 natum
3096 5375 3190 5424 etc.
3263 5366 3349 5437 Of.
3392 5370 3580 5425 Reslit.
3625 5368 3750 5424 Chr.
3783 5385 3836 5437 p.
3874 5368 3946 5422 35
3977 5385 4091 5438 sqq.

3795 5453 3894 5507 44*
