4900 6167
322 434 424 496 181

318 624 533 689 tissent
564 619 740 685 diem
771 618 1185 685 comitiorum
1218 627 1287 683 et
1318 617 1727 694 electionum,
1774 617 2010 684 melius
2046 618 2243 684 rebus

316 708 539 775 nostris
578 704 1078 772 consuluissent.

472 791 855 858 Confirmati
898 803 1058 856 sunt
1096 791 1524 875 magistratus
1558 799 1626 855 et
1666 797 1928 875 tempus
1970 791 2054 857 iis
2097 811 2246 875 pro-

314 893 618 965 rogatum,
681 887 911 944 eontra
969 877 1190 941 omnia
1253 876 1539 942 civitatis
1604 877 1766 941 iura.
1875 874 2014 958 Qui
2079 896 2240 961 prae

312 963 571 1033 eaeteris
626 984 866 1029 manus
919 961 1337 1027 eorroborant
1398 982 1624 1027 eorum
1690 962 1803 1044 qui
1865 962 2243 1029 melioribus

314 1049 534 1117 studiis
574 1049 1007 1114 adversantur
1047 1058 1117 1113 et
1156 1047 1490 1114 audaciam
1527 1045 1798 1113 addunt.
1864 1048 2247 1114 Miserrima

312 1147 403 1203 est
456 1136 649 1201 huius
702 1134 1009 1201 eeclesiae
1063 1134 1258 1199 sanies
1330 1143 1399 1199 et
1454 1133 1509 1199 si
1568 1133 1886 1199 haetenus
1952 1156 2243 1218 unquam

312 1222 848 1307 deploratissima,
908 1221 1032 1284 nisi
1093 1220 1279 1285 Deus
1348 1218 1529 1284 brevi
1596 1219 1791 1286 rebus
1854 1221 2043 1287 fessis
2096 1240 2243 1286 sue-

312 1319 532 1374 currat.

470 1391 773 1458 Arbitror
830 1403 897 1456 te
949 1390 1277 1458 audivisse
1341 1390 1424 1455 de
1477 1391 1801 1456 ministris
1864 1415 1904 1457 a
1960 1389 2244 1458 Caesare

310 1485 602 1563 Augusta
658 1479 1018 1562 profligatis
1033 1479 1093 1558 ²)
1150 1487 1218 1541 et
1270 1476 1350 1541 de
1410 1476 1799 1559 gravissimo
1851 1477 2242 1545 offendieulo

310 1566 557 1631 Bernae
624 1564 931 1642 exeitato,
999 1562 1319 1628 adulterio
1384 1561 1766 1645 turpissimo
1832 1563 2165 1630 Eberardi.
2185 1565 2243 1646 ³)

310 1652 450 1716 Non
490 1652 694 1715 miror
736 1650 795 1715 si
834 1648 1022 1716 nobis
1063 1669 1294 1732 parum
1336 1650 1748 1733 prospiciunt
1780 1651 1889 1733 qui
1926 1649 2051 1716 sibi
2084 1650 2246 1733 ipsis

310 1747 435 1802 tam
477 1735 649 1801 male
691 1735 1114 1819 prospiciunt.
1181 1734 1335 1800 Non
1368 1735 1497 1799 erit
1537 1735 1724 1801 nobis
1766 1735 2050 1801 Caesare
2082 1756 2247 1819 opus

310 1822 388 1888 ad
427 1821 848 1888 evertendam
880 1820 1238 1898 eoelesiam,
1282 1821 1339 1886 si
1373 1822 1469 1887 sie
1502 1823 1816 1905 pergitur.
1883 1822 2243 1887 Dominum

310 1911 505 1974 nostri
562 1921 630 1973 et
693 1927 852 1973 suae
915 1906 1225 1974 ecelesiae
1288 1907 1692 1972 misereatur.
1804 1906 1988 1973 Nihil
2053 1906 2245 1973 video

310 1994 487 2061 nobis
535 2014 829 2077 unquam
876 1994 1015 2076 spei
1074 1991 1429 2076 quidquam
1474 2014 1618 2059 esse
1659 1993 1962 2060 relietum
2004 1994 2133 2060 nisi
2173 1993 2245 2058 in

311 2082 598 2162 precibus
674 2089 743 2144 et
816 2079 1139 2164 lacrymis.
1261 2078 1534 2163 Flagrat
1610 2080 1914 2164 tyrannis
1990 2078 2244 2164 gallica.

313 2166 769 2251 Lugdunensis
811 2165 1085 2232 eeclesia
1127 2186 1334 2248 paene
1376 2172 1515 2231 tota
1556 2175 1661 2230 est
1703 2164 2034 2231 Genevae.
2110 2164 2246 2231 Nos

312 2272 435 2316 non
481 2259 739 2335 oportet
790 2249 1143 2317 admodum
1198 2271 1342 2316 esse
1400 2251 1711 2317 sollicitos
1764 2250 1844 2316 de
1902 2249 2245 2317 mittendis

310 2337 863 2404 ooneionatoribus
877 2388 891 2413 ‚
958 2337 1113 2420 quia
1165 2336 1277 2401 alii
1338 2338 1511 2421 eapti
1574 2336 1683 2401 alii
1741 2336 2003 2422 profugi
2070 2345 2244 2403 sunt.

309 2423 580 2489 Preeare
624 2421 990 2489 Dominum
1053 2442 1171 2506 pro
1236 2422 1440 2489 nobis.
1550 2421 1866 2488 Salutant
1927 2430 1994 2488 te
2060 2442 2245 2504 uxor,

308 2508 540 2576 filiolae
581 2519 650 2573 et
681 2508 930 2593 eollega
972 2530 1123 2577 eum
1171 2509 1415 2574 exteris
1458 2507 1790 2574 fratribus.
1880 2506 2064 2590 Quos
2106 2529 2246 2574 om-

308 2616 418 2660 nes
440 2595 626 2661 Deus
652 2595 974 2661 haetenus
996 2595 1184 2661 nobis
1228 2594 1521 2660 servavit
1560 2593 1938 2660 ineolumes.
2007 2593 2247 2660 Saluta

308 2680 618 2850 gglpeganss
662 2689 730 2746 et
770 2689 1057 2747 caeteros
1102 2682 1353 2746 fratres.
1442 2678 1631 2745 Vale.
1699 2680 2094 2746 Lausannae
2146 2684 2241 2746 ll.

1273 2854 1458 2918 Tuus
1502 2853 1741 2918 Petrus
1783 2851 2074 2921 Viretus.

1166 3231 1354 3302 1532.

785 3368 1292 3436 HALLERUS
1336 3367 1771 3435 CALVINO.

466 3540 592 3604 A·
671 3540 1147 3620 aemam,
1208 3540 2247 3624 deminsstrteAuqustapuLeis

302 3632 355 3688 et
388 3629 475 3690 de
583 3629 813 3712 erqerii
852 3629 1121 3708 seriptis.

604 3796 716 3864 (Ex
752 3799 1088 3868 autographo
1124 3798 1254 3853 Cod.
1292 3798 1494 3853 Genev.
1538 3797 1650 3863 114,
1686 3799 1781 3853 fol.
1816 3799 1934 3862 42.)

474 3952 735 4017 Eximio
779 3952 1029 4019 Christi
1072 3975 1262 4019 servo
1307 3952 1390 4018 D.
1434 3953 1669 4019 Ioanni
1702 3952 1978 4021 Calvino
2021 3955 2244 4021 Gene-

308 4040 521 4105 vsnsis
561 4039 869 4106 eeclesiae
914 4041 1156 4124 pastori
1201 4038 1578 4107 fidelissimo
1622 4038 1885 4106 domino
1943 4046 2010 4105 et
2052 4040 2244 4106 fratri

306 4147 415 4190 8110
464 4125 855 4191 honorando.
1597 4143 1930 4210 Genevao·

471 4281 540 4347 S.
612 4280 791 4363 Quid
833 4282 903 4345 in
947 4302 1143 4348 eausa
1178 4280 1495 4347 Mauris&
1536 4282 1624 4345 sit
1666 4290 1883 4347 aetum
1926 4301 2011 4345 ex
2057 4282 2242 4347 bonis

310 4364 477 4431 hisee
541 4369 701 4432 viris
730 4369 780 4448 ¹)
846 4366 1177 4451 intelliges
1198 4420 1212 4444 ,
1285 4365 1542 4433 Calvina
1602 4366 1938 4433 carissime
2016 4368 2240 4434 frater.

311 4451 496 4518 Certe
540 4453 801 4518 illorum
847 4473 1113 4519 eausam
1156 4452 1439 4518 fideliter
1495 4454 1599 4537 egi
1653 4461 1720 4517 et
1776 4453 1947 4518 sieut
2000 4463 2066 4518 et
2115 4454 2243 4537 ipsi

313 4549 373 4600 et
404 4547 474 4603 tu
518 4560 599 4603 ex
653 4547 919 4604 senatus
976 4559 1283 4622 responso
1340 4539 1465 4607 hoe
1530 4538 1790 4622 possitis
1855 4538 2239 4624 intelligere.

503 4744 565 4810 2)
604 4743 693 4798 De
726 4744 814 4799 hio
863 4742 1189 4798 Granvellae
1221 4743 1596 4799 Atrebatem&
1638 4744 1801 4799 trium
1894 4746 1904 4755 '
1972 4759 2022 4799 υ.
2079 4743 2243 4800 Sleu‘d.

312 4810 406 4867 111.
450 4813 565 4868 256.
652 4813 822 4882 Salia,
877 4815 946 4866 Δ.
1000 4811 1059 4866 G.
1116 4812 1158 4866 1.
1200 4809 1304 4865 6⁶9
1348 4826 1420 4866 ss.
1498 4812 1720 4868 Helleri
1865 4813 2000 4867 hen.
2047 4829 2108 4881 p.
2158 4813 2245 4871 93.

322 4878 556 4947 Quattuor
602 4881 814 4937 exsules
848 4883 1090 4935 Berua-⁸
1135 4887 1424 4946 venerunt,
1477 4897 1622 4936 unus
1666 4898 1851 4937 eorum
1897 4897 1985 4950 ap.
2027 4883 2245 4953 Myllm-

315 4963 471 5006 tanos
502 4953 806 5006 ministerio
835 4959 1026 5020 postea
1057 4949 1283 5016 functus
1317 4956 1411 5016 est,
1458 4949 1543 5005 10.
1575 4951 1748 5006 Henr.
1786 4950 2036 5005 Beldt‘us.
2114 4951 2243 5007 Gae-

313 5022 535 5074 terorum
554 5022 783 5075 noma
804 5025 961 5074 erant
975 5037 995 5072 .·
1030 5019 1112 5072 Io.
1136 5017 1380 5084 Hecura,
1401 5016 1483 5072 10.
1506 5017 1756 5088 maycr
1773 5024 1822 5074 et
1841 5019 1956 5076 lae.
1976 5019 2246 5076 Daehser.

505 5091 564 5154 3)
611 5089 789 5156 Quum
811 5088 1179 5155 Rumlanyius
1253 5089 1420 5141 assim
1441 5088 1774 5142 boemiae
1806 5089 2116 5155 ἀσάρκων
2148 5093 2245 5146 vix

313 5156 375 5210 de
406 5161 511 5214 alio
653 5160 665 5172 ⁰
752 5173 781 5211 e
807 5173 1112 5227 ponemus.
1382 5155 1579 5211 diserte
1610 5173 1711 5211 con
1749 5165 1895 5213 mat
1916 5157 2247 5216 Sdoeurorus

313 5227 802 5363 &mmm
838 5227 1052 5294 (Maus.
1106 5226 1272 5280 Rern.
1322 5226 1417 5280 Vl.
1463 5224 1612 5289 520).
1739 5226 1929 5282 amm
1973 5236 2149 5284 tamen
2182 5231 2246 5284 in

314 5360 479 5420 1532.
507 5369 562 5435 1)
604 5367 759 5422 Patet
793 5368 892 5422 hos
920 5367 1096 5432 fame
1131 5379 1219 5418 eos
1252 5365 1404 5434 ipsos
1425 5379 1561 5434 quos
1584 5362 1893 5419 Mam-taius
1927 5366 2239 5433 offenderat.

2040 432 2200 495 1551
2247 426 2577 496 ΟΟΤΟΒ.

4181 441 4308 506 162

2348 616 2718 682 illane-isius
2757 617 2853 684 sie
2886 629 2990 684 est
3021 626 3354 702 exeeptus,
3399 628 3474 686 ut
3515 621 3730 689 denuo
3771 622 3988 707 ipsum
4029 647 4162 692 non
4195 648 4306 693 re-

2346 701 2643 768 diturum
2685 711 2931 786 putem.
2999 702 3092 770 Se
3133 706 3348 788 ipsum
3391 708 3568 773 enim
3610 707 3807 776 valde
3849 708 4030 793 apud
4070 732 4300 778 omnes

2346 787 2551 854 bonos
2592 786 2743 854 deni
2867 789 2976 855 vit.
3065 787 3259 872 Quod
3311 793 3689 859 ministrum
3745 794 4222 864 Bernetensem
4240 803 4301 878 ²)

2345 873 2610 952 attinet,
2673 809 2865 939 nifiila
4160 882 4298 950 Cu-

2346 958 2640 1025 rabimus
2716 981 2846 1042 quo
2909 970 3102 1044 paeto
3166 972 3236 1028 et
3309 962 3474 1029 illud
3549 966 3931 1033 scandalum
4005 967 4295 1034 tollatur.

2346 1044 2596 1112 Sumus
2641 1044 2830 1111 valde
2872 1047 3172 1130 oeeupati
3214 1049 3441 1115 multis
3509 1053 3789 1136 negotiis
3839 1063 3907 1119 et
3961 1053 4294 1121 molestiis.

2517 1131 2792 1197 Fratres
2826 1132 3202 1216 Augustani
3217 1139 3276 1210 ⁸)
3323 1157 3363 1200 a
3397 1136 3679 1203 Caesare
3723 1159 3856 1204 non
3899 1140 4061 1205 urbe
4103 1141 4296 1206 modo

2347 1215 2464 1283 sed
2506 1226 2576 1282 et
2629 1218 2835 1283 totius
2888 1219 3149 1302 imperii
3191 1221 3435 1288 finibus
3489 1224 3700 1289 eieeti.
3736 1222 3908 1306 apud
3960 1246 4081 1291 nos
4136 1237 4296 1291 sunt

2346 1313 2417 1367 et
2451 1304 2622 1368 mira
2663 1303 2975 1369 referunt.
3043 1303 3286 1371 Itidem
3320 1328 3561 1374 novam
3595 1310 3726 1373 iam
3768 1309 3953 1374 aiunt
4003 1310 4297 1377 habitam

2347 1410 2491 1455 esse
2554 1390 2945 1455 sessionem:
2969 1387 3025 1474 ⁴)
3089 1390 3448 1458 aooelerare
3505 1393 3851 1460 Caesarem
3915 1397 4158 1461 mirum
4223 1398 4298 1462 in

2347 1473 2616 1540 modum
2661 1485 2739 1539 ut
2782 1473 3122 1542 Christum
3179 1498 3446 1559 prorsus
3500 1491 3851 1564 expungat.
3939 1481 4300 1566 Expungat

2346 1560 2535 1626 illum
2558 1560 2742 1625 Deus
2776 1570 2843 1626 et
2875 1559 3109 1627 liberet
3141 1560 3407 1628 tandem
3436 1564 3774 1631 ecelesiam
3809 1586 4017 1632 suam.
4061 1570 4298 1633 Amen.

2520 1646 2950 1731 Exemplaria
3004 1647 3251 1732 aliquot
3311 1647 3395 1714 ad
3461 1657 3525 1716 te
3587 1652 3778 1716 mitto
3843 1672 4070 1717 eorum
4134 1672 4300 1737 quae

2349 1730 2663 1797 audivisti
2677 1733 2736 1810 ⁵)
2809 1732 3173 1816 Verqerium
3234 1743 3459 1801 eontra
3523 1737 3870 1802 eonsilium
3935 1737 4291 1823 eollegisse.

2348 1817 2696 1884 Profectus
2738 1827 2841 1884 est
2879 1818 3021 1902 ipse
3055 1819 3394 1904 Tigumm.
3462 1821 3634 1887 Mihi
3676 1822 3846 1889 hano
3889 1823 4296 1906 provinciam

2348 1902 2701 1969 mandavit.
2790 1904 2892 1969 'ru
2945 1906 3456 1973 eommunieabis
3508 1905 3597 1975 D.
3643 1908 4004 1976 Marohioni
4043 1909 4216 1975 Italo
4240 1911 4298 1993 ⁸)

2348 1999 2417 2055 et
2461 1988 2714 2056 divides
2758 1989 2921 2057 aliis.
2986 1989 3357 2074 Properant
3398 1992 3497 2057 illi
3542 1992 3721 2059 abire
3765 2004 3839 2060 ut
3879 2015 4013 2059 non
4047 1995 4293 2078 possim

2346 2076 2557 2159 plura.
2645 2073 2861 2142 Hodie
2917 2085 3138 2144 aetum
3191 2085 3294 2144 est
3345 2078 3414 2143 in
3460 2087 3693 2144 senatu
3747 2089 3972 2147 nostro
4015 2089 4093 2146 ut
4134 2082 4294 2148 seri-

2348 2161 2544 2228 batur
2586 2181 2706 2245 pro
2748 2162 3029 2246 quodam
3068 2162 3499 2230 Neoeomensi
3554 2165 3756 2230 stati-o
3811 2173 4001 2250 eapto
4056 2167 4127 2231 in
4172 2165 4299 2233 Sa-

2347 2245 2588 2313 baudia
2603 2251 2656 2324 7)
2726 2267 2876 2313 eum
2940 2247 3089 2314 aliis
3165 2249 3553 2333 quibusdam
3633 2252 3771 2316 suis
3848 2250 4293 2319 familiaribus.

2347 2333 2520 2398 Vale
2553 2334 2815 2409 iterum,
2851 2341 2920 2398 et
2939 2354 3058 2400 nos
3077 2332 3367 2401 Domino
3400 2335 3701 2419 precibus
3727 2338 3857 2403 tuis
3891 2336 4297 2405 commenda.

2348 2419 2678 2571 ggiminus
2719 2418 2840 2484 tibi
2884 2417 3220 2486 benedieat
3263 2443 3344 2486 ex
3388 2423 3565 2486 omni
3609 2435 3811 2506 parte.
3899 2423 4158 2489 Bernae
4201 2429 4298 2488 11.

2521 2639 2787 2706 Salutat
2829 2651 2894 2706 te
2939 2641 3287 2708 Masculus.

2842 874 3000 941 dum
3042 887 3145 943 est
3185 878 3612 945 constitutum
3656 901 3696 945 a
3736 881 4070 950 fratribus.

3505 2729 3688 2793 Tuus
3729 2730 3800 2794 in
3845 2731 4130 2798 Domino

3583 2830 3677 2896 Io.
3716 2831 4043 2900 Hallerns.

3236 3239 3428 3310 1588.

3176 3394 3480 3462 ΒΕΖΑΕ

2350 3493 2684 3560 Praefatio
2727 3495 2794 3561 in
2854 3496 3204 3563 editionem
3263 3500 3470 3583 prinei
3556 3520 3621 3564 m
3681 3501 4302 3570 commentariorum

2350 3578 2611 3645 Calvini
2657 3579 2726 3646 in
2761 3602 2989 3650 omnes
3032 3582 3484 3736 Pauflliossffffis
3607 3593 3674 3650 et
3715 3585 3784 3648 in
3828 3585 4173 3667 epistolam
4214 3587 4300 3654 ad

2524 3835 2805 3902 (Genevae
2842 3839 2983 3909 apud
3019 3839 3279 3895 Ioannem
3316 3839 3628 3893 Gerar-dum.
3666 3839 3738 3891 M.
3773 3839 3839 3892 D.
3877 3839 3967 3894 LI.
4005 3841 4121 3906 rol.)

2349 4006 2733 4074 Theodorus
2777 4009 2952 4075 Beza
2995 4009 3302 4075 Vezelius
3345 4007 3700 4074 christiano
3745 4009 3972 4076 lectori
4016 4012 4297 4080 salutem

2879 4106 2946 4160 et
2986 4096 3266 4180 gratiam
3310 4115 3349 4159 a
3391 4091 3692 4198 Domino.
3722 4100 3770 4178 ¹)
4069 4097 4077 4106 '

2519 4227 2852 4315 Cogitanti
2895 4230 3060 4295 mihi
3104 4229 3184 4296 de
3242 4237 3610 4314 temporum
3654 4241 4023 4298 nostrorum
4068 4234 4294 4302 eondi-

2550 4402 2614 4467 2)
2650 4402 2886 4457 Illam
2918 4403 3100 4469 ipsum
3136 4403 3234 4471 qui
3264 4402 3422 4457 modo
3461 4401 3783 4457 Eburno-am
3817 4402 4142 4460 dicabatur?

2551 4471 2614 4606 ἓ)
2650 4470 2765 4594 εοῖιῖ.
2843 4510 3034 4596 uodece⁰
2915 4469 3180 4595 prumam
3196 4470 3518 4608 nggffgsm
3553 4539 3887 4594 celebratam.
3960 4539 4141 4605 (ΒΜ
4142 4581 4154 4594 .
4192 4542 4294 4597 111.

2345 4607 2466 4661 260.
2540 4639 2554 4660 l
2699 4610 2710 4622 ‘
2740 4605 2859 4662 584.
2933 4606 3086 4678 Saliy
3120 4608 3192 4664 11.
3224 4607 3337 4674 29.)

2554 4677 2615 4743 5)
2651 4692 2757 4731 vox
2793 4676 2976 4731 dubia.
3011 4706 3078 4716 —
3119 4676 3206 4744 Cf.
3228 4677 3301 4731 N.
3323 4675 3474 4744 1489,
3509 4683 3620 4730 not.
3656 4675 3706 4743 4,
3740 4684 3788 4732 et
3825 4675 3901 4732 N.
3923 4675 4074 4742 1522,
4109 4676 4292 4732 not&

2552 4745 2614 4811 6)
2655 4744 2969 4801 Οαναοοίοῐο
3001 4746 3104 4812 (Ν.
3144 4745 3324 4808 1500).

2553 4813 2613 4880 7)
2649 4815 2816 4884 Ηυρο
2854 4815 3092 4870 Gravior
3125 4815 3232 4878 (N.
3267 4813 3448 4876 1528).
3526 4813 3682 4882 Quod
3728 4815 3796 4869 de
3836 4814 4120 4868 Sabaudn'a
4153 4813 4292 4869 die-’t

2346 4883 3718 5023 ffimfflssesswcfkamm.
3721 4890 3862 4940 ’Μ’
3912 4881 4087 4936 ⁰²¹⁰*
4103 4882 4292 4936 ‘'m“

2346 5022 2526 5079 1538.
2557 5022 2611 5086 1)
2647 5022 2801 5075 Besa
2842 5027 2967 5090 post
3009 5023 3242 5086 feliciter
3282 5027 3654 5089 recuperatam
3701 5019 4057 5076 valetudinem
4105 5017 4288 5073 Bade-

2345 5107 2478 5146 ηοω
2511 5105 2568 5144 se
2601 5092 2907 5146 eontulerat
2939 5089 3017 5144 ad
3048 5089 3367 5157 reficiendos
3399 5092 3542 5145 vires
3576 5097 3626 5144 et
3657 5106 3726 5143 m.
3761 5089 4011 5156 Anausin
4029 5087 4288 5143 Lauson-

2346 5177 2476 5215 nan
2501 5159 2755 5214 redierat.
2825 5159 2991 5213 Hane
3030 5159 3424 5227 praefationem
3471 5175 3635 5229 quum
3679 5157 3932 5212 emberet
3966 5162 4168 5212 etatum
4199 5173 4288 5212 re-

2345 5245 2467 5283 rum
2512 5229 2575 5282 in
2625 5226 2812 5281 Gallia
2869 5229 3125 5296 inprimis
3168 5228 3438 5296 respexit,
3479 5229 3578 5282 ubi
3616 5228 3957 5294 persequutio
4001 5225 4174 5281 edicto
4218 5226 4291 5280 de

2345 5295 2812 5421 ghaautgaulbrssvsstd,
2857 5297 3004 5366 quoa
3057 5303 3294 5363 vocam,
3327 5298 3669 5366 promulqoero
3704 5294 4123 5352 recrudescebat.
4199 5295 4294 5362 Of.

3771 5447 3869 5502 12·
