4900 6167
330 433 455 494 713

330 626 625 685 vestram
670 617 967 685 horribili
1012 617 1364 685 vastationi
1398 614 1741 685 obiiciatur
1775 617 2061 685 ecclesia.
2131 614 2283 699 Qua

326 703 404 771 in
444 725 517 771 re
560 711 636 769 ut
687 704 1132 789 praescribere
1187 703 1375 770 vobis
1429 725 1561 770 non
1619 724 1965 788 possumus
1980 755 1995 781 ,
2054 702 2165 785 qui
2210 703 2281 768 in

330 812 407 857 re
447 791 781 875 praesenti
822 810 946 891 vos
986 810 1183 875 agere
1225 789 1552 869 novimus,
1598 798 1669 890 et
1710 790 1791 856 de
1832 789 1962 856 fide
2005 790 2279 874 pietate·

328 896 1008 1030 ἓὲἓέῗέὲἑζωω
1002 897 1154 1047 3¹5¹..
1167 877 2281 1046 ffiffffnffffofflffiffiffi

330 1047 461 1124 ita,
533 1047 707 1133 quod
764 1070 969 1116 unum
1024 1068 1406 1133 possumus,
1473 1046 1882 1132 precabimur
1938 1062 2280 1113 aeternum

329 1148 589 1220 patrem
632 1135 903 1201 Domini
961 1136 1169 1201 nostri
1210 1134 1363 1200 Iesu
1410 1133 1664 1200 Christi
1716 1143 1794 1199 ut
1833 1154 1983 1211 vos,
2042 1134 2281 1198 fratres

328 1229 594 1287 nostros
647 1219 1132 1299 dilectissimos,
1200 1241 1320 1286 suo
1375 1221 1613 1304 spiritu
1669 1233 1858 1305 regat
1912 1218 2282 1304 dirigatque

324 1306 402 1371 in
443 1327 566 1372 sua
608 1306 962 1384 voluntate,
1005 1307 1358 1390 impiorum
1404 1320 1675 1373 conatus
1721 1305 2035 1388 reprimat
2075 1313 2144 1370 et
2176 1326 2278 1371 ec·

324 1391 594 1459 clesiam
619 1413 806 1458 suam
827 1391 1337 1459 misericorditer
1372 1401 1633 1458 tueatur
1672 1401 1867 1475 atque
1902 1391 2279 1457 sanctificet.

328 1478 501 1543 Tum
526 1481 562 1515 ⁴*
603 1479 865 1562 signum
886 1482 925 1519 θ
968 1486 1070 1543 est
1110 1478 1182 1543 in
1226 1500 1354 1562 quo
1391 1500 1585 1562 porro
1622 1480 1978 1543 fraternam
2014 1496 2282 1561 operam

325 1585 566 1648 queam
629 1572 994 1649 praestare,
1075 1564 1251 1648 agite
1327 1564 1554 1631 adsitis
1588 1562 1622 1595 ¹*
1701 1564 2041 1648 experturi
2113 1562 2283 1628 sicut

325 1661 667 1734 promptos
702 1661 770 1717 et
790 1650 1054 1716 alacres.
1083 1653 1135 1727 ⁶)
1189 1649 1444 1716 Valete.
1502 1650 1807 1734 Basileae
1842 1644 2278 1738 23.,Deoemb.

334 1740 519 1802 1553.

1301 1820 1586 1889 Sulaeus
1609 1825 1666 1904 ⁷)

779 1937 899 1993 suo
942 1936 1012 1993 et
1054 1936 1572 2010 symmystarum
1616 1937 1953 2010 pastorum
1998 1925 2282 1990 nomine.

489 2096 867 2195 ‘Exemplar
928 2096 1460 2180 proclamationis
1522 2120 1665 2180 ger-

318 2202 660 2249 mamcum
734 2203 977 2267 quaeso
1052 2184 1386 2260 remittas,
1464 2205 1666 2268 quum

320 2268 447 2334 vix
491 2268 600 2335 hic
642 2269 773 2334 alia
817 2269 1302 2351 reperiuntur.*

501 2354 766 2421 Literas
854 2354 964 2421 hic
1062 2355 1346 2422 inclusas
1429 2376 1667 2439 quaeso

324 2439 700 2506 reddendas
742 2460 931 2507 cures
974 2441 1257 2507 Tribuni
1296 2443 1511 2508 nostri
1555 2465 1665 2508 ne-

414 2527 465 2591 ti
508 2527 614 2591 cui
655 2535 772 2591 tua
815 2548 1016 2610 opera
1057 2538 1209 2594 ante
1267 2548 1516 2593 annum
1561 2549 1665 2593 ar·-

374 2612 538 2678 itror
581 2611 754 2697 apud
812 2624 1207 2679 mercatores
1251 2622 1666 2697 prospectum

320 2718 471 2764 esse

1104 2925 1513 2935 ..ῃ-ῃ,-

1213 3142 1403 3214 1878.

842 3299 1087 3365 BEZA
1131 3298 1765 3366 BULLINGERO.

515 3470 782 3536 Gratias
824 3472 955 3553 ayit
997 3471 1072 3535 de
1111 3470 1370 3553 epistola
1412 3472 1549 3536 eius
1590 3492 1789 3554 nuper
1831 3473 1901 3535 in
1941 3471 2282 3539 cau-saffe-

330 3557 696 3621 neumam
748 3558 998 3639 scripta.
1107 3556 1506 3623 Commendat
1559 3559 1617 3622 ei
1677 3556 2025 3623 Panerium
2081 3557 2286 3625 Dolae

332 3644 411 3706 in
450 3642 700 3709 vincula
740 3644 1079 3708 coniectum
1111 3650 1375 3726 propter
1417 3643 1816 3727 evanyelium.

334 3811 453 3877 (Ex
490 3821 717 3882 autogra
754 3814 826 3869 ho
862 3814 1030 3868 Arch.
1068 3815 1244 3869 Turio.
1282 3815 1423 3868 Plut.
1461 3815 1551 3871 VI.
1588 3816 1716 3871 Vol.
1754 3814 1870 3881 166,
1906 3816 2035 3868 olim
2069 3813 2156 3877 24,
2190 3815 2283 3870 fol.

334 3880 420 3935 76.
492 3882 664 3938 Exem
726 3885 843 3936 aria
888 3885 1195 3937 recentiora
1239 3885 1480 3954 reperies
1528 3884 1584 3938 in
1629 3884 1795 3939 Codd.
1846 3885 2047 3939 Genev.
2092 3882 2211 3952 119,
2246 3885 2283 3937 s.

338 3949 455 4017 121,
492 3959 551 4006 et
590 3951 650 4004 ll
689 3954 731 4006 b,
776 3954 866 4006 fol.
907 3951 994 4013 16;
1031 3955 1087 4007 in
1249 3995 1259 4006 .
1301 3956 1462 4007 Bern.
1501 3954 1597 4008 VI.
1634 3970 1685 4024 p.
1722 3950 1842 4020 997,
1877 3970 1962 4022 ap.
1999 3952 2283 4006 Simlcrum

824 4022 945 4076 Vol.
981 4021 1066 4076 80.
1122 3954 1325 4076 {Elidit
1359 4023 1546 4087 Barim,
1582 4022 1622 4076 1.
1662 4020 1806 4082 430.)

505 4194 723 4259 Fideli
768 4214 959 4259 servo
995 4192 1125 4258 Dei
1159 4202 1227 4258 et
1259 4195 1446 4258 fratri
1482 4192 1647 4258 mihi
1690 4192 2283 4259 observandissimo

331 4281 419 4346 D.
466 4280 702 4346 Iacobo
745 4279 1014 4346 Valerio
1059 4279 1370 4346 ecclesiae
1414 4279 1910 4345 Lausannensis
1955 4279 2196 4362 pastori

1617 4383 2035 4447 Lausannae.
2061 4382 2113 4465 ¹)

508 4519 808 4589 Salutem
853 4531 920 4586 et
963 4520 1243 4604 gratiam
1287 4541 1329 4585 a
1368 4520 1672 4584 Domino.
1762 4517 1996 4596 Hodie,
2040 4520 2134 4583 mi
2168 4538 2285 4602 pa-

335 4622 461 4683 ter,
504 4629 705 4690 quum
749 4605 923 4689 apud
968 4607 1050 4671 D.
1103 4604 1435 4670 Calvinum
1477 4615 1775 4671 nostrum
1819 4625 2049 4681 essem,
2108 4625 2285 4670 com-

333 4693 602 4759 modum
645 4691 941 4758 redditae
995 4703 1153 4757 sunt
1193 4692 1381 4757 nobis
1435 4689 1662 4756 literae
1706 4702 1856 4756 tuae
1875 4692 1933 4771 ²)
1976 4710 2094 4773 pro
2139 4691 2284 4774 qui-

545 4883 606 4941 6)
642 4880 801 4936 Haec
834 4886 1113 4950 postrenus
1146 4878 1424 4935 evidenter
1457 4884 1724 4948 corrupta
1757 4881 1831 4944 [si
1868 4879 2001 4949 quid
2027 4884 2112 4932 est
2145 4876 2285 4940 etal.

336 5020 515 5102 ms.
548 4951 607 5087 R
639 4952 748 5076 gg
769 5035 962 5101 revera
994 5019 1156 5075 habet
1186 5016 1482 5099 inscriptio
1515 5017 1885 5097 automaphi.
1925 5015 2128 5071 Venus
2149 5016 2288 5083 quin

340 5090 666 5172 Bru-moro
700 5093 915 5158 mepta
948 5094 1023 5170 εει
1055 5086 1685 5224 wwe
1715 5091 1924 5155 nem,
1961 5083 2137 5154 (quod
2168 5100 2285 5139 ma-

336 5175 516 5284 m
546 5234 613 5283 ut
644 5162 1499 5283 mmm
1531 5225 1820 5306 ferendam
1855 5228 2093 5305 maret.
2154 5222 2287 5277 Cae-

334 5296 1361 5435 ἐσαπιὲξῖινοκίεέὅεαοηονωῆω
1404 5293 2093 5350 mmmdoeebttN.
2134 5290 2287 5346 1881.

2021 433 2184 495 1553
2229 429 2636 497 DECEMB.

2337 5276 2344 5404 ἰ

4210 439 4333 503 714

2382 617 2506 684 bus
2549 618 2906 684 maximam
2961 615 3077 682 tibi
3136 617 3416 701 gratiam
3473 618 3695 685 habeo.
3783 619 3928 685 Imo
3973 643 4127 688 vero
4170 623 4338 690 mihi

2384 725 2517 769 non
2560 711 2920 788 suppetunt
2953 702 3154 769 verba
3197 703 3434 787 quibus
3473 703 3796 772 declarem
3842 716 4126 790 quantae
4170 708 4339 777 mihi

2384 789 2708 874 voluptati
2765 788 2966 854 fuerit
3007 795 3122 853 tua
3162 789 3292 855 ista
3348 790 3702 875 singularis
3761 793 4211 877 promptitudo
4268 802 4339 861 et

2383 875 2689 941 alacritas
2749 876 2820 940 in
2877 875 3171 941 iuvanda
3227 875 3535 943 ecclesiae
3591 878 3924 944 communi
3975 901 4199 959 causa,
4256 900 4336 947 eo

2384 960 2648 1045 quidem
2693 958 2878 1025 nobis
2922 961 3172 1043 gratior
3215 971 3283 1028 et
3324 961 3671 1045 iucundior
3712 984 3841 1047 quo
3885 966 4136 1031 rariora
4174 972 4338 1032 sunt

2385 1048 2582 1114 istius
2625 1044 2776 1112 fidei
2820 1056 2887 1111 et
2924 1046 3043 1110 zeli
3085 1047 3407 1131 exempla.
3495 1046 3580 1113 D.
3627 1047 3816 1116 Iesus
3872 1049 4032 1115 deus
4088 1061 4332 1133 noster,

2384 1134 2570 1198 cuius
2611 1153 2842 1198 causae
2886 1131 3011 1197 hoc
3059 1131 3325 1211 dedisti,
3381 1145 3613 1218 pergat
3671 1133 3788 1199 tibi
3847 1134 4226 1203 benedicere
4268 1146 4339 1203 et

2385 1216 2737 1302 aliquando
2780 1218 2882 1283 tui
2924 1217 3119 1284 istius
3162 1220 3232 1284 in
3275 1220 3612 1285 ecclesiam
3646 1242 3836 1286 suam
3869 1221 4066 1289 officii
4105 1224 4336 1289 memi-

2385 1307 2579 1370 nerit.
2669 1302 2805 1369 Sed
2849 1303 2930 1368 de
2975 1314 3112 1368 tota
3156 1304 3280 1370 hac
3323 1327 3393 1371 re
3437 1303 3628 1388 plura
3669 1327 3754 1371 ex
3791 1308 3873 1372 D.
3904 1306 4157 1374 Calvino
4191 1310 4336 1393 ipso

2382 1390 2733 1475 intelliges,
2754 1392 2812 1472 ⁸)
2849 1388 2960 1473 qui
2996 1410 3189 1467 nunc,
3237 1411 3437 1473 quum
3475 1391 3565 1456 sit
3598 1393 4150 1476 occupatissimus,
4197 1416 4336 1461 ma-

2384 1477 2513 1542 luit
2546 1476 2712 1542 nihil
2749 1476 3124 1555 rescribere,
3160 1497 3354 1559 quam
3396 1476 3467 1540 in
3501 1484 3685 1543 tanto
3706 1476 4020 1547 beneficio
4056 1481 4338 1547 nimium

2386 1583 2582 1646 parce
2632 1573 2699 1628 et
2753 1563 2971 1627 ieiune
3028 1561 3428 1645 singularem
3492 1561 3688 1628 fidem
3759 1584 3835 1630 ac
3891 1565 4337 1651 iutegritatem

2387 1664 2570 1714 tuam
2613 1650 2858 1714 testari.
2928 1647 3017 1713 Et
3062 1647 3221 1713 haec
3264 1646 3523 1730 quidem
3571 1649 3906 1715 hactenus.
3971 1650 4142 1717 Nam
4181 1652 4340 1736 quia

2386 1734 2683 1817 publicus
2727 1732 3110 1799 tabellarius
3170 1733 3458 1798 nondum
3516 1734 3711 1799 rediit
3765 1735 4090 1803 nihildum
4144 1739 4227 1804 ad
4271 1746 4339 1804 te

2386 1830 2600 1904 potest
2634 1819 2714 1886 de
2751 1820 2947 1885 huius
2982 1820 3226 1902 negotii
3260 1820 3678 1904 catastrophe
3711 1821 4042 1904 perscribi.
4067 1828 4123 1901 ⁴)
4168 1822 4336 1890 an-

2386 1920 2624 1986 terum,
2659 1907 2749 1971 mi
2788 1915 2992 1989 pater,
3041 1915 3153 1970 tua
3189 1906 3318 1970 ista
3355 1906 3657 1972 alacritas
3693 1907 3761 1972 in
3796 1906 4098 1974 iuvandis
4134 1909 4339 1975 eccle-

2388 1994 2521 2069 siis,
2568 2013 2765 2075 quam
2812 1991 3008 2056 toties
3050 1993 3302 2075 experti
3340 2013 3586 2071 sumus,
3631 1992 3784 2058 facit
3820 2003 3892 2058 ut
3925 2015 4043 2060 nos
4086 2014 4338 2079 quoque

2386 2078 2679 2145 vicissim
2722 2097 2986 2161 operam
3041 2084 3228 2142 tuam
3284 2099 3360 2143 eo
3419 2078 3822 2160 frequentius
3880 2089 4074 2163 atque
4118 2080 4337 2159 etiam,

2386 2165 2442 2231 si
2487 2166 2580 2229 ita
2621 2163 2802 2246 loqui
2839 2163 3010 2240 licet,
3058 2161 3373 2229 audacius
3415 2164 3804 2249 flagitemus.

2561 2251 2847 2315 Tenetur
2912 2246 3123 2313 Dolae
3188 2248 3360 2332 apud
3426 2247 3768 2334 Sequanos
3832 2252 4134 2334 captivus
4194 2253 4339 2335 qui-

2387 2334 2540 2401 dam
2560 2339 2617 2413 ⁶)
2663 2357 2745 2401 ex
2791 2330 3026 2419 oppido
3070 2332 3479 2415 Salinarum,
3536 2335 3730 2402 homo
3788 2335 3956 2403 bene
4000 2336 4227 2402 doctus
4271 2344 4344 2403 et

2385 2421 2580 2488 valde
2623 2422 2786 2505 pius,
2833 2430 3152 2503 quantum
3196 2440 3280 2486 ex
3324 2420 3566 2504 aliquot
3607 2422 3812 2505 ipsius
3856 2422 3939 2488 ad
3975 2445 4092 2487 nos
4124 2422 4339 2489 literis

2386 2527 2776 2592 cognoscere
2819 2506 3151 2589 potuimus
3209 2516 3276 2571 et
3327 2506 3472 2590 ipsa
3514 2528 3691 2573 nunc
3728 2529 3835 2574 res
3871 2508 4175 2574 declarat.
4264 2508 4339 2574 Is

2387 2616 2590 2677 quum
2633 2595 2763 2658 iam
2806 2601 3077 2676 paratus
3118 2603 3290 2658 esset
3330 2591 3414 2657 ad
3455 2594 3871 2678 migrandum
3913 2593 4143 2659 fraude
4186 2615 4339 2677 quo-

2386 2680 2672 2745 rundam
2725 2677 3198 2745 monachorum
3255 2679 3657 2763 interceptus
3701 2702 3878 2745 nunc
3926 2681 3996 2744 in
4044 2689 4340 2746 extremo

2388 2765 2765 2832 discrimine
2804 2773 3138 2838 versatur,
3199 2773 3267 2829 et
3310 2775 3497 2849 rogat
3539 2773 3614 2831 ut
3657 2766 3711 2829 si
3757 2767 4085 2848 praesenti
4140 2767 4339 2831 morti

2386 2853 2712 2937 possimus
2755 2851 2941 2916 illum
2986 2850 3273 2932 eripere,
3338 2872 3421 2916 ne
3464 2850 3560 2916 illi
3614 2851 3902 2917 desimus
3945 2871 4062 2934 pro
4105 2861 4341 2916 mutua

2388 2938 2680 3016 caritate,
2747 2948 3016 3020 paratus
3072 2936 3336 3001 interim
3396 2935 3479 3002 ad
3533 2935 3986 3004 crudelissima
4043 2957 4341 3020 quaeque

2388 3024 2607 3107 potius
2644 3021 3042 3104 perferenda,
3080 3042 3276 3105 quam
3313 3029 3385 3087 ut
3405 3021 3744 3088 Christum
3783 3024 4078 3107 abneget.
4145 3023 4344 3088 Paris

2386 3108 2714 3187 ‘Panerius
2769 3109 2829 3174 ei
2895 3128 3172 3186 nomen,
3241 3108 3384 3174 LI..
3440 3109 3711 3174 Doctor:
3783 3119 3978 3174 natus
4034 3118 4136 3174 est
4199 3108 4342 3193 ipse

2390 3196 2550 3260 satis
2605 3193 2881 3261 honesto
2936 3193 3080 3260 loco
3138 3206 3206 3257 et
3260 3193 3691 3278 Fuyyerorum
3738 3193 4154 3278 quorundam
4209 3215 4343 3259 non

2387 3282 2486 3346 ita
2530 3278 2781 3364 pridem
2825 3280 2951 3346 fuit
2992 3294 3373 3364 praeceptor
3428 3282 3498 3345 in
3540 3281 3945 3346 Pictaviensi
3989 3279 4340 3347 academia.

2391 3365 2528 3433 Sed
2583 3368 2787 3449 ipsius
2843 3377 3053 3431 mater
3107 3378 3173 3430 et
3225 3366 3460 3431 fratres
3477 3418 3492 3443 ,
3558 3368 3798 3451 partim
3858 3376 4043 3431 metu
4097 3368 4343 3450 partim

2391 3453 2588 3518 etiam
2632 3452 2937 3536 perfidia,
2999 3449 3306 3517 videntur
3363 3450 3442 3517 de
3484 3451 3663 3518 illius
3707 3453 3847 3517 vita
3891 3474 4023 3518 non
4068 3473 4340 3537 magno-

2389 3561 2545 3622 pere
2579 3538 2857 3605 solliciti.
2925 3538 3107 3621 Ergo
3144 3551 3443 3621 superest
3478 3548 3550 3602 ut
3585 3560 3705 3604 nos
3739 3540 3880 3604 veri
3922 3540 4128 3604 simus
4164 3539 4344 3604 illius

2388 3626 2644 3690 fratres.
2734 3623 3030 3689 Ecclesia
3089 3634 3318 3690 nostra
3373 3623 3454 3689 de
3507 3646 3582 3689 eo
3645 3622 3729 3690 ad
3770 3625 4342 3708 magnificentissi-

2390 3731 2532 3776 mos
2591 3721 2848 3775 nostros
2908 3710 3236 3793 principes
3300 3711 3710 3793 perscripsit,
3777 3730 3940 3793 quos
4001 3730 4342 3792 speramus

2392 3795 2645 3863 Christi
2687 3815 2953 3861 causam
2989 3805 3426 3877 suscepturos.
3516 3795 3650 3861 Sed
3687 3817 3844 3880 rogo
3887 3803 3952 3860 te
3986 3809 4342 3879 praeterea,

2388 3884 2483 3947 mi
2526 3892 2747 3965 pater,
2816 3892 2890 3945 ut
2947 3883 3004 3946 si
3063 3881 3219 3964 quid
3263 3882 3410 3946 istic
3455 3892 3638 3966 potes
3682 3883 3750 3947 in
3798 3881 4227 3966 hoc,negotio
4272 3879 4342 3946 id

2388 3989 2585 4033 omne
2627 3966 2931 4033 ostendas
2973 3968 3042 4031 in
3088 3968 3277 4033 istius
3322 3968 3555 4051 optimi
3596 3967 3820 4032 fratris
3856 3988 4066 4033 causa.
4145 3967 4344 4033 Potes

2388 4063 2629 4133 autem,
2689 4062 2762 4118 ut
2804 4054 3069 4136 opinor,
3128 4053 3523 4136 plurimum,
3583 4076 3713 4118 non
3771 4053 3964 4118 modo
4021 4052 4205 4135 quia,
4263 4058 4342 4118 ut

2388 4140 2859 4218 existimamus,
2905 4139 2977 4204 in
3021 4154 3154 4203 tam
3199 4141 3372 4204 iusta
3414 4160 3609 4205 causa
3651 4150 3786 4203 tam
3832 4140 3980 4221 pius
4023 4146 4091 4202 et
4133 4138 4340 4205 chris-

2387 4227 2608 4291 tianus
2653 4235 2921 4290 senatus
2963 4226 3347 4308 petitionem
3384 4234 3565 4290 tuam
3603 4247 3732 4289 non
3778 4224 4164 4307 repudiabit,
4226 4223 4341 4290 sed

2386 4312 2587 4375 etiam
2632 4312 2784 4393 quia
2827 4311 3136 4395 privatim
3195 4332 3448 4395 quoque
3505 4311 3958 4377 existimamus
4001 4310 4341 4376 dominum

2593 4534 2655 4597 3)
2697 4535 2840 4590 Vide.
2871 4535 2992 4588 eius
3024 4550 3106 4603 ep.
3136 4534 3327 4602 pridie
3362 4533 3477 4590 Gal.
3512 4534 3645 4589 Iam.
3681 4533 3959 4602 scriptam.

2595 4603 2651 4665 4)
2689 4605 2744 4659 d.
2776 4603 2862 4657 21.
2899 4603 3032 4658 Dec.
3069 4604 3409 4658 Ber-celerias
3440 4604 3621 4659 danao
3656 4621 3694 4657 a
3728 4607 3928 4659 amatu
3954 4601 4341 4684 postauam&

2388 4679 2454 4728 ut
2487 4673 2565 4727 ad
2587 4688 2819 4808 Iegem?
2852 4672 3244 4796 affines-w.
3315 4672 3476 4742 Quod
3508 4673 3560 4725 ei
3592 4678 3788 4727 autore
3815 4670 4046 4727 Calesno
4079 4675 4342 4738 nequount

2560 4746 2766 4875 (5)9M.
2811 4813 2963 4864 Paris
3001 4812 3200 4865 Panier
3234 4811 3460 4864 advocat
3507 4827 3575 4863 au
3611 4813 3918 4879 parlcment
3951 4811 4019 4862 de
4057 4810 4192 4863 Dole
4227 4809 4340 4861 issu

2391 4881 2515 4934 d’un
2552 4882 2658 4933 lieu
2695 4881 2909 4935 nomme
2946 4881 3204 4934 Oorniere
3241 4879 3274 4932 a
3308 4880 3443 4932 trois
3478 4880 3646 4931 lienes
3681 4878 3749 4931 de
3786 4880 3976 4932 Salius.
4050 4879 4101 4932 Il
4136 4878 4342 4931 n'avoit

2392 4966 2592 5004 encore
2638 4951 2836 5003 atteint
2885 4950 3053 5017 l'aage
3100 4950 3168 5002 de
3214 4947 3284 5001 24
3319 4965 3415 5001 ans
3463 4948 3644 5017 quand
3689 4949 3729 5000 il
3778 4948 3861 5001 fut
3904 4950 4096 5002 accuse
4130 4962 4340 5000 comme

2391 5024 2562 5089 ayant
2596 5018 2746 5087 parle
2782 5026 2966 5071 contre
3014 5019 3063 5071 le
3111 5018 3236 5070 dieu
3286 5018 3353 5071 de
3402 5018 3520 5071 leur
3553 5033 3746 5071 messe.
3814 5016 3857 5069 Il
3896 5018 4061 5070 estoit
4095 5032 4338 5084 parvenu

2391 5105 2460 5139 au
2497 5104 2631 5155 rang
2668 5087 2763 5139 des
2839 5087 3065 5140 r‹·miers
3100 5086 3342 5140 hommes
3378 5086 3446 5139 de
3470 5087 3664 5139 lettres
3701 5087 3769 5137 de
3804 5102 3905 5139 son
3929 5102 4065 5154 pays
4090 5091 4149 5137 et
4182 5090 4339 5139 entre

2389 5157 2471 5209 les
2505 5156 2806 5209 iurisconsu
2829 5163 2911 5209 tes
2936 5172 3239 5209 renommez
3274 5154 3307 5208 a
3340 5172 3499 5209 cause
3532 5155 3601 5208 de
3625 5172 3686 5207 sa
3703 5155 3917 5209 science
3935 5160 3994 5208 et
4027 5155 4337 5222 eloquence.

2389 5224 2435 5278 11
2471 5225 2555 5278 fut
2589 5225 2882 5279 condamus
2918 5224 3123 5278 d’avoir
3168 5226 3223 5277 la
3267 5231 3410 5278 teste
3452 5223 3709 5277 tranchee
3763 5231 3822 5276 et
3862 5239 3950 5276 ses
3984 5223 4153 5276 livres
4189 5227 4337 5277 estre

2389 5295 2606 5348 bruslez
2653 5294 2855 5347 devant
2899 5294 2988 5347 lui.
3060 5295 3135 5349 Ge
3179 5295 3264 5347 fut
3319 5295 3369 5347 le
3428 5293 3632 5346 samedi
3679 5290 3727 5345 7.
3776 5293 3911 5345 avril
3960 5291 4110 5347 1554.
4158 5291 4338 5358 (flia.

2390 5362 2488 5418 dea
2520 5362 2777 5433 Marbyrs
2806 5363 2850 5431 f.
2889 5361 2990 5417 295
3025 5363 3105 5431 v.)
