4900 6167
688 383 813 446 399

688 587 914 633 mense
969 564 1330 632 Novembri
1398 562 1627 630 haberi
1689 562 1922 629 solent.
2024 561 2313 627 Fueram
2374 582 2416 626 a
2474 559 2641 627 Ber-

690 652 966 729 noram
1010 650 1406 717 admonitus.
1495 649 1751 714 Verum
1806 649 2094 725 crimen,
2152 668 2277 731 quo
2323 668 2444 712 nos
2489 668 2640 731 gra-

690 759 847 803 vare
891 747 958 804 et
999 737 1196 801 simul
1241 736 1516 802 obruere
1560 733 1956 819 cogitabant,
2001 732 2188 799 nobis
2232 739 2375 798 erat
2417 732 2641 817 incog-

687 824 919 890 nitum.
999 821 1198 888 Nunc
1242 822 1568 889 Dominus
1605 842 1718 886 eos
1755 819 2081 886 maturius
2125 819 2192 884 in
2238 817 2454 883 lucem
2498 839 2642 902 pro-

687 908 914 974 traxit.
1001 909 1368 974 Rumorem
1401 914 1725 992 spargunt
1757 906 1828 971 in
1865 904 2177 988 cauponis
2196 908 2253 980 ⁴)
2300 912 2368 970 et
2412 904 2640 969 statim

687 995 760 1059 in
803 996 971 1060 atrio
1014 994 1234 1060 curiae
1276 993 1640 1071 clamitant,
1696 992 1806 1057 hic
1850 1012 1994 1056 esse
2037 989 2476 1074 quadraginta
2520 1011 2638 1054 au-

688 1101 949 1147 reorum
995 1080 1230 1159 millia,
1278 1080 1562 1164 pretium
1609 1077 1790 1143 urbis
1834 1075 2206 1162 prodendae
2224 1126 2239 1154 ,
2286 1075 2460 1158 apud
2504 1089 2640 1141 tres

690 1167 919 1235 Gallos
966 1165 1350 1249 depositum.
1440 1165 1604 1230 'I'res
1643 1184 2004 1246 pauperum
2050 1181 2432 1227 oeconomos
2477 1161 2638 1227 obli-

733 1275 814 1319 ue
867 1253 1214 1330 notabant,
1282 1274 1318 1317 e
1373 1249 1608 1334 quibus
1666 1250 1953 1314 maximo
2018 1248 2279 1331 piorum
2344 1248 2638 1312 omnium

734 1339 909 1405 olore
959 1338 1274 1405 Tiliaoum
1291 1338 1349 1420 ὅ)
1396 1337 1719 1403 Dominus
1755 1355 1968 1418 nuper
2003 1332 2086 1398 ad
2125 1354 2196 1398 se
2239 1334 2559 1399 evocavit.
2582 1336 2633 1412 ⁶)

703 1424 1114 1491 Vendelinum
1129 1425 1182 1503 ⁷)
1228 1431 1449 1488 autem
1494 1443 1784 1487 asserere
1820 1443 1952 1486 non
1991 1418 2229 1504 puduit
2271 1440 2491 1485 coram
2535 1439 2635 1484 se-

686 1518 873 1587 natu,
918 1517 1213 1575 trecenta
1247 1530 1388 1575 esse
1424 1508 1646 1573 millia.
1736 1506 2005 1572 Fefellit
2039 1527 2148 1570 eos
2184 1505 2419 1587 opini0,
2465 1503 2636 1588 quod

687 1599 958 1663 flamma
992 1595 1106 1659 illa
1140 1616 1296 1660 mox
1329 1597 1400 1659 in
1433 1595 1689 1660 fumum
1724 1593 1904 1670 abiit,
1928 1596 1981 1669 ⁸)
2026 1613 2230 1674 quum
2264 1600 2639 1674 sperassent

689 1682 986 1750 criminis
1050 1682 1389 1748 atrocitate
1448 1677 1824 1746 incendium
1881 1699 1952 1743 se
2010 1677 2406 1743 excitaturos
2468 1675 2637 1760 quod

687 1779 1020 1833 momento
1064 1786 1185 1832 nos
1228 1766 1613 1832 absumeret.
1706 1763 1842 1830 Sed
1885 1763 2139 1828 interea
2197 1784 2422 1830 secure
2466 1762 2639 1826 nihi-

689 1853 980 1920 lominus
1036 1853 1484 1935 proterviunt‚
1546 1851 1700 1935 quia
1741 1850 1967 1914 vident
2021 1870 2247 1914 eorum
2304 1849 2642 1933 ignaviam

694 1939 812 2024 qui
853 1937 1099 2004 mederi
1143 1936 1521 2015 debuerant,
1569 1945 1636 2002 et
1680 1935 1864 2001 nullo
1910 1934 2174 2019 negotio
2218 1942 2538 2019 poterant,
2587 1935 2642 2000 si

691 2023 888 2090 modo
933 2022 1281 2089 scintillam
1330 2022 1650 2089 haberent
1687 2021 1900 2088 virilis
1944 2020 2164 2085 animi.
2246 2018 2426 2101 Quid
2465 2022 2642 2086 enim

692 2132 827 2176 non
895 2110 1211 2174 auderent
1279 2108 1558 2191 improbi
1625 2107 1739 2173 ubi
1795 2106 2117 2172 malorum
2183 2115 2282 2171 est
2346 2107 2642 2171 omnium

689 2193 1094 2280 impunitas?
1160 2194 1295 2261 Sed
1343 2195 1546 2271 brevi,
1594 2202 1671 2258 ut
1709 2213 1916 2276 spero,
1963 2191 2174 2257 aderit
2210 2192 2453 2256 vindex
2490 2212 2641 2256 nos-

687 2291 794 2348 ter
835 2281 1161 2347 Christus.

864 2365 1056 2448 Quod
1117 2365 1323 2431 Virdo
1381 2366 1770 2449 promissum
1830 2364 2046 2429 fuerat
2100 2365 2372 2429 refrixit.
2398 2365 2453 2443 ⁹)
2497 2364 2642 2449 Ego

738 2451 956 2519 uidem
1003 2450 1086 2516 ad
1130 2450 1570 2518 refricandam
1615 2450 2001 2515 memoriam
2047 2448 2271 2516 sedulo
2314 2449 2642 2515 incumbo.

749 2538 831 2605 ed
872 2538 1061 2603 nobis
1095 2537 1409 2603 illuditur.
1478 2537 1852 2602 Praestare-t
1884 2535 2093 2620 igitur
2151 2535 2429 2602 Viretum
2464 2536 2640 2601 ultro

693 2625 941 2690 venire.
1010 2619 1479 2705 Opportunum
1514 2629 1738 2688 tamen
1774 2634 1947 2687 esset
1988 2633 2249 2706 tempus
2282 2631 2434 2687 ante
2457 2622 2640 2687 Mar-

694 2709 958 2786 tinalia,
986 2712 1072 2782 ¹⁰)
1118 2708 1189 2773 in
1234 2709 1466 2791 quibus
1510 2708 1737 2774 hostes
1782 2707 2147 2792 desperatio
2192 2705 2276 2773 ad
2321 2706 2641 2774 bacchan-

696 2796 855 2861 dum
899 2793 1120 2878 adiget
1163 2794 1292 2859 nisi
1335 2793 1596 2860 obviam
1654 2795 1820 2859 itum
1875 2794 2089 2859 fuerit.
2118 2799 2201 2874 ¹¹)
2291 2792 2644 2859 Caeterum

696 2881 826 2948 alio
871 2879 1289 2947 abstrahitur.
1381 2880 1471 2945 Et
1530 2881 1697 2945 tanti
1737 2880 1901 2945 mihi
1947 2889 2107 2947 sunt
2166 2881 2429 2964 negotia
2475 2898 2644 2962 quae

694 2986 876 3033 nunc
929 2965 1131 3032 habet
1197 2967 1266 3031 in
1323 2967 1655 3046 manibus,
1685 2969 1767 3045 ¹²)
1841 2973 1915 3031 ut
1966 2968 2152 3033 nefas
2208 2986 2349 3031 esse
2405 2965 2644 3031 ducam

694 3052 1102 3120 obstaculum
1132 3055 1215 3127 ¹³)
1259 3073 1502 3135 ponere
1561 3074 1637 3121 ae
1695 3074 1778 3118 ne
1836 3053 2180 3118 minimam
2239 3047 2502 3134 quidem
2546 3072 2645 3115 re-

693 3161 950 3205 moram
993 3139 1249 3204 afferre.
1340 3137 1521 3220 Quin
1578 3140 1793 3224 potius
1838 3137 2030 3204 valde
2074 3159 2179 3202 me
2221 3135 2426 3219 pudet
2469 3135 2644 3219 quod

693 3225 766 3291 in
807 3226 1015 3291 tantis
1040 3222 1539 3291 difficultatibus
1567 3225 1777 3291 nihilo
1811 3224 1959 3307 plus
2001 3221 2206 3288 habet
2250 3243 2290 3287 a
2323 3241 2431 3287 me
2476 3222 2644 3288 sola-
2680 3267 2687 3274 -

693 3312 770 3376 tii
813 3330 1009 3393 quam
1053 3310 1107 3374 si
1168 3311 1463 3393 sepultus
1521 3312 1744 3377 forem.
1835 3307 2029 3390 Quod
2088 3326 2242 3390 ergo
2298 3308 2645 3374 vehemen-

694 3397 944 3463 tissime
987 3414 1328 3478 cuperem,
1360 3395 1444 3477 ¹⁴)
1504 3405 1579 3461 ut
1636 3417 1758 3461 nos
1817 3402 1934 3460 tua
1990 3392 2366 3477 praesentia
2407 3394 2640 3479 erigas,

692 3480 1133 3548 differendum
1178 3480 1305 3545 erit
1347 3480 1418 3545 in
1457 3480 1637 3546 aliud
1672 3488 1953 3563 tempus,
1998 3481 2150 3562 quia
2186 3480 2410 3546 ambos
2445 3480 2643 3546 simul

692 3568 920 3636 adesse
964 3565 1195 3633 utilius
1239 3572 1357 3630 est.

896 3791 957 3859 3)
994 3792 1117 3850 Jac.
1157 3788 1486 3847 Rern-aram
1520 3787 1727 3842 dudum
1762 3793 1919 3843 extra
1951 3789 2135 3844 urbm
2168 3790 2230 3843 in
2259 3788 2438 3859 Peney
2472 3795 2522 3843 st
2542 3788 2642 3843 Sa·

692 3861 847 3931 tim
881 3863 1128 3917 minister
1162 3867 1299 3927 orat,
1332 3861 1417 3913 ita
1449 3862 1512 3912 ut
1545 3856 1613 3910 de
1644 3856 1756 3912 alio
1780 3858 2026 3926 fortasse
2067 3858 2268 3914 rectius
2301 3859 2639 3927 comt-weris.

896 3927 958 3993 4)
996 3946 1193 3999 among
1226 3930 1321 3983 the
1355 3934 1479 3998 pett
1550 3926 1873 3982 mdesmen.

693 4066 818 4124 α..
851 3996 1047 4121 ...Q
1124 3944 1580 4121 rma&
1580 3995 1931 4119 mm
1957 3995 2107 4133 ἐκ.
2128 3997 2414 4119 ’rw
2491 3994 2644 4051 Μ

894 4134 929 4188 6
994 4136 1210 4189 vocavit
1246 4134 1349 4188 Br.

894 4141 956 4267 73
993 4205 1193 4259 Petrus
1239 4201 1450 4257 Vandsl
1483 4204 1623 4264 (non
1669 4200 1891 4256 Wsndsl
1923 4207 1985 4255 ut
2016 4201 2176 4256 habet
2209 4200 2447 4269 Anqlus)
2485 4215 2642 4254 sena·

687 4278 778 4329 tor
812 4280 932 4328 orat
964 4281 1016 4327 et
1048 4289 1103 4327 α.
1140 4270 1278 4326 1548
1312 4269 1576 4341 syndicus
1605 4269 1811 4336 fuerat.

891 4340 953 4404 8)
1000 4337 2435 4404 Uuimavicsfflminisiscisasmentiofitindcu's
2472 4336 2640 4393 Sena·

686 4415 781 4493 qus
814 4408 1147 4493 139⁰&-
1230 4408 1456 4465 Videtur
1500 4407 1588 4463 hic
1621 4409 1869 4463 vanitate
1900 4407 1988 4462 rei
2025 4411 2311 4477 perspecta
2343 4422 2458 4461 non
2491 4408 2641 4463 ultra

690 4493 1217 4673 Μαΐέῗεθὲνοωε
1255 4545 1505 4670 mdc
1392 4543 1816 4670 Boo-tow&
1861 4544 1913 4599 d.
1962 4543 2049 4627 ‚¹9·
2120 4612 2141 4667 ι
2195 4549 2231 4599 t.
2277 4550 2511 4667 μίξῃς.
2537 4560 2639 4626 pp.

684 4630 1263 4767 mmsaeoaeoeoaeo.
1339 4683 1491 4739 Haec
1524 4657 1740 4737 αόιὰινίᾶ
1785 4698 1897 4737 non
1933 4689 2044 4766 ‘5⁸⁶⁸
2080 4696 2258 4738 mere
2284 4627 2643 4752 munitm

686 4760 783 4811 rat
814 4769 881 4811 ac
913 4754 1000 4808 ills
1031 4754 1343 4808 celassent.
1552 4751 1641 4807 lus
1677 4753 1847 4821 plane
1880 4752 1995 4807 alsa
2008 4771 2027 4806 .·
2079 4751 2162 4806 He
2208 4751 2309 4808 has
2355 4750 2640 4821 neglected

687 4825 839 4879 what
871 4823 940 4876 he
974 4822 1085 4876 had
1120 4821 1394 4891 promised
1428 4828 1489 4875 to
1555 4821 1678 4886 iret,
1715 4820 1843 4876 stin
1863 4822 2111 4890 mamitus
2133 4820 2267 4877 hacc
2299 4820 2639 4875 malcomus-

684 4892 804 4951 lata
836 4892 916 4948 ad
953 4890 1245 4946 Peninus·
1279 4890 1464 4946 trahit.

861 4959 956 5028 10)
1008 4959 1165 5016 Venit
1196 4959 1309 5014 iam
1343 4957 1394 5012 7.
1433 4957 1575 5013 Nov.

865 5028 960 5093 11)
996 5030 1045 5082 if
1071 5028 1141 5082 he
1176 5028 1306 5083 does
1340 5032 1439 5082 not
1473 5028 1629 5082 make
1664 5027 1749 5081 his
1783 5041 2138 5097 appearance.

867 5096 956 5166 12)
995 5097 1272 5169 Loquitur
1315 5097 1640 5177 defssyotio
1685 5096 2015 5165 disc-plenae
2061 5096 2371 5152 Beruenses
2414 5097 2559 5151 inter
2592 5101 2644 5153 et

865 5234 958 5300 13)
996 5172 1285 5290 obsunt-tm:
1307 5171 1540 5289 ffato.
1611 5164 1872 5233 (Ructat.
1911 5164 1981 5220 V.
2016 5163 2160 5231 495.)

865 5303 957 5372 14)
995 5306 1206 5374 cupiam
1244 5304 1343 5359 Br.

2200 372 2728 442 EPISTOLAE
2781 375 3202 440 1667—1670

4538 386 4645 449 400

2919 562 3024 628 De
3073 562 3376 629 Gummi
3417 563 3629 630 literis
3657 564 3736 649 ¹⁵)
3799 565 3908 631 vix
3963 565 4172 632 habeo
4229 565 4394 650 quod
4437 564 4649 634 delibe-

2748 669 2908 714 rem.
2996 648 3224 733 Nuper
3260 649 3511 733 ingenii
3554 651 3656 715 sui
3691 653 4021 735 specimen
4064 651 4229 717 mihi
4274 650 4469 718 edidit
4497 653 4558 718 in
4591 676 4650 721 re

2748 735 3028 818 privata,
3075 734 3248 819 quod
3290 756 3397 801 me
3442 735 3713 819 posthac
3758 736 4071 820 impediet
4112 758 4197 802 ne
4240 737 4394 821 quid
4434 741 4650 824 negotii

2748 840 2900 885 cum
2942 820 3086 903 ipso
3131 828 3413 887 tractare
3468 821 3683 887 libeat.
3772 823 4015 907 Agitur
4071 822 4330 905 publica
4378 824 4652 891 ecclesiae

2747 926 2963 984 causa,
3008 905 3200 973 dices.
3268 906 3637 972 'timiditati
3679 928 3863 974 meae
3884 910 4213 994 ignosces:
4260 910 4409 994 quia
4429 910 4651 976 servili·

2741 990 2868 1057 bus
2911 991 3194 1076 ingeniis
3236 991 3404 1057 nihil
3450 1000 3552 1057 est
3589 993 3798 1077 magis
3840 995 4024 1061 ferox
4059 1016 4135 1061 ac
4174 996 4532 1078 superbum,
4571 1018 4655 1061 re-

2745 1077 3043 1143 formido.
3148 1077 3224 1144 Si
3281 1100 3458 1145 nunc
3531 1078 3736 1145 Vireio
3792 1080 3997 1147 libera
4054 1080 4135 1146 ad
4191 1101 4313 1147 nos
4378 1082 4653 1165 profectio

2744 1164 2976 1230 fuisset
3015 1163 3183 1229 nihil
3219 1163 3444 1229 utilius
3478 1183 3688 1248 neque
3726 1168 3939 1250 aptius
3983 1177 4129 1232 erat
4161 1167 4451 1232 futurum
4483 1187 4657 1251 quam

2746 1249 2960 1333 capita
3034 1248 3333 1316 conferre
3398 1257 3749 1334 antequam
3806 1252 3981 1316 ultra
4048 1264 4444 1337 pergeretur.
4538 1252 4657 1318 Vix

2744 1344 2968 1401 tamen
3021 1337 3164 1401 fieri
3222 1357 3412 1420 spero
3467 1357 3660 1419 posse
3674 1389 3690 1417 ,
3750 1349 3823 1402 ut
3897 1337 4106 1403 Vir-eto
4156 1338 4496 1404 concedere
4544 1338 4656 1406 huc

2744 1421 2967 1500 liceat,
3036 1420 3242 1488 donec
3298 1421 3625 1489 Bernensi
3684 1423 4012 1506 legatione
4067 1423 4411 1490 defunctus
4464 1425 4656 1490 fuerit.

2746 1507 2978 1590 Itaque
2999 1508 3272 1574 consilio
3317 1506 3664 1575 destituor:
3713 1510 3841 1574 nisi
3884 1509 4055 1594 quod
4100 1531 4312 1595 symm
4361 1511 4474 1576 stis
4515 1511 4656 1575 meis

2746 1615 2889 1658 rem
2930 1614 3288 1677 proponam
3334 1606 3411 1658 ut
3466 1614 3721 1660 mecum
3782 1595 4145 1679 dispiciant.
4234 1596 4317 1660 N·
4369 1595 4420 1660 il
4468 1603 4659 1661 tamen

2747 1678 3170 1829 staatuendum
3225 1681 3356 1746 iam
3412 1680 3576 1746 mihi
3632 1684 3926 1765 persuasi
3995 1703 4201 1765 usque
4262 1684 4333 1747 in
4398 1691 4659 1748 vestrum

2749 1788 2788 1830 a
2837 1772 3129 1830 ventum.

2920 1850 3088 1916 Vale
3106 1902 3121 1930 ,
3205 1853 3408 1917 frater
3484 1852 3911 1938 integerrime
3977 1864 4042 1919 et
4108 1853 4277 1919 mihi
4338 1853 4659 1919 carissime.

2749 1935 2980 2003 Saluta
3023 1958 3410 2021 generosum
3456 1939 3671 2005 virum
3739 1938 3824 2003 D.
3871 1938 4407 2018 Dammartinum,
4433 1937 4511 2024 ¹⁶)
4552 1937 4664 2004 col·

2748 2024 2961 2107 legam
3005 2033 3074 2088 et
3105 2023 3387 2106 reliquos
3429 2026 3687 2090 amicos.
3741 2025 4069 2091 Dominus
4107 2047 4220 2091 vos
4256 2046 4475 2091 omnes
4507 2033 4664 2089 tuea-

2749 2120 2859 2176 tur
2900 2130 3019 2175 suo
3066 2110 3385 2192 praesidio
3404 2161 3419 2188 ,
3479 2111 3748 2194 spiritus
3791 2111 3893 2177 sui
3938 2111 4122 2176 donis
4199 2110 4555 2196 locupletet,
4606 2110 4665 2174 in

2748 2196 3051 2261 omnibus
3115 2194 3473 2262 benedicat.
3577 2200 3808 2262 Amen.
3899 2197 4210 2263 Genevae
4268 2203 4323 2262 7.
4370 2195 4667 2264 Oalendas

2748 2281 3065 2348 Novemb.
3120 2286 3301 2348 1552.

3464 2420 3747 2487 Ioannes
3790 2419 4107 2487 Calvinus
4150 2440 4308 2486 vere
4354 2433 4515 2487 tuus.

3615 2968 3809 3042 1668.

3281 3108 3750 3176 GALVINUS
3795 3107 4165 3176 VIRE'I'O.

2926 3280 3189 3366 Raptim
3228 3281 3383 3347 aliis
3423 3282 3606 3348 rebus
3636 3282 4032 3365 praemissis,
4074 3282 4237 3347 inter
4281 3300 4439 3364 quas
4480 3282 4532 3343 et
4576 3275 4667 3342 Vi-

2747 3367 2898 3433 talis
2938 3388 3135 3436 causa
3174 3369 3529 3453 attioayitur,
3588 3368 3843 3435 nunciat
3885 3366 4272 3434 Baduellum
4314 3367 4516 3448 ipsius
4552 3382 4668 3429 con-

2747 3454 2955 3521 ciones
2998 3455 3326 3522 vertendam
3368 3455 3439 3519 in
3480 3474 3545 3519 se
3586 3455 3943 3536 suscepisse.

2752 3626 2864 3690 (Ex
2915 3632 3143 3697 autogra
3180 3627 3252 3681 ho
3298 3626 3426 3682 Cod.
3474 3626 3679 3680 Gener.
3732 3623 3886 3688 107⁸,
3934 3625 4023 3678 sol.
4072 3623 4154 3678 56.
4224 3624 4427 3678 Exstat
4470 3631 4668 3692 quoquc

2749 3696 2882 3750 Ood.
2918 3695 3035 3762 111,
3084 3696 3139 3750 fo
3165 3734 3178 3749 .
3210 3693 3314 3749 268
3363 3704 3420 3749 et
3466 3712 3551 3765 ap.
3589 3694 3877 3832 {limdffiuff
3917 3693 4041 3748 Vol.
4091 3692 4173 3747 78.
4213 3723 4279 3734 —
4315 3691 4538 3762 Anglicc
4574 3690 4607 3742 l.
4635 3687 4667 3740 l.

2920 3940 3188 4005 Eximio
3232 3937 3503 4003 Domini
3546 3937 3758 4001 nostri
3786 3935 3939 4001 Iesu
3971 3934 4220 4000 Christi
4267 3953 4455 3999 servo
4496 3929 4666 3995 Petro

2749 4025 2981 4092 Vireto
3048 4024 3544 4091 Lausannensis
3619 4022 3927 4088 ecclesiae
4007 4018 4387 4087 fidelissimo
4450 4011 4667 4102 pastori

2748 4112 2942 4178 fratri
2986 4110 3153 4178 mihi
3196 4110 3548 4177 carissimo.

2920 4248 2991 4317 S.
3061 4249 3172 4315 Ex
3228 4268 3354 4333 quo
3401 4243 3653 4311 Farello
3708 4246 4095 4328 scripseram
4112 4295 4127 4322 ,
4194 4242 4405 4309 frater
4460 4232 4666 4306 Herat-

2744 4340 2868 4405 dus
2896 4340 2947 4417 ¹)
3012 4346 3247 4421 rogatu
3309 4354 3455 4400 meo
3521 4331 3822 4416 promisit
3884 4352 3954 4397 se
4018 4330 4227 4394 isthac
4292 4329 4420 4394 iter
4482 4325 4667 4390 factu·

2746 4446 2915 4490 rum.
3045 4423 3267 4488 Erunt
3332 4420 3535 4504 igitur
3606 4416 3916 4482 ambobus
3995 4435 4375 4481 communes
4444 4411 4668 4486 literae,

2744 4511 2979 4594 quibus
3021 4509 3208 4575 lectis
3252 4505 3424 4591 quod
3466 4527 3572 4572 res
3631 4511 3783 4569 tuae
3837 4502 4220 4586 permittent
4262 4500 4396 4566 illis
4445 4494 4668 4563 indica-

2744 4595 2862 4662 bis.
2952 4595 3179 4679 Neque
3220 4594 3398 4659 enim
3442 4590 3621 4657 aliud
3665 4589 3780 4655 abs
3835 4603 3903 4654 te
3961 4594 4144 4672 peto,
4211 4588 4342 4654 nisi
4400 4593 4474 4651 ut
4525 4581 4669 4648 citra

2744 4689 2939 4748 tuum
2981 4678 3465 4748 incommodum
3526 4675 3607 4742 de
3662 4675 3846 4742 nobis
3905 4673 4164 4759 cogites.
4252 4671 4501 4742 Literis
4540 4685 4666 4731 ves-

2744 4769 2867 4835 tris
2887 4770 2945 4851 2)
2989 4766 3159 4834 nihil
3203 4763 3734 4849 respondendum
3775 4761 3898 4827 fuit
3914 4811 3930 4840 ,
3989 4759 4195 4825 donec
4251 4756 4496 4843 aliquid
4538 4770 4668 4817 cum

2878 4926 3154 4935 .*-—-..-..-.-—

2828 5096 2840 5109 .
2918 5024 3014 5093 15)
3054 5022 3400 5105 Βακηςίονοε
3433 5036 3568 5077 sane
3595 5020 3827 5087 fuerunt
3856 5018 3960 5074 hae
3990 5032 4157 5088 quast
4177 5016 4253 5072 N.
4276 5014 4423 5070 1587.
4492 5010 4668 5067 Vm

2747 5109 2905 5152 casus
2938 5098 3247 5165 arquatum
3278 5090 3431 5146 hmaed
3461 5089 3628 5158 faede
3660 5088 3826 5144 doctu.
3941 5157 3952 5168 ι
4320 5155 4332 5166 .

2748 5163 3013 5300 16681Ῠέ
3042 5159 3559 5287 Raniffiabrtiumssr.
3613 5157 3763 5213 Als'bs
3795 5169 4016 5224 saeptus
4034 5155 4435 5209 Dommartmus
4453 5153 4671 5207 vocam.

2953 5302 3014 5372 2)
3055 5301 3131 5358 N.
3170 5300 3317 5355 1662.
