4900 6167
627 450 754 513 683

798 633 962 701 Rod.
1010 633 1420 701 Gualtherus
1464 634 1546 700 ad
1594 634 1907 700 Ioannem
1952 634 2305 700 Hallerum

2164 721 2473 787 Bernam.

801 856 872 924 8.
920 858 995 923 Ρ.
1086 858 1242 924 Vidi
1284 878 1453 939 quae
1497 857 1576 923 de
1625 857 1859 923 Servati
1902 866 2109 923 morte
2153 857 2236 923 ad
2280 859 2364 923 D.
2410 857 2576 924 Buz-

628 944 938 1028 linyerum
982 944 1316 1027 scripsisti.
1350 948 1395 1024 Ι)
1464 944 1660 1009 Dolet
1682 944 1848 1009 mihi
1882 943 2212 1009 hominem
2257 944 2329 1009 in
2372 945 2579 1027 impia

624 1032 953 1097 sententia
974 1027 1216 1094 tuenda
1256 1037 1393 1093 tam
1439 1029 1636 1094 fuisse
1659 1031 2078 1112 pertinacem.
2145 1029 2426 1095 Interim
2449 1029 2579 1096 Dei

621 1115 938 1182 iudicium
986 1135 1268 1199 agnosco
1290 1116 1401 1198 qui
1445 1116 1781 1182 ecelesiam
1807 1123 1989 1180 tanta
2009 1126 2191 1199 peste
2233 1115 2574 1181 liberatam

625 1202 852 1269 voluit.
919 1201 1058 1266 Nec
1101 1201 1243 1267 sine
1283 1202 1553 1267 numine
1595 1202 1835 1266 factum
1879 1211 1995 1280 est,
2040 1201 2211 1284 quod
2246 1205 2577 1268 communi

622 1289 762 1354 fere
805 1289 1101 1352 omnium
1157 1287 1574 1353 ecclesiarum
1617 1286 1967 1353 Helvetiae
2010 1307 2332 1353 consensu
2376 1289 2579 1370 pestis

624 1373 790 1439 haec
845 1374 1105 1439 sublata
1157 1384 1257 1438 est
1276 1424 1291 1450 ,
1359 1392 1523 1456 quae
1579 1374 1864 1438 fautores
1919 1376 2091 1437 inter
2140 1385 2399 1439 nostros
2465 1373 2576 1454 (de

624 1458 815 1524 Italis
838 1470 907 1525 et
928 1458 1142 1524 Gallis
1183 1458 1445 1542 loquor)
1467 1462 1518 1537 2)
1561 1459 1781 1541 plures
1820 1459 1954 1523 iam
1996 1461 2343 1525 invenerat
2377 1481 2575 1542 quam

673 1554 941 1610 ntasses.

622 1565 981 1714 {merorum
1068 1629 1478 1713 quorundam
1566 1631 2061 1696 Genovcnsium
2140 1632 2576 1716 paedagogus,

626 1714 866 1782 Gallus
910 1716 1192 1793 natione,
1218 1717 1271 1798 ³)
1328 1726 1395 1781 et
1441 1716 1699 1782 Calvino
1756 1739 1984 1799 parum
2039 1718 2357 1801 propitius
2414 1720 2575 1801 (for-

621 1803 821 1867 tassis
864 1803 936 1866 in
960 1802 1414 1868 Maecenatum
1451 1823 1717 1868 suorum
1751 1805 2062 1885 gratiam)
2108 1805 2218 1886 qui
2254 1803 2576 1887 quaestio-

622 1908 779 1952 nem
824 1889 994 1952 hanc
1036 1887 1207 1971 apud
1251 1888 1603 1954 Consulem
1650 1888 1934 1954 Habium
1977 1910 2240 1955 movere
2299 1911 2432 1954 non
2477 1899 2577 1955 est

623 1975 893 2041 veritus.
966 1974 1069 2038 De
1106 1975 1250 2039 aliis
1294 1995 1448 2038 vero
1494 1974 1821 2040 nonnullis
1867 1976 2035 2040 mira
2078 1996 2162 2039 ex
2206 1974 2332 2041 fide
2377 1975 2575 2059 digno

623 2058 907 2142 quodam
965 2070 1032 2123 et
1084 2058 1404 2143 singulari
1478 2060 1687 2125 amico
1739 2060 1979 2126 audivi.
2086 2060 2295 2142 Spero
2354 2074 2572 2126 autem

623 2145 776 2208 illos
833 2146 1053 2210 minus
1112 2145 1422 2211 audacter
1480 2146 2049 2228 philosophaturos
2110 2148 2181 2210 16
2241 2169 2312 2210 re
2371 2157 2574 2224 tanta,

620 2230 883 2313 quando
932 2230 1246 2295 Servetum
1289 2242 1658 2296 nostrorum
1706 2231 2206 2315 magistratuum
2253 2254 2572 2299 consensu

622 2314 952 2381 sublatum
1001 2317 1247 2382 vident.
1336 2318 1523 2382 Vale.
1628 2317 1852 2383 Nostri
1905 2340 2132 2384 omnes
2190 2328 2257 2383 te
2314 2319 2573 2385 salvum

621 2403 914 2485 cupiunt.
1005 2404 1232 2486 Tiguri
1279 2408 1379 2468 26.
1428 2404 1821 2469 Novembris
1874 2410 2052 2469 1553.

1506 2949 1661 3018 1861
1677 3003 1690 3015 .

1018 3104 1689 3171 BULLINGERUS
1736 3104 2171 3172 CALVINO.

796 3275 1062 3342 Gratias
1105 3277 1237 3360 ayit
1292 3276 1367 3340 de
1424 3277 1642 3343 missis
1696 3277 1823 3342 sibi
1881 3278 2136 3359 scriptis
2180 3279 2267 3344 ad
2309 3298 2571 3347 causam

622 3361 860 3428 Serveti
904 3360 1374 3444 pertinentibus.
1482 3361 1722 3428 Probat
1785 3365 1923 3431 eius
1984 3365 2311 3430 consiliam
2364 3366 2441 3430 de
2496 3385 2570 3430 ea

604 3448 852 3531 publice
894 3448 1143 3529 aliquid
1183 3448 1509 3525 scribendi,
1553 3454 1727 3533 royac
1765 3455 1969 3516 autem
2005 3455 2077 3514 ut
2109 3450 2225 3514 hac
2257 3452 2570 3517 occasione

615 3532 1093 3600 Basileensibus
1119 3540 1366 3617 parcat.

618 3706 730 3771 (Ex
768 3707 1103 3775 autographo
1141 3706 1267 3760 Cod.
1307 3706 1441 3762 Gen.
1478 3704 1596 3768 114,
1632 3706 1722 3760 sol.
1759 3705 1844 3760 90.
1914 3706 2138 3760 Habent
2172 3713 2228 3760 et
2266 3706 2394 3761 Cod.
2419 3706 2564 3772 111⁸,

646 3785 667 3805 ‘
1138 3776 1227 3829 fol.
1263 3774 1382 3840 234,
1421 3783 1478 3827 et
1513 3776 1726 3829 Simler.
1767 3775 1892 3829 Vol.
1931 3773 2041 3842 80.)

614 3943 996 4010 Clarissimo
1053 3947 1195 4010 viro
1253 3946 1334 4010 D.
1379 3946 1611 4012 Ioanni
1676 3946 1949 4012 Calvino
2004 3946 2384 4013 fidelissimo
2429 3948 2562 4014 Ge-

613 4033 921 4096 nevensis
965 4032 1272 4098 ecclesiae
1324 4035 1564 4182 pasto?
1621 4033 1885 4133 domino
1943 4046 2009 4097 et
2066 4034 2253 4098 fratri
2296 4055 2412 4099 suo
2457 4054 2562 4100 co-

1407 4139 1487 4182 66
1540 4141 1778 4184 iss1mo.

783 4252 852 4320 S.
901 4252 982 4319 D.
1060 4255 1271 4318 'I'anto
1318 4254 1479 4318 mihi
1525 4257 1840 4339 gratiores
1886 4267 2076 4320 erant
2119 4255 2349 4320 literae
2385 4266 2559 4336 tuae,

612 4338 868 4405 Gabvine
944 4338 1326 4404 honorande
1417 4340 1676 4406 domine
1769 4352 1835 4406 et
1920 4342 2120 4406 frater
2205 4343 2559 4421 carissime,

608 4437 853 4508 quanto
895 4426 1105 4509 magis
1138 4425 1553 4491 excruciabat
1588 4448 1691 4491 me
1728 4425 2090 4492 sollicitudo
2132 4436 2442 4510 concepta
2477 4450 2560 4493 ex

605 4511 895 4595 periculo
940 4512 1224 4576 maximo
1283 4510 1594 4577 ecclesiae
1638 4512 2049 4583 ,Genevensis
2105 4513 2560 4580 sanctissimae

608 4604 677 4662 et
732 4606 844 4663 tuo
902 4618 1170 4680 quoque.
1259 4592 1667 4663 Refocillasti
1726 4598 2028 4680 spiritum
2085 4619 2322 4665 meum.
2413 4601 2559 4665 Deo

605 4703 768 4767 ergo
825 4685 1037 4749 omnis
1091 4683 1244 4749 boni
1298 4685 1512 4749 autori
1565 4684 1756 4749 unico
1815 4684 2061 4768 gratias
2119 4704 2272 4769 ago,
2334 4694 2402 4750 et
2453 4707 2560 4751 me

604 4767 730 4833 tibi
802 4768 1083 4834 multum
1165 4768 1400 4834 debere
1476 4789 1774 4853 agnosce.
1884 4770 2100 4856 Perge
2162 4772 2229 4835 in
2295 4773 2560 4856 negotio

605 4854 861 4920 Christi
904 4855 1179 4919 Domini
1219 4856 1429 4919 nostri
1488 4855 1695 4922 fidelis
1738 4877 1896 4922 esse.
1987 4858 2284 4923 Accessit
2324 4866 2391 4921 et
2434 4857 2560 4921 hoc

606 5012 849 5019 —————
882 5012 1015 5018 ...-—-

813 5178 869 5243 2)
908 5179 1135 5234 Praeter
1170 5179 1539 5236 Castellianum
1574 5187 1626 5235 et
1645 5181 1953 5250 Caricam,
1986 5197 2123 5252 quos
2155 5182 2559 5251 suspicionibus

604 5263 826 5318 pressos
856 5247 1034 5310 fuisse
1065 5250 1262 5302 mirum
1297 5265 1410 5304 non
1444 5255 1538 5313 est,
1602 5252 1832 5304 ortassis
1865 5253 2026 5306 etiam
2063 5251 2130 5305 de
2162 5251 2294 5305 aliis
2338 5254 2558 5320 coqitat,

608 5332 691 5370 es.
726 5332 812 5384 qr.
848 5314 916 5369 de
955 5314 1166 5383 Socim,
1208 5316 1497 5385 Gribaldo‚
1618 5335 1686 5373 m.
1726 5318 1958 5388 limato,
1998 5320 2266 5378 &aucam
2302 5328 2397 5376 etc.

815 5383 876 5451 3)
909 5385 1067 5439 nobis
1098 5390 1330 5455 iqaotus.
1404 5388 1555 5443 Nam
1589 5387 1657 5443 de
1692 5388 1927 5443 Poetello
1960 5390 2197 5459 σοφίαι-6
2229 5390 2497 5445 nolumus.

2130 443 2648 514 EPISTOLAE
2699 443 3122 509 1860—1863

1035 1543 1229 1627 Apud
1285 1566 1405 1610 nos
1461 1558 1638 1610 certe
1697 1546 1898 1609 totius
1964 1547 2121 1610 anni
2177 1548 2385 1628 spatio
2440 1548 2577 1630 egit
2618 1549 2624 1561 '

4503 454 4620 514 684

2679 633 2977 699 beneficii
3045 653 3131 698 ex
3193 640 3288 712 te,
3370 634 3540 717 quod
3606 633 4113 719 disputationem
4176 636 4360 702 illam
4423 658 4463 703 a
4519 660 4624 706 me

2680 726 3021 803 tantopere
3065 727 3441 804 exoptatam
3470 722 3519 796 ¹)
3565 720 3777 806 pridie
3816 743 3933 805 per
3976 723 4366 808 Tigurinum
4422 745 4624 808 quen-

2682 804 2833 870 dam
2878 804 2962 870 ad
3004 826 3109 871 me
3153 806 3392 871 misisti
3434 828 3569 871 una
3609 829 3757 873 cum
3803 806 4186 892 blasphemo
4235 808 4469 875 Sei-veti
4510 811 4626 875 ho·

2681 891 2881 956 minis
2923 891 3295 974 impiissimi
3353 891 3538 958 libro.
3627 893 3799 957 Nam
3852 892 4029 960 hunc
4087 896 4355 961 omnino
4410 895 4626 982 legere

2682 985 2750 1041 et
2792 977 2917 1041 hoc
2960 977 3200 1043 fastidii
3245 998 3555 1062 superare
3598 978 3934 1045 contendo.
4003 981 4332 1065 Legeram
4377 983 4447 1046 in
4490 1002 4624 1047 am-

2679 1062 2958 1145 plissimi
3016 1063 3442 1147 magistratus
3501 1065 3704 1130 vestri
3752 1065 4051 1148 exemplo
4067 1066 4126 1151 ²)
4172 1067 4407 1146 misse,
4466 1089 4626 1151 quae

2679 1150 3271 1232 consignaveratis,
3330 1149 3445 1214 sed
3500 1160 3566 1214 et
3617 1150 3901 1233 plurima
3958 1161 4098 1229 tum
4156 1174 4409 1236 quoque
4461 1154 4624 1238 legi:

2680 1234 2797 1300 sed
2840 1235 3128 1316 penitius
3172 1234 3435 1320 singula
3477 1236 3800 1320 inspicere
3833 1237 4127 1303 instituo.
4196 1238 4624 1306 Utilissimam

2680 1327 2749 1385 et
2794 1328 3049 1384 tantum
3096 1343 3227 1386 non
3272 1323 3705 1387 necessariam
3739 1343 3878 1387 rem
3919 1324 4209 1389 facturus
4254 1346 4324 1389 es
4358 1326 4412 1391 si
4452 1346 4628 1392 sum-

2679 1426 2856 1470 mam
2899 1406 3211 1471 historiae
3235 1410 3289 1490 3)
3334 1408 3630 1473 edideris.
3721 1407 4070 1474 Caeterum
4127 1424 4191 1475 te
4245 1431 4363 1474 oro
4405 1432 4489 1476 ne
4529 1411 4628 1476 ul-

2676 1490 2812 1557 lam
2879 1492 3077 1558 facias
3136 1493 3605 1558 Basiliensium
3620 1494 3681 1575 ⁴)
3737 1496 4156 1560 mentionem.
4256 1495 4414 1561 8616
4471 1518 4630 1562 6666

2681 1579 2929 1660 aliquot
2971 1577 3061 1642 ibi
3105 1599 3245 1644 esse
3290 1580 3548 1645 curiosa
3590 1580 3890 1663 ingenia,
3946 1579 4111 1647 adde
4165 1591 4231 1646 et
4287 1584 4624 1665 pestifera:

2679 1663 2794 1729 sed
2836 1664 3152 1747 intelligis
3196 1685 3553 1746 paucorum
3597 1666 3859 1748 culpam
3915 1688 4044 1731 non
4104 1668 4340 1733 debere
4396 1667 4631 1733 redun-

2680 1750 2836 1815 dare
2900 1750 2971 1813 in
3051 1752 3349 1815 omnium
3414 1753 3642 1834 capita.
3754 1751 3977 1817 Habet
4040 1753 4323 1832 Basilea‚
4348 1759 4407 1837 ³)
4443 1757 4632 1835 ‚sicut

2678 1836 2869 1913 nosti,
2912 1837 3156 1902 multos
3199 1837 3342 1919 pios
3386 1847 3452 1902 et
3495 1837 3718 1903 doctos
3761 1839 3960 1916 viros,
4002 1840 4232 1922 pietati
4267 1850 4334 1904 et
4366 1841 4491 1906 tibi
4532 1839 4628 1905 fa-

2680 1921 3114 1987 ventissimos.
3157 1968 3170 1985 .
3206 1923 3433 2005 Neque
3479 1944 3632 1988 vero
3688 1943 4031 2007 perversos
4076 1945 4152 1989 eo
4195 1926 4448 1991 honore
4496 1926 4630 2011 dig-

2679 2028 2796 2072 nos
2839 2007 3137 2086 arbitror,
3198 2009 3311 2090 qui
3354 2028 3472 2092 per
3525 2018 3590 2074 te
3639 2010 4040 2077 immortales
4084 2011 4266 2076 fiant.
4355 2012 4631 2078 Interim

2676 2095 3012 2178 negotium
3056 2095 3151 2157 ita
3193 2104 3477 2159 tractare
3520 2095 3761 2178 poteris
3806 2108 3880 2160 ut
3914 2106 3981 2160 et
4012 2097 4138 2179 ipsi
4181 2099 4633 2181 perstringan-

2677 2189 2790 2243 tur
2848 2201 2963 2261 pro
3021 2180 3160 2244 suis
3216 2182 3484 2244 meritis.
3575 2179 3904 2246 Dominus
3945 2182 4241 2248 conferat
4290 2184 4415 2249 tibi
4461 2184 4632 2250 vires

2676 2264 3088 2329 sustentandi
3135 2266 3374 2330 molem
3418 2267 3620 2345 illam,
3668 2288 3832 2349 quae
3875 2269 3946 2331 in
3983 2268 4289 2334 humeros
4325 2280 4481 2335 tuos
4523 2270 4631 2335 de-

2678 2350 2991 2416 volvitur.
3082 2352 3288 2416 Brevi
3332 2352 3476 2416 Deo
3522 2353 3781 2417 volente
3825 2353 4020 2437 plura
4077 2353 4160 2418 ad
4219 2364 4284 2419 te
4328 2354 4628 2421 scribam.

2850 2438 3215 2503 Germania
3270 2446 3497 2503 nostra
3552 2440 3790 2504 misere
3847 2439 4240 2522 discerpitur
4294 2440 4489 2507 bellis
4531 2442 4631 2505 16-

2677 2523 2937 2588 testinis
2983 2533 3049 2586 et
3093 2524 3204 2588 dat
3248 2543 3490 2607 poenas
3534 2531 3801 2607 apertae
3844 2525 4218 2592 rebellionis
4241 2527 4406 2593 Deo.
4465 2527 4630 2593 Ore·

2676 2630 2824 2674 mus
2866 2630 2986 2692 pro
3031 2608 3346 2675 fratribus
3389 2609 3833 2675 laborantibus
3888 2631 4091 2694 quum
4146 2612 4216 2677 in
4263 2612 4631 2679 Germania

2677 2707 2818 2759 tum
2859 2697 2926 2758 16
2972 2695 3232 2778 Anglia‚
3277 2694 3357 2760 de
3401 2716 3528 2778 qua
3581 2715 3715 2760 non
3760 2705 3859 2761 est
3902 2695 4073 2779 quod
4115 2697 4402 2764 scribam
4444 2698 4631 2783 quid-

2675 2801 2890 2863 quam,
2938 2801 3137 2862 quum
3182 2781 3354 2864 apud
3398 2791 3467 2845 te
3515 2783 3603 2848 sit
3644 2780 3730 2847 D.
3776 2780 4237 2848 Bernoerdinas.
4260 2786 4315 2869 ⁶)
4411 2784 4629 2851 Audio

2676 2864 2761 2931 D.
2813 2864 3072 2930 Petrum
3119 2865 3477 2949 Martyron»
3520 2870 3959 2951 Argentinam
4013 2869 4290 2935 venisse.
4310 2874 4370 2944 ⁷)
4466 2871 4632 2935 Vale

2676 2960 3013 3017 aeternum
3058 2960 3128 3016 et
3168 2974 3272 3017 me
3308 2953 3379 3016 in
3414 2953 3682 3018 Christo
3726 2974 3946 3019 amare
3988 2975 4203 3039 perge.
4295 2953 4632 3022 Salutabis

2674 3037 3161 3103 colendissimos
3204 3046 3606 3123 symmystas
3643 3050 3805 3106 tuos.
3887 3038 4202 3106 Salutant
4242 3062 4361 3108 vos
4421 3045 4630 3109 nostri

2675 3143 2918 3188 omnes.
3009 3124 3238 3207 Tiguri
3285 3126 3386 3187 28.
3430 3124 3821 3192 Novembris
3872 3131 4051 3191 1553.

3797 3265 3979 3331 Tuus
4020 3265 4470 3351 Bullingerus.

2843 3429 3070 3512 Quum
3107 3433 3388 3499 scribere
3424 3433 3503 3499 de
3538 3435 3734 3501 rebus
3773 3434 4008 3503 Servati

2672 3517 2962 3599 coeperis
3052 3541 3134 3584 ne
3228 3518 3635 3587 obliviscaris
3732 3521 4000 3588 demon-

2672 3611 2882 3667 strare
2945 3604 3087 3669 iure
3153 3605 3380 3669 ultimo
3446 3606 3623 3673 affici
3685 3608 4003 3692 supplicio

2669 3686 3086 3772 blasphemos
3148 3702 3215 3755 et
3278 3712 3504 3757 omnes
3570 3694 3684 3776 qui
3760 3693 4004 3762 Serveto

2670 3773 2918 3840 similes
2961 3785 3132 3841 sunt.
3150 3776 3209 3859 3)

2667 3998 2834 4053 1861.
2871 3998 2925 4063 1)
2963 3998 3100 4054 ,Nisi
3127 3999 3401 4067 fallimur,
3445 4003 3687 4070 loquitur
3732 4001 3798 4056 de
3840 4006 4061 4072 seriptis
4106 4007 4169 4060 in
4202 4021 4374 4061 causa
4414 4006 4622 4060 θεαταὶ

2673 4070 2921 4123 Genevae
2953 4070 3224 4124 exhibitis.
3302 4068 3384 4134 Of.
3425 4069 3499 4123 N.
3531 4070 3684 4125 1841.

2872 4136 2931 4197 2)
2969 4138 3099 4191 libri
3135 4137 3420 4191 Servetam·
3451 4139 3517 4191 de
3556 4139 3920 4195 Restituunt-e
3951 4142 4361 4197 camunni-emi.

2870 4205 2931 4269 3)
2971 4206 3275 4260 Historiam
3323 4223 3449 4261 vero
3484 4207 3692 4264 Noster
3732 4225 3844 4263 non
3891 4212 4255 4266 meditabatur
4268 4252 4283 4277 ,
4334 4212 4431 4266 ssd
4473 4212 4612 4280 pole·

2664 4276 2855 4329 micum
2893 4278 3170 4343 scriptum.

2867 4341 2926 4407 4)
2964 4344 3029 4397 de
3062 4346 3259 4413 quibus
3297 4343 3557 4399 Calvinus
3588 4361 3764 4414 nuper
3796 4353 4017 4429 questus
4050 4356 4183 4403 erat.
4243 4351 4398 4406 Besa
4430 4353 4492 4405 ia
4527 4367 4612 4405 eo·

2665 4413 2784 4466 dice
2816 4428 3009 4467 nomen
3041 4414 3325 4482 expunxit,
3361 4420 3412 4467 et
3443 4416 3854 4484 superscripsit.-
3887 4418 4037 4470 urbis
4072 4420 4215 4474 illius
4252 4420 4321 4474 N.

2870 4479 2927 4543 5)
2965 4481 3119 4535 Idem
3155 4485 3381 4536 iterum:
3414 4481 3481 4536 N.

2867 4548 2924 4611 6)
3035 4589 3048 4602 .
3087 4550 3167 4605 N.
3203 4549 3355 4616 1856,
3389 4556 3501 4604 aot.
3540 4550 3588 4604 1.
4345 4590 4348 4593 »

2869 4617 2928 4682 7)
3029 4636 3057 4673 e
3105 4621 3351 4675 Vermilii
3380 4619 3624 4674 discessu
3674 4636 3741 4675 ea:
3775 4622 3982 4691 Aitolia
4026 4631 4076 4679 et
4122 4625 4362 4681 adventu
4397 4627 4612 4697 Arym-

2665 4689 2814 4741 tinae
2848 4688 3071 4756 legenda
3111 4689 3220 4758 Ep.
3268 4689 3582 4742 Terentiani
3614 4690 3692 4743 ad
3727 4689 3809 4743 Io.
3846 4693 3914 4745 ab
3960 4691 4130 4749 Uzmis
4164 4696 4220 4749 d.
4259 4695 4315 4750 d.
4353 4698 4490 4762 Aru.
4524 4694 4608 4749 20.

2666 4754 2734 4810 N
2730 4772 2810 4810 ov.
2882 4772 3008 4810 uam
3042 4757 3332 4812 edida-unt
3350 4757 3584 4812 Fasslin
3617 4765 3669 4812 ei
3684 4759 3857 4826 Anyti
3886 4761 3948 4813 ia
3983 4762 4128 4832 Epp.
4176 4764 4363 4833 Tiqur.
4394 4780 4451 4834 p.
4490 4763 4605 4818 242.

2909 4831 2927 4891 )
2966 4825 3133 4880 Hanc
3177 4826 3493 4895 riqidiorm
3541 4842 3697 4880 suam
3743 4830 4062 4885 sententiam
4106 4832 4465 4903 Bullinqerus
4494 4835 4608 4889 ian

2665 4892 2717 4945 d.
2755 4891 2837 4949 14.
2879 4894 3020 4962 Sept.
3057 4894 3435 4950 declaraverat
3480 4895 3586 4960 (N.
3623 4894 3816 4964 1798),
3863 4899 4086 4953 eandem
4131 4901 4192 4955 in
4293 4941 4311 4957 .
4345 4903 4422 4958 ad
4460 4902 4605 4959 Soci-

2661 4978 2794 5015 mom
2829 4979 2992 5033 qaam
3029 4962 3386 5033 Hotcinyerus
3421 4965 3653 5019 inseruit
3685 4980 3819 5018 suae
3855 4965 3999 5022 Hist.
4037 4971 4155 5024 eccl.
4190 4971 4219 5024 Ι
4279 5011 4291 5024 .
4327 4970 4449 5025 431.

3455 5244 3848 5252 -—⁴—————-——-
