4900 6167
266 440 368 504 345

258 626 425 693 mit
462 625 705 706 permis
755 625 832 689 de
877 623 1048 705 faire
1109 624 1276 691 dans
1330 623 1398 689 la
1446 622 1854 690 doulourm
1897 622 2175 703 position

257 733 355 796 que
392 711 482 776 lui
517 710 746 791 saisait
785 730 901 775 son
939 711 1109 775 mari
1149 708 1491 792 catholiqm
1523 709 1867 791 senatique.

259 883 381 948 (Une
412 883 564 953 copie
598 882 667 935 de
702 887 847 936 cette
881 883 1047 935 lettre
1081 899 1114 932 a
1147 882 1237 935 e'te
1270 881 1481 935 insere·
1514 880 1650 933 dans
1684 879 1765 932 les
1788 878 2067 948 Begistres
2102 878 2171 932 de

259 953 301 1004 16
340 950 637 1006 vena-able
681 950 1012 1020 Oompagnie
1056 950 1177 1003 Vol.
1223 953 1292 1004 A.
1334 967 1389 1019 p.
1437 947 1553 1002 199.
1635 945 1773 1002 Bene
1817 947 1886 1000 l'a
1931 947 2172 1001 traduite

256 1038 313 1073 sn
341 1020 482 1084 latin,
518 1036 669 1072 assez
703 1020 998 1073 librement
1031 1019 1104 1072 du
1140 1027 1317 1087 16616,
1364 1025 1421 1072 et
1465 1018 1534 1072 l'a
1578 1016 1755 1071 editae
1790 1015 1926 1072 Gen.
1961 1034 2014 1086 p.
2050 1015 2171 1084 345,

256 1089 390 1141 116116.
436 1106 488 1157 p.
534 1086 666 1154 239,
713 1087 923 1143 Hancv,
965 1105 1021 1170 p.
1072 1085 1204 1151 268,
1238 1085 1449 1141 Oheuet
1482 1104 1535 1157 p.
1574 1084 1705 1152 474,
1741 1086 1914 1138 Amat.
1950 1104 2002 1155 p.
2052 1084 2169 1140 216.

254 1157 384 1210 Nm
414 1172 582 1210 avons
635 1157 816 1226 publie
852 1156 979 1222 ’.1’611
1022 1157 1127 1210 'nal
1172 1156 1308 1209 dans
1354 1157 1409 1208 le
1442 1154 1643 1209 meneil
1686 1153 1785 1207 des
1825 1153 2067 1209 Consilia
2102 1156 2171 1209 de

254 1226 433 1306 Oalvin,
467 1227 667 1307 qui-en
702 1233 785 1279 est
819 1241 944 1280 sans
1016 1231 1145 1306 oute
1176 1225 1434 1305 l’auteur,
1465 1224 1706 1305 Qeuvres
1741 1222 1907 1304 Tome
1942 1223 2014 1279 X.
2049 1241 2171 1293 pre·

254 1311 423 1416 ῗηῧῖἓι
447 1305 627 1417 ’ἰὲἓὲθ
642 1293 1191 1432 1,ἓοῖῗὲωὲζὲᾞῲ
1226 1295 1317 1416 ἕ
1350 1309 1549 1416 33⁸3?
1552 1296 1736 1415 ⁰125&
1745 1291 2174 1420 εῗεξῖηῗὶοἶῖ

283 1430 618 1487 madernas
653 1432 711 1486 la
742 1432 1038 1501 perplexim
1074 1437 1175 1484 etc.
1215 1429 1359 1486 C'est
1392 1432 1447 1484 16
1480 1430 1710 1500 repense
1747 1446 1815 1480 au
1852 1432 1918 1486 N.
1957 1432 2136 1500 1634.)

1024 1709 1417 1718 -ῂῌ-

1104 1926 1291 1998 1⁶41.

246 2079 655 2147 MINIS'PRI
699 2081 1316 2149 GENEVENSES
1359 2082 2165 2151 NEOGOMENSIBUS.

310 2250 753 2418 ofigdngilium
788 2254 862 2319 de
895 2253 1269 2354 poenitentia
1294 2255 1541 2336 publice
1584 2260 1640 2320 et
1672 2255 1933 2321 solemni
1964 2257 2171 2337 forma

238 2357 309 2418 pr
574 2388 591 2403 .

251 2505 375 2585 (Duo
417 2509 748 2563 contulimus
794 2511 1053 2580 primaria
1097 2510 1255 2564 huius
1288 2512 1499 2566 consilii
1534 2513 1893 2582 exemplaria:
1940 2514 2173 2567 alterum

248 2592 293 2627 111
336 2576 586 2630 Archivis
638 2579 979 2633 Venerabilis
1024 2578 1315 2632 Minister-ii
1370 2581 1700 2635 Genevensis
1748 2582 1871 2635 Vol.
1923 2582 1993 2634 A.

247 2641 331 2695 201
364 2645 503 2710 (6.),
542 2649 773 2702 alterum
809 2649 865 2700 111
901 2648 1157 2701 Archivis
1192 2649 1369 2702 Turio.
1406 2650 1548 2702 Plut.
1589 2650 1682 2703 VI.
1719 2650 1843 2705 Vol.
1880 2648 2008 2718 107,
2043 2652 2170 2705 olim

250 2711 399 2766 Sci-in.
438 2716 501 2767 Β.
554 2714 603 2769 Ε
644 2732 696 2784 p.
748 2715 899 2770 Tom.
936 2718 1040 2770 111.
1088 2717 1176 2770 sol.
1228 2716 1363 2770 1819
1399 2719 1514 2784 (Τ.)
1548 2718 1725 2771 Β111116
1766 2719 1845 2772 611
1879 2737 2044 2773 616611
2078 2720 2171 2773 de-

248 2782 548 2904 fflfssssmt.
583 2854 640 2906 in
705 2786 818 2906 “¹¹¹5
842 2787 1436 2910 3222‘5‘35‘5221200133·
1454 2787 2080 2911 2⁰53⁰3⁷13210mss¹²³¹x¹301f
2090 2788 2150 2911 ¹⁷¹

250 2918 306 2971 aa
349 2917 433 2972 29.
469 2921 598 3002 111111
648 2870 801 3004 111ξὲ
828 2929 885 2975 et
921 2923 1048 2980 vol.
1081 2922 1154 3005 ,79
1201 2923 1270 2976 ad
1325 2923 1405 2977 18.
1442 2873 1601 3006 upari
1640 2923 1780 3007 1566
1822 2895 2057 2996 primam
2102 2944 2170 2980 ex

319 2987 594 3056 Beruensi,
632 2990 828 3044 deinde
864 3007 929 3045 ex
967 2992 1243 3046 Turiceusi
1279 2995 1573 3064 exemplari
1608 3000 1843 3064 repetito
1878 2997 2078 3061 textu.)

398 3159 719 3242 Quaestio
755 3161 942 3229 nobis
962 3165 1308 3247 proposita
1338 3174 1438 3231 est
1467 3188 1553 3232 an
1585 3166 1746 3233 haec
1788 3165 2171 3251 disciplinae

247 3247 394 3312 ratio
437 3257 884 3315 consentanea
925 3249 1012 3315 sit
1053 3251 1256 3317 verbo
1302 3250 1583 3330 Domini,
1629 3262 1703 3317 ut
1736 3254 1847 3336 qui
1881 3253 2172 3338 graviter

244 3334 520 3412 peccavit
581 3354 730 3399 cum
772 3335 1032 3418 publico
1082 3336 1392 3404 666166166
1449 3337 1838 3406 offendiculo
1891 3339 2172 3423 pastoris

247 3427 301 3480 61
338 3421 670 3486 6661611116
717 3422 1067 3487 autoritate
1110 3431 1381 3507 cogatur
1415 3423 1499 3489 ad
1534 3424 1799 3490 solenne
1833 3426 2174 3509 poeniten-

246 3502 357 3569 tiae
398 3506 896 3573 testimonium?
926 3507 974 3587 ¹)

394 3646 537 3712 Nos
561 3646 659 3709 ita
683 3644 1206 3728 respondendum
1239 3648 1635 3714 censuimus:
1660 3649 1951 3732 quisquis
1972 3647 2175 3714 eccle-

245 3731 387 3796 siam
443 3732 626 3797 malo
683 3733 982 3817 exemplo
1033 3731 1332 3813 offendit,
1376 3734 1433 3799 si
1475 3755 1623 3799 eum
1682 3755 1840 3799 vere
1883 3743 1950 3799 et
2006 3733 2176 3800 serio

245 3819 535 3897 poenitet,
581 3819 758 3883 ultro
816 3820 954 3902 ipse
999 3840 1217 3886 coram
1260 3820 1531 3886 66616616
1584 3829 1921 3903 peccatum
1979 3842 2174 3886 suum

243 3901 563 3969 fatebitur·
585 3916 660 3969 ut
704 3925 774 3970 66
817 3905 1207 3971 reconciliet.
1296 3905 1467 3970 Nam
1525 3907 1584 3971 si
1626 3908 1771 3990 quis
1804 3907 2103 3991 privatus
2116 3909 2174 3983 ²)

244 4005 279 4049 6
312 3990 495 4055 nobis
545 3990 763 4056 laesus
806 4001 906 4057 est
947 3992 1189 4059 scimus
1244 3992 1400 4075 quid
1436 3991 1744 4058 Christus
1799 3993 2171 4076 praecipiat.

246 4071 632 4142 Scandalum
667 4083 845 4142 certe
886 4099 1015 4160 quo
1058 4077 1487 4143 vulnerantur
1538 4078 1796 4162 piorum
1840 4078 2171 4144 conscien-

245 4159 358 4226 tiae
398 4184 537 4229 non
582 4163 791 4228 levius
835 4184 975 4230 esse
1017 4164 1204 4230 nobis
1247 4162 1438 4229 debet
1480 4184 1677 4247 quam
1720 4164 1964 4229 iniuria
2005 4184 2173 4246 quae

243 4254 487 4314 tantum
550 4269 701 4314 cum
753 4249 1020 4315 honoris
1079 4249 1188 4314 vel
1245 4250 1557 4332 pecuniae
1613 4251 1863 4315 iactura
1896 4250 2092 4334 ‚nobis
2111 4251 2169 4328 ⁸)

246 4331 528 4400 infertur.
598 4333 894 4400 Ecclesia
916 4356 1069 4401 vero
1100 4334 1291 4419 longe
1324 4335 1533 4418 pluris
1567 4355 1711 4400 6666
1747 4335 1939 4401 debet
1973 4357 2171 4420 quam

248 4436 400 4486 unus
442 4420 791 4504 quispiam.
862 4419 1138 4485 Constat
1173 4442 1327 4505 ergo
1362 4441 1493 4485 non
1529 4441 1669 4486 esse
1711 4441 1938 4488 veram
1975 4443 2096 4487 nec
2113 4426 2171 4503 ⁴)

248 4505 553 4571 sinceram
593 4506 1063 4589 poenitentiam
1108 4527 1305 4589 quum
1367 4507 1421 4572 is
1477 4509 1587 4589 qui
1647 4506 1868 4590 lapsus
1923 4516 2026 4572 est
2069 4527 2170 4571 sa-

247 4590 532 4658 tisfacere
577 4591 660 4657 de
705 4590 1094 4657 offendiculo
1136 4600 1410 4657 recusat.
1503 4592 1696 4672 Quod
1750 4607 1970 4658 autem
2028 4594 2172 4658 iure

247 4696 350 4742 suo
389 4677 665 4744 66616616
706 4677 773 4743 id
818 4678 1079 4760 exigere
1120 4680 1326 4760 possit
1366 4699 1450 4742 ex
1493 4680 1810 4763 regimine
1831 4678 2172 4762 spirituali,

248 4764 420 4842 quale
467 4762 751 4848 apostoli
796 4763 1190 4841 describunt,
1245 4763 1595 4846 colligitur.
1697 4764 1949 4830 Paulus
1994 4765 2171 4848 ipsos

247 4854 552 4928 seniores,
611 4849 847 4932 quibus
902 4871 1057 4933 prae
1114 4848 1259 4914 aliis
1315 4849 1714 4931 parcendum
1758 4859 1930 4928 erat,
1988 4850 2175 4917 iubet

250 5088 396 5143 1641.
436 5093 495 5154 1)
538 5087 847 5158 Bullinyen‘
880 5092 1150 5158 exemplar
1200 5090 1325 5143 huic
1372 5093 1683 5156 arqumento
1712 5091 2015 5159 praemittit
2048 5091 2185 5145 titu-

251 5158 369 5212 lum:
403 5161 485 5213 De
523 5159 808 5227 disciplina
846 5160 1144 5227 reparanda
1178 5160 1231 5211 in
1272 5158 1508 5211 ecclesia.

432 5231 491 5294 2)
530 5231 785 5297 privatim
832 5226 885 5278 T.

434 5298 493 5364 3)
533 5299 689 5349 nobis
726 5312 823 5349 om.
874 5296 924 5348 Τ.

434 5371 493 5433 4)
535 5368 614 5419 vel
666 5366 722 5418 T.

1935 436 2097 499 1552
2141 429 2539 500 AUGUST.

2050 2598 2172 2652 1³⁸8·
2277 2607 2484 2670 grave
2528 2588 2615 2652 sit
2657 2589 2777 2652 uni
2819 2587 3078 2671 privato
3122 2589 3376 2654 homini
3418 2611 3554 2655 666
3598 2589 3917 2658 videmus.

4092 439 4217 504 346

2273 637 2497 685 coram
2541 617 2844 684 omnibus
2900 619 3093 704 argui
3141 625 3219 685 ut
3271 620 3511 686 caeteri
3569 621 3870 688 timorem
3914 621 4218 691 habeant.

2273 703 2442 768 Vult
2497 703 2620 770 1166
2672 702 2940 771 concedi
2987 703 3241 772 Paulus
3283 707 3612 772 communi
3659 709 3953 774 omnium
3995 731 4221 777 exem-

2272 788 2386 872 plo
2444 798 2523 854 ut
2573 790 2942 875 presbyteri
3008 791 3136 874 ipsi
3198 811 3418 858 6616111
3489 792 3792 859 omnibus
3837 804 4217 879 arguantur.

2273 875 2456 959 Ergo
2500 875 2558 942 si
2599 876 2746 958 quis
2788 877 3086 959 privatus
3128 877 3465 943 ecclesiam
3509 878 3783 943 offendit
3813 881 4053 945 merito
4097 882 4224 948 hac

2275 961 2538 1026 demum
2600 960 2748 1046 lege
2816 962 2946 1028 reci
2995 961 3170 1027 ietur
3224 964 3297 1027 in
3354 963 3633 1047 gratiam
3706 974 3773 1030 et
3826 965 3908 1030 ad
3966 987 4254 1033 sacram·

2272 1045 2548 1111 Domini
2582 1066 2853 1113 coenam
2887 1067 2927 1111 a
2972 1048 3290 1129 mittetur,
3336 1049 3394 1113 si
3427 1058 3758 1133 peccatum
3807 1073 4002 1116 suum
4036 1053 4221 1137 prius

2274 1141 2604 1216 agnoscat.
2670 1132 2766 1196 Et
2805 1133 2975 1198 ratio
3017 1154 3213 1217 quam
3256 1142 3571 1219 sequutus
3614 1143 3714 1202 est
3753 1136 4007 1203 Paulus
4048 1138 4225 1205 inter

2274 1217 2654 1284 Corinthios
2697 1219 2886 1284 nobis
2938 1240 3056 1302 pro
3116 1222 3404 1304 generali
3458 1221 3689 1305 regula
3744 1221 4048 1288 habenda
4099 1230 4220 1290 est.

2274 1303 2449 1368 Nam
2493 1303 2616 1368 etsi
2660 1303 2854 1369 valde
2902 1306 3263 1371 clementer
3315 1326 3460 1371 cum
3525 1327 3601 1371 eo
3653 1308 3790 1391 agit
3845 1311 3955 1390 qui
4009 1330 4081 1374 66
4122 1311 4224 1375 in-

2276 1397 2454 1454 cesto
2497 1409 2819 1455 novercae
2861 1390 3212 1456 concubitu
3256 1392 3604 1474 polluerat,
3664 1414 3795 1457 non
3839 1403 4059 1458 tamen
4104 1395 4223 1460 ali-

2275 1482 2378 1540 ter
2398 1474 2673 1540 mandat
2705 1475 2905 1559 recipi
2939 1477 3008 1541 in
3044 1477 3326 1559 gratiam
3360 1498 3554 1560 quam
3591 1476 3767 1544 edita
3802 1480 4219 1562 confessione,

2276 1560 2468 1625 sicuti
2511 1582 2596 1626 ex
2630 1569 2944 1626 contextu
2980 1562 3302 1628 secundae
3337 1563 3647 1646 epistolae
3689 1562 3901 1630 lucide
3925 1568 3977 1642 ⁸)
4021 1573 4221 1649 patet.

2278 1644 2666 1711 Oavcndum
2711 1647 2884 1710 enim
2930 1647 3238 1712 admonet
3278 1669 3365 1713 ne
3407 1647 3608 1714 miser
3646 1649 3758 1715 ille
3802 1650 4226 1718 absorbeatur

2276 1751 2318 1794 a
2359 1732 2657 1796 tristitia:
2703 1733 3144 1817 poenitentiae
3178 1754 3333 1817 ergo
3367 1735 3819 1800 testimonium
3855 1755 4006 1801 cum
4039 1736 4223 1804 luctu

2273 1825 2731 1900 praecesserat.
2831 1818 2922 1882 Et
2978 1838 3182 1902 quum
3238 1840 3310 1885 se
3366 1821 3597 1884 timere
3652 1821 3810 1887 dicit
3862 1843 3947 1886 ne
4003 1823 4226 1906 ipsum

2274 1901 2461 1968 Deus
2505 1902 2807 2002 humiliet
2845 1908 2924 1968 ut
2964 1913 3236 1987 cogatur
3278 1924 3388 1970 eos
3428 1904 3813 2006 lugere-qui·
3849 1917 4224 2007 peccarunt,

2276 1991 3945 2159 1961ἳὲἲὲἳὲῑὲῖὶῑῖ1ζὲᾆὲἑῇωὲἒὲῗὲ
3976 2001 4225 2162 ξὲοέἓὲ-

2279 2160 2534 2226 sionem
2577 2159 2759 2224 illam
2802 2161 3088 2225 ostendit
3131 2181 3259 2245 qua
3301 2169 3606 2227 testatam
3663 2162 3971 2229 666166166
4011 2165 4224 2231 facere

2279 2243 2645 2311 debuerant
2685 2245 2857 2310 vitae
2895 2267 3051 2312 suae
3086 2248 3462 2313 novitatem.
3551 2247 3695 2313 1166
3741 2246 3825 2313 ad
3867 2249 4039 2315 hanc
4081 2272 4224 2317 rem

2278 2351 2414 2395 non
2459 2352 2695 2415 parum
2739 2329 2864 2397 hoc
2908 2332 3216 2414 ponderis
3275 2333 3473 2398 habet
3515 2333 3690 2415 quod
3733 2333 3939 2399 tradit
3981 2334 4216 2402 Corin-

2277 2416 2451 2481 thios
2505 2417 2887 2500 suppliciter
2940 2438 3060 2482 sua
3117 2417 3354 2484 delicta
3409 2419 3735 2485 confessos
3780 2441 3939 2485 6666.
4030 2421 4226 2503 Quod

2277 2509 2490 2566 totum
2559 2502 2866 2568 ecclesiae
2935 2523 3174 2585 corpus
3229 2505 3441 2569 facere
3496 2526 3629 2568 non
3688 2504 4043 2585 dubitavit,
4110 2529 4227 2574 6111

4002 2594 4224 2677 Atque

2278 2673 2439 2739 11666
2516 2672 2630 2737 1116
2687 2681 2790 2738 661
2852 2675 3172 2740 confessio
3229 2676 3415 2742 cuius
3472 2686 3862 2759 perpetuum
3921 2680 4224 2745 omnibus

2277 2758 2549 2824 saeculis
2593 2779 2786 2824 usum
2830 2759 3030 2825 fuisse
3073 2767 3402 2825 testantur
3445 2771 3743 2828 veterum
3787 2764 4047 2847 scripta.
4135 2765 4229 2830 Et

2275 2855 2450 2909 certo
2494 2864 2573 2908 66
2616 2844 2875 2909 66111616
2918 2845 3086 2910 nihil
3121 2846 3401 2930 amplius
3436 2846 3817 2931 disciplinae
3851 2850 3924 2913 in
3958 2850 4229 2917 ecclesia

2275 2929 2614 2994 residuum
2659 2931 2966 2997 manebit.
3057 2931 3368 2997 Christus
3423 2953 3462 2997 a
3516 2954 3721 2999 coena
3776 2934 3960 3000 iubet
4015 2937 4228 3002 arceri

2274 3015 2596 3099 indignos.
2685 3013 3032 3096 Quomodo
3076 3018 3278 3101 igitur
3313 3038 3423 3084 eos
3466 3018 3581 3101 qui
3614 3018 4077 3086 offendiculum
4113 3020 4225 3087 de-

2275 3099 2513 3166 derunt
2572 3099 2916 3168 admittere
2981 3101 3204 3168 licebit
3245 3102 3479 3168 ‘donec
3547 3112 3889 3186 peccatum
3945 3106 4228 3172 confessi

2274 3188 2538 3252 veniam
2594 3186 2867 3270 petant?
2965 3188 3058 3252 Et
3121 3188 3411 3255 vicissim
3483 3210 3613 3273 qua
3677 3190 4077 3257 conscientia
4140 3191 4228 3257 ad

2276 3292 2532 3338 sacram
2567 3293 2864 3338 mensam
2899 3273 3177 3352 accedet,
3266 3274 3335 3340 ui
3366 3273 3758 3340 scandalum
3803 3297 3843 3340 a
3886 3298 3957 3343 66
3991 3276 4226 3343 datum

2278 3356 2539 3424 abolere
2601 3358 2784 3423 nullo
2847 3358 3039 3424 modo
3105 3368 3213 3425 stu
3258 3358 3400 3425 uit?
3500 3360 3757 3426 Morem
3817 3381 3971 3447 ergo
4034 3363 4229 3429 illum

2279 3443 2621 3509 testandae
2662 3445 3104 3527 poenitentiae
3156 3465 3373 3512 661616
3428 3446 3668 3530 populo
3722 3446 4098 3528 laudamus,
4149 3470 4226 3515 ac

2278 3551 2599 3613 negamus
2659 3537 2903 3595 temere
2960 3531 3066 3598 vel
3119 3531 3503 3597 humanitus
3565 3531 3771 3599 fuisse
3835 3536 4223 3600 confictum:

2279 3637 2483 3698 quum
2537 3615 2757 3699 potius
2813 3636 2854 3680 a
2909 3616 3170 3682 coelesti
3222 3619 3538 3703 magistro
3595 3619 3922 3701 profectus
3965 3620 4083 3698 sit,
4150 3640 4228 3686 66

2277 3699 2649 3785 ubicunque
2691 3702 2875 3784 viget
2915 3702 3141 3768 sedulo
3182 3703 3600 3771 retinendum
3643 3710 3711 3769 et
3744 3711 3968 3771 sancte
4010 3704 4229 3770 colen-

2281 3785 2440 3851 dum
2483 3785 2864 3852 iudicamus.
2953 3787 3146 3867 Quod
3191 3790 3248 3854 si
3289 3810 3357 3853 m
3445 3790 3497 3853 ’6
3559 3788 3870 3872 probetur
3911 3791 4230 3857 consisto-

2277 3872 2362 3936 rii
2425 3873 2695 3939 arbitrio
2749 3872 3012 3956 iniungi
3080 3875 3406 3956 peccatori
3449 3895 3529 3939 us
3593 3873 3764 3956 quod
3817 3876 4099 3959 pastoris
4159 3883 4228 3942 et

2279 3957 2612 4023 seniorum
2654 3959 2911 4024 monitu
2953 3960 3167 4025 facere
3210 3962 3392 4043 prius
3435 3957 3761 4039 solebant,
3820 3960 4084 4028 videtur
4126 3969 4227 4028 ta-

2278 4064 2432 4110 men
2476 4044 2665 4110 661116
2706 4044 2869 4112 11666
2913 4043 3274 4111 moderatio
3330 4064 3473 4111 6666
3516 4043 3915 4127 adhibenda,
3974 4055 4052 4112 ut
4089 4049 4224 4114 fra-

2278 4137 2464 4195 terne
2505 4132 2680 4194 inter
2725 4151 2796 4196 se
2837 4130 3321 4196 communicent
3362 4138 3432 4196 et
3464 4129 3546 4196 de
3588 4130 3855 4196 illorum
3899 4135 4225 4199 sententia

2276 4215 2665 4298 pronunciet
2706 4217 3166 4282 consistorium
3209 4215 3380 4299 quod
3433 4216 3595 4282 utile
3649 4218 3720 4282 in
3764 4218 4075 4285 666166166
4115 4240 4225 4287 66-

2277 4299 2711 4367 dificationem
2755 4303 2974 4368 visum
3018 4301 3231 4367 fuerit.

3063 4438 3352 4504 Ministri
3420 4438 3830 4506 Genevensis
3897 4442 4223 4522 ecclesiae,

2889 4531 3033 4588 tum
3076 4526 3186 4608 qui
3229 4525 3300 4589 in
3358 4523 3519 4589 urbe
3561 4524 3899 4592 Ohristum
3964 4548 4223 4593 annun-

2889 4610 3083 4688 ciant,
3129 4621 3272 4674 tum
3305 4612 3416 4693 qui
3452 4609 3728 4675 aderant
3765 4633 3852 4677 ex
3895 4633 4054 4697 agro
4095 4614 4225 4678 fra-

2807 4753 2808 4756 ,
2892 4702 3059 4773 tres,
3120 4717 3252 4760 uno
3297 4717 3615 4763 consensu
3657 4696 3783 4764 hoc
3837 4720 4226 4783 responsum

2894 4779 3214 4847 dederunt
3237 4786 3285 4861 ⁶)
3367 4782 3686 4849 ministris
3770 4792 3838 4849 et
3912 4784 4220 4850 fratribus

2888 4867 3197 4933 ecclesiae
3238 4868 3300 4932 Ν
3304 4870 3717 4934 eocomensis.
3738 4869 3792 4954 7)

2484 5019 2541 5086 5)
2577 5022 2732 5074 facilc
2778 5020 2838 5073 T.

2486 5089 2542 5156 6)
2583 5091 2692 5144 Hie
2723 5091 2970 5144 subsistit
3002 5105 3083 5144 ex.
3131 5089 3438 5145 Tmicease.

2489 5158 2543 5224 7)
2579 5157 2742 5212 Diem
2776 5165 2828 5213 et
2861 5175 3069 5213 annum
3102 5161 3283 5214 neseio
3317 5175 3424 5228 quo
3457 5164 3646 5214 autore
3678 5159 3808 5212 add.
3849 5157 3933 5210 S..·
3979 5155 4062 5208 29.
4096 5156 4223 5212 Iulii

2282 5227 2437 5281 1552.
2515 5226 2579 5279 Si
2611 5228 2711 5280 1166
2744 5244 2929 5281 verum
2963 5235 3055 5294 est,
3093 5229 3211 5295 ipse
3247 5228 3502 5282 Fae-ellus
3538 5241 3804 5296 praeseus
3841 5225 4086 5280 Gemma
4117 5228 4226 5284 eibi

2279 5297 2380 5351 1166
2414 5297 2702 5350 consilium
2746 5296 3028 5365 eoepetiisse
3074 5296 3303 5353 videm.
3385 5297 3580 5352 Verum
3626 5296 3738 5350 iam
3784 5296 3951 5349 annis
3982 5298 4224 5365 &operio-

2279 5366 2434 5420 ribus
2473 5365 2736 5419 Neocomi
2769 5365 2836 5420 de
2867 5367 3044 5420 variis
3077 5366 3401 5436 disciplinae
3431 5365 3702 5434 capitibus
3736 5372 3914 5421 actum
3944 5365 4144 5431 fuerat.
