4900 6167
716 420 840 484 303

715 607 1075 673 exstinctus
1118 611 1235 670 est.
1324 603 1473 669 Rex
1515 604 1611 668 ita
1650 603 1720 667 in
1763 599 2008 668 bellum
2067 600 2329 666 videtur
2370 601 2666 666 intentus

717 713 858 759 esse
931 701 1007 756 ut
1058 702 1546 774 praeposterum
1616 687 1831 754 zelum
1849 739 1864 766 ,
1935 707 2061 771 quo
2128 687 2311 770 prius
2379 684 2664 763 ardebat,

719 779 856 845 suis
912 775 1264 842 commodis
1328 773 1716 859 posthabere
1771 795 1903 839 non
1948 773 2219 839 dubitet.
2309 772 2371 836 N
2374 792 2446 837 os
2507 792 2665 836 vero

716 863 924 929 multa
983 873 1290 947 putamus
1345 881 1487 926 esse
1550 881 1717 943 quae
1771 860 1903 925 illis
1966 858 2170 924 vestri
2235 856 2478 940 absque
2533 857 2668 922 ulla
2707 935 2714 950 .

716 950 968 1015 iactura
1021 946 1375 1013 concedere
1430 945 1551 1011 hoc
1617 954 1912 1029 tempore
1979 953 2234 1027 queant.
2325 944 2463 1008 Nec
2521 942 2667 1008 fieri

717 1043 933 1119 potest
975 1035 1133 1116 quin
1170 1033 1294 1099 hoc
1328 1041 1465 1097 tam
1500 1032 1685 1097 vario
1720 1041 1786 1096 et
1818 1029 2167 1113 multiplici
2203 1028 2390 1108 bello,
2436 1049 2665 1112 quam·

716 1121 819 1186 vis
861 1119 1116 1185 nullum
1161 1121 1248 1184 sit
1286 1117 1535 1196 foedus,
1580 1117 1821 1182 multas
1854 1117 2138 1181 rationes
2175 1115 2462 1181 babeant
2494 1116 2668 1180 inter

718 1228 789 1272 se
844 1204 1210 1288 implicitas.
1317 1202 1534 1284 Quam
1604 1223 1760 1268 vero
1820 1202 2255 1268 necessarium
2321 1200 2407 1266 sit
2472 1221 2667 1265 curae

718 1290 908 1358 nobis
954 1311 1095 1356 esse
1138 1293 1279 1374 pios
1326 1290 1593 1365 fratres,
1650 1288 1923 1371 indigna
1963 1307 2187 1353 eorum
2225 1285 2509 1351 conditio
2553 1284 2666 1350 ad-

713 1385 957 1452 monet,
1003 1397 1252 1460 nosque
1296 1374 1379 1441 ad
1421 1375 1598 1457 ipsos
1642 1372 1977 1451 iuvandOS,
2022 1370 2234 1457 quoad
2278 1370 2516 1450 licebit,
2563 1391 2666 1436 sa-

714 1463 802 1528 tis
843 1483 1162 1545 superque
1212 1461 1532 1529 sollicitat.
1623 1460 1791 1524 Nam
1837 1460 2017 1536 Rex,
2076 1458 2263 1541 quasi
2323 1456 2667 1522 defunctus

716 1548 835 1613 illa
876 1569 1033 1632 erga
1077 1547 1448 1614 Germanos
1502 1545 1944 1628 indulgentia,
2002 1564 2153 1609 suos
2210 1543 2462 1608 duriter
2518 1564 2665 1625 pre-

715 1653 896 1698 mere
939 1653 1075 1698 non
1118 1633 1374 1700 desinit.
1395 1631 1452 1717 ⁴)
1537 1632 1748 1698 Porro
1792 1632 1945 1715 quia
1999 1630 2245 1694 multae
2301 1629 2666 1695 occasiones

718 1719 905 1784 nobis
949 1719 1116 1784 elabi
1160 1731 1422 1803 possent
1463 1718 1543 1783 ob
1589 1738 1811 1782 rerum
1865 1736 2030 1801 quae
2074 1723 2437 1780 tractantur
2479 1715 2665 1799 igno·

718 1807 1004 1870 rantiam
1022 1856 1038 1884 ,
1106 1807 1324 1870 visum
1389 1804 1603 1868 fuerat
1668 1811 2081 1868 antevertere
2099 1852 2113 1878 ,
2192 1811 2267 1865 ut
2330 1801 2535 1865 vestri
2600 1809 2668 1865 et

714 1890 1041 1956 Bernates
1110 1889 1422 1956 admoniti
1487 1910 1627 1955 rem
1695 1908 1814 1953 suo
1884 1899 2176 1971 tempore
2240 1887 2663 1969 susciperent.

717 1975 865 2041 Iam
885 1998 1042 2041 vero
1061 1977 1217 2059 quia
1259 1975 1484 2041 multis
1527 1974 1995 2058 experimentis
2037 1973 2372 2055 cognitum
2415 1971 2544 2036 fuit
2587 1971 2666 2036 li-

717 2062 877 2127 teris
920 2083 1048 2127 non
1093 2062 1376 2127 multum
1420 2058 1647 2144 profici
1663 2106 1681 2135 ,
1737 2081 1777 2125 a
1830 2069 2065 2126 senatu
2107 2058 2433 2124 Beruensi
2475 2057 2667 2140 petii-

718 2168 867 2212 mus
911 2158 987 2211 ut
1028 2147 1269 2232 legatio
1312 2147 1690 2212 mitteretur
1730 2165 1859 2229 qua
1899 2146 2070 2229 Regi
2125 2151 2434 2210 testatum
2479 2144 2667 2208 fieret

716 2252 979 2299 causam
1026 2232 1197 2298 hanc
1240 2234 1411 2299 serio
1456 2234 1562 2318 agi
1577 2278 1595 2307 ,
1655 2251 1775 2297 nec
1830 2238 2090 2297 tantum
2137 2230 2411 2295 aliorum
2456 2230 2663 2312 preci-

713 2317 837 2384 bus
881 2317 1002 2385 hoc
1047 2329 1299 2384 vestros
1343 2317 1499 2384 dare
1519 2368 1535 2396 ,
1594 2316 1709 2382 sed
1766 2338 1850 2382 ex
1903 2317 2140 2382 intimo
2195 2315 2407 2383 cordis
2465 2335 2663 2381 sensu

713 2415 948 2490 sponte
1002 2403 1085 2469 ad
1140 2402 1205 2469 id
1265 2403 1594 2488 agendum
1649 2424 1788 2468 esse
1844 2424 2200 2486 propensos
2256 2411 2324 2466 et
2379 2400 2667 2468 studiose

719 2490 1116 2557 incumbere.
1205 2490 1618 2572 Responsum
1647 2487 1791 2568 fuit,
1836 2489 2091 2555 senatui
2125 2486 2417 2554 nondum
2454 2486 2665 2552 videri

714 2586 1049 2641 maturum
1120 2587 1394 2657 tempus.
1509 2574 1736 2658 Nuper
1808 2576 1982 2639 enim
2050 2573 2280 2640 allatas
2362 2573 2561 2639 fuisse
2626 2592 2667 2637 a

715 2662 902 2744 Rege
959 2659 1213 2736 literas,
1288 2659 1400 2725 ubi
1458 2681 1592 2726 non
1650 2658 1843 2725 modo
1905 2660 2180 2744 superbe
2239 2668 2436 2744 negat
2493 2657 2665 2742 quod

715 2754 995 2830 quatuor
1049 2747 1349 2813 civitates
1412 2747 1769 2831 petierant,
1798 2750 1852 2821 ⁸)
1919 2743 2035 2811 sed
2096 2745 2399 2811 ferociter
2464 2744 2665 2810 etiam

716 2831 1037 2917 obiurgat,
1084 2832 1238 2915 quia
1271 2853 1422 2898 eum
1466 2853 1598 2897 non
1631 2831 2013 2899 existiment
2046 2831 2481 2897 christianum
2520 2849 2663 2897 esse

715 2936 793 2983 ac
835 2916 1224 2985 clementem
1266 2918 1648 3002 principem.
1705 2918 1978 2983 Dictum
2022 2919 2241 2984 etiam*
2262 2917 2388 2982 fuit
2429 2936 2662 3000 prope-

715 3001 889 3070 diem
933 3015 1247 3070 venturas
1289 3024 1432 3070 esse
1486 3003 1712 3070 literas
1768 3025 1853 3070 ex
1908 3004 2146 3086 quibus
2202 3010 2516 3087 appareat
2578 3023 2664 3067 an

710 3089 859 3156 Rex
905 3091 1195 3158 animum
1239 3112 1435 3158 suum
1468 3090 1842 3155 mutaverit.
1914 3089 2257 3155 Pollicitus
2299 3096 2403 3153 est
2444 3097 2665 3153 tamen

712 3176 961 3254 consul,
1007 3186 1328 3257 senatum,
1372 3175 1488 3243 ubi
1523 3176 1811 3261 primum
1848 3175 2065 3241 oblata
2103 3183 2276 3239 esset
2318 3174 2665 3240 commodi-

713 3270 816 3328 tas
860 3284 1120 3327 causam
1173 3262 1342 3328 hanc
1398 3263 1672 3328 minime
1731 3260 2200 3345 neglecturum.
2289 3260 2478 3326 Inter
2537 3259 2666 3323 alia

715 3348 915 3414 etiam
952 3348 1261 3413 dissuasit
1303 3358 1572 3414 senatus
1617 3369 1702 3413 ne
1747 3348 2066 3432 'I'igurum
2111 3346 2378 3425 iremus,
2424 3367 2511 3410 ne
2554 3367 2664 3411 su-

800 3453 1081 3498 rvacuus
1136 3441 1439 3515 sumptus
1497 3435 1702 3499 fieret.
1790 3431 2023 3498 Doluit
2078 3430 2203 3498 hoc
2246 3431 2509 3514 quidem
2552 3452 2666 3495 no-

759 3519 847 3597 is,
916 3519 1070 3603 quia
1119 3517 1400 3583 libenter
1454 3519 1652 3582 etiam
1710 3517 1857 3583 aliis
1917 3516 1996 3582 de
2060 3516 2258 3583 rebus
2324 3515 2659 3583 vobiscum

713 3625 1003 3670 essemus
1047 3603 1429 3686 colloquuti,
1494 3624 1614 3667 nec
1655 3603 1952 3686 ingratus
2014 3602 2200 3668 vobis
2256 3602 2493 3668 fuisset
2546 3600 2662 3667 ad-

710 3705 949 3756 ventus
991 3701 1232 3756 noster.
1324 3687 1424 3752 Ne
1462 3697 1684 3752 tamen
1729 3687 2098 3755 videremur
2154 3690 2428 3754 nimium
2473 3709 2660 3772 prae·

712 3775 939 3857 cipites
958 3826 973 3853 ,
1031 3786 1169 3841 tum
1214 3795 1372 3840 cous
1418 3785 1600 3840 ectus
1647 3773 1848 3839 vestri
1889 3775 2129 3859 gaudio
2174 3787 2315 3841 tum
2358 3773 2664 3858 colloquii

713 3860 927 3926 fructu
977 3862 1222 3944 privari
1268 3881 1334 3926 m
1406 3861 1620 3926 uimus
1663 3879 1858 3942 quam
1903 3859 2146 3944 aliquid
2189 3869 2446 3927 tentare
2490 3859 2659 3943 quod

713 3964 942 4010 causae
988 3959 1264 4012 noceret.
1357 3945 1550 4012 Nunc
1594 3955 1659 4011 te
1704 3954 1771 4011 et
1821 3945 2106 4030 reliquos
2169 3947 2404 4013 fratres
2468 3944 2659 4012 ambo

711 4030 1141 4109 obsecramus,
1187 4034 1320 4097 imo
1356 4032 1576 4115 potius
1630 4031 2009 4117 suppliciter
2061 4052 2180 4116 per
2234 4054 2307 4098 os
2361 4041 2658 4099 nostrum

709 4136 828 4183 vos
871 4127 1109 4203 rogant
1154 4117 1247 4201 pii
1291 4138 1518 4183 omnes
1561 4119 1675 4201 qui
1718 4119 1783 4183 in
1834 4117 2057 4184 Gallia
2099 4128 2364 4202 propter
2406 4117 2660 4184 Christi

709 4203 1155 4269 testimonium
1203 4202 1527 4278 laborant,
1595 4213 1670 4269 ut
1724 4204 1950 4271 sedulo
1993 4206 2063 4269 in
2109 4226 2334 4270 omnes
2377 4205 2659 4271 occasio·

710 4309 831 4354 nes
885 4291 1119 4354 intenti
1183 4287 1346 4354 sitis.
1447 4288 1840 4375 Quanquam
1912 4312 2031 4356 vos
2096 4290 2428 4356 monuisse
2497 4289 2661 4356 satis

710 4386 832 4451 est,
877 4375 1167 4457 ipsorum
1214 4388 1435 4438 tamen
1470 4376 1796 4454 anxietas,
1841 4375 1967 4443 sub
2009 4395 2137 4458 qua
2179 4375 2355 4459 ipsos
2396 4396 2661 4460 gemere

714 4460 974 4536 scimus,
1020 4459 1264 4543 aliquid
1309 4460 1761 4528 vehementiae
1796 4462 2035 4529 addere
2078 4460 2159 4526 ad
2194 4481 2420 4546 preces
2465 4463 2656 4546 cogit.

711 4544 1062 4612 Caeterum
1120 4545 1274 4628 quia
1316 4546 1656 4628 impetrari
1710 4547 1891 4613 nullo
1935 4547 2129 4612 modo
2187 4548 2431 4631 poterit
2485 4545 2659 4632 quod

710 4632 1072 4714 optandum
1114 4643 1315 4710 esset,
1382 4651 1459 4697 ea
1502 4632 1628 4697 erit
1683 4631 2052 4699 adhibenda
2093 4632 2451 4700 moderatio
2494 4654 2660 4717 quae

708 4717 916 4802 Regis
939 4717 1232 4783 animum
1256 4738 1451 4801 quam
1472 4717 1820 4783 minimum
1841 4717 2153 4785 offendat.
2198 4717 2660 4805 Quadraginta
2771 4739 2780 4742 ·

708 4819 959 4888 septem
1002 4804 1309 4886 postremi
1352 4803 1546 4869 edicti
1581 4813 1739 4870 sunt
1764 4805 2009 4888 capita:
2028 4807 2086 4881 ὅ)
2131 4806 2186 4871 si
2231 4814 2511 4887 quatuor
2554 4806 2658 4873 vel

960 4935 1037 4942 —-—

917 4988 973 5053 4)
1008 4986 1160 5044 Hm.
1196 4988 1292 5045 aa·
1324 4989 1509 5046 enom
1540 4990 1888 5048 moratus
1936 5009 1999 5063 p.
2039 4993 2121 5048 19.

915 5057 1824 5122 mnemoraatflamaaaa

918 5195 2657 5260 mminffltatmbrioeuddatiffitammdoe

710 5264 959 5389 aa}
988 5266 1740 5394 {wamma
1771 5269 1940 5395 aa
1970 5268 2282 5410 aaa
2326 5268 2396 5325 α’
2433 5269 2519 5327 F.

2222 393 2748 478 EPISTOLAE
2799 413 3218 477 1612—1615

4572 418 4677 480 304

2767 601 3049 683 quinque
3093 597 3372 666 obtineri
3417 598 3770 665 tolerabilis
3815 598 4035 684 aliqua
4089 598 4411 684 mitigatio
4452 604 4678 684 poterit,

2765 707 2900 751 non
2978 685 3146 750 male
3224 705 3445 750 secum
3532 693 3747 752 actum
3827 707 3969 751 esse
4047 685 4373 768 putabunt
4455 686 4678 754 &atres

2764 769 2988 838 Unum
3010 775 3065 852 ⁷)
3112 779 3215 836 est
3259 782 3330 835 ut
3372 770 3598 837 diebus
3640 772 3824 838 festis
3867 772 4113 856 singuli
4156 781 4308 836 cum
4350 772 4481 836 suis
4519 772 4681 838 fami·

2765 856 2873 922 liis
2913 857 3223 922 intersint
3260 857 3498 923 missae
3515 908 3530 936 ‚
3588 879 3710 924 nec
3752 868 4014 923 tantum
4058 866 4249 942 gestu
4300 857 4683 942 sacrilegium

2765 941 2930 1007 illud
2974 943 3367 1027 approbent,
3419 963 3615 1026 seque
3657 944 3862 1027 impia
3902 951 3968 1009 et
4010 943 4261 1026 perfida
4302 942 4684 1010 simulatione

2766 1031 3242 1107 contaminent,
3307 1028 3420 1094 sed
3477 1039 3552 1094 ut
3606 1031 3969 1096 recitentur
4023 1051 4063 1094 a
4105 1030 4399 1095 sacrifico
4454 1030 4688 1096 articuli

2768 1114 3274 1197 sorbonistic-i,⁸)
3320 1126 3513 1198 atque
3556 1115 3651 1179 ita
3693 1135 3919 1181 omnes
3962 1114 4378 1181 exsecrandis
4414 1113 4687 1198 blasphe-

2767 1201 2917 1266 miis
2960 1199 3390 1266 subscribant.
3481 1201 3839 1266 Mandatur
3881 1211 4098 1266 autem
4143 1210 4219 1265 ut
4252 1220 4481 1266 severa
4516 1199 4690 1266 huius

2770 1286 2864 1351 rei
2909 1287 2997 1351 sit
3038 1287 3376 1368 inspectio.
3464 1286 3835 1353 Petendum
3880 1307 4034 1371 ergo
4078 1306 4119 1351 a
4160 1286 4345 1370 Rege
4389 1298 4582 1366 esset,
4620 1307 4689 1352 ne

2767 1372 2955 1455 probi
2999 1372 3327 1451 homines,
3385 1374 3494 1455 qui
3541 1372 3967 1457 tranquillam
4011 1373 4152 1439 sine
4195 1373 4570 1454 cuiusquam
4608 1373 4689 1437 of·

2766 1459 2951 1523 {ensa
2996 1460 3199 1522 vitam
3243 1457 3507 1542 degunt,
3552 1461 3804 1525 curiose
3845 1456 4295 1537 observentur,
4339 1477 4463 1522 nec
4500 1477 4690 1522 moro·

2768 1564 2877 1609 sae
2934 1541 3345 1609 sacerdotum
3403 1545 3730 1610 exactioni
3782 1544 4045 1610 obnoxii
4103 1545 4253 1609 sint.
4344 1542 4538 1609 Fisco
4588 1564 4690 1607 suo

2719 1697 2728 1704 ‚
2766 1629 2917 1694 Rex
2960 1627 3287 1695 adiudicat
3309 1631 3363 1712 ⁹)
3406 1651 3629 1694 eorum
3675 1629 3844 1695 bona
3895 1630 4008 1714 qui
4061 1652 4133 1696 se
4189 1629 4272 1695 ad
4330 1650 4450 1695 nos
4503 1629 4690 1694 confe-

2767 1723 2959 1793 runt,
3005 1713 3127 1779 hoc
3170 1723 3300 1793 est,
3347 1716 3419 1779 in
3462 1714 3620 1792 loca,
3666 1726 3744 1781 ut
3788 1716 3924 1799 ipse
3968 1727 4185 1795 vocat,
4245 1714 4584 1780 manifeste
4622 1715 4690 1779 ab

2769 1800 3135 1865 obedientia
3200 1810 3463 1867 sanctae
3528 1800 3701 1866 sedis
3760 1801 4015 1867 avulsa:
4086 1802 4220 1866 imo
4277 1801 4691 1884 possessiones

2764 1885 3067 1952 venditas
3111 1887 3270 1970 eripi
3315 1887 3495 1952 iubet
3537 1908 3621 1952 ex
3655 1900 4023 1971 emptorum
4065 1888 4406 1954 manibus·
4477 1886 4692 1951 Peten-
4729 1953 4737 1960 ,

2767 1972 2922 2036 dum
2959 1972 3067 2036 hic
3101 1983 3274 2039 esset
3307 1994 3390 2038 ne
3434 1973 3694 2039 crimini
3729 1982 4026 2038 vertatur
4061 1974 4118 2039 si
4152 1973 4494 2057 quispiam,
4535 1970 4695 2037 nulla

2765 2056 3005 2141 alioqui
3049 2060 3455 2124 accusatione
3499 2067 3777 2137 notatus,
3821 2067 4052 2142 sponte
4087 2059 4229 2125 sine
4263 2058 4551 2124 tumultu
4585 2056 4694 2122 alio

2765 2143 3041 2227 migret,
3099 2145 3252 2227 quia
3307 2164 3426 2227 per
3469 2145 3930 2211 conscientiam
3976 2146 4044 2210 in
4091 2167 4293 2231 regno
4337 2143 4570 2229 degere
4609 2141 4695 2206 illi

2769 2250 2899 2294 non
2946 2229 3176 2297 liceat:
3242 2230 3433 2295 modo
3491 2230 3753 2296 nonnisi
3808 2232 3881 2295 in
3941 2231 4253 2298 ditionem
4312 2231 4586 2298 amicam
4635 2249 4693 2293 se

2767 2315 3053 2398 recipiat.
3141 2317 3393 2381 Verum
3461 2316 3584 2382 hoc
3638 2317 3847 2399 primo
3904 2317 4044 2383 loco
4104 2315 4432 2403 agendum
4493 2325 4587 2382 est
4633 2325 4695 2380 ut

2766 2400 3006 2551 qugafio
3051 2401 3465 2469 decernatur:
3530 2412 3756 2486 postea
3811 2401 3965 2487 quid
4012 2402 4364 2486 petendum
4409 2403 4498 2468 sit
4537 2400 4693 2467 vide-

2811 2498 2961 2551 itur.

2939 2573 3186 2637 Litoris
3229 2574 3394 2650 tuis,
3423 2576 3508 2648 ¹⁰)
3566 2594 3731 2658 quae
3775 2573 3938 2639 mihi
3981 2596 4182 2658 quum
4227 2574 4359 2640 iam
4404 2596 4567 2658 equo
4607 2575 4694 2636 in-

2767 2656 3043 2724 siderem
3080 2657 3372 2724 redditae
3406 2660 3692 2738 fuerunt,
3736 2682 3871 2726 non
3905 2659 4086 2726 aliud
4119 2660 4484 2745 respondeo
4521 2678 4695 2743 quam

2765 2742 2931 2808 mihi
2973 2743 3217 2810 iustam
3260 2745 3463 2811 fuisse
3507 2744 3965 2828 expostulandi
3999 2767 4284 2826 causam,
4328 2745 4694 2830 praesertim

2766 2829 3060 2895 fraterne
3102 2850 3253 2896 cum
3296 2829 3521 2895 fratre.
3600 2829 3782 2911 Quid
3825 2853 3866 2895 a
3908 2832 4092 2899 vobis
4125 2833 4196 2897 in
4239 2831 4437 2898 rebus
4474 2829 4693 2897 nostris

2767 2913 3046 2981 turbatis
3101 2914 3700 2998 exspectaverimus
3757 2927 4009 3000 reputa.
4111 2917 4331 2999 Quam
4387 2917 4608 3002 procul
4662 2935 4696 2978 a

2767 3022 2880 3083 spe
2924 3008 3151 3066 nostra
3195 3000 3475 3066 abfuerit
3517 3000 3686 3084 quod
3732 3000 4002 3070 dedistis
4046 3026 4428 3088 responsum
4449 3054 4465 3083 ,
4519 2999 4693 3069 simul

2766 3087 2963 3152 etiam
3007 3097 3258 3170 reputa.
3331 3087 3667 3171 Agnosces
3711 3089 3998 3171 profecto
4043 3090 4328 3173 aliquam
4364 3090 4565 3155 fuisse
4596 3086 4694 3151 do·

2765 3173 2921 3238 loris
2965 3172 3173 3238 nostri
3215 3195 3497 3239 causam.
3586 3174 3855 3240 Miraris
3875 3226 3891 3253 ,
3946 3176 4001 3239 si
4046 3177 4298 3243 modice
4340 3197 4416 3242 ac
4464 3172 4694 3260 placide

2764 3267 3156 3342 conquestus
3190 3279 3355 3336 sum,
3385 3263 3467 3335 ¹¹)
3502 3261 3722 3325 minus
3756 3260 4114 3327 liberaliter
4148 3283 4267 3328 nos
4304 3262 4509 3328 fuisse
4529 3258 4693 3326 adiu·

2764 3353 2865 3410 tos
2928 3365 3119 3427 quam
3189 3344 3374 3410 nobis
3437 3366 3698 3412 eramus
3774 3346 4090 3429 polliciti?
4200 3346 4424 3414 Facile
4493 3356 4693 3413 tamen

2764 3429 2978 3513 patior
2993 3481 3008 3507 ,
3067 3430 3124 3495 si
3170 3427 3323 3512 quid
3366 3431 3749 3497 offensionis
3794 3433 4082 3498 habeant
4125 3433 4381 3512 literae,
4446 3449 4692 3499 manere

2765 3515 3072 3598 sepultas.
3173 3515 3279 3581 De
3336 3537 3593 3582 summa
3647 3518 3743 3583 rei
3796 3518 4056 3586 libellus
4078 3524 4165 3599 ¹²)
4237 3541 4429 3603 quem
4504 3519 4693 3594 mitto,

2765 3611 2841 3666 ut
2881 3621 3073 3686 spero
3093 3653 3107 3676 ,
3168 3603 3326 3668 satis
3369 3603 3579 3670 faciet.
3667 3603 3908 3670 Libere
3953 3615 4172 3671 tamen
4226 3626 4345 3689 per
4387 3626 4497 3671 me
4537 3601 4691 3670 iudi-

2765 3687 2938 3754 cium
2984 3697 3170 3752 tuum
3212 3688 3521 3772 proferre,
3567 3690 3623 3755 si
3670 3688 4015 3770 videbitur,
4060 3690 4297 3757 licebit.

2934 3771 3136 3840 Socer
3170 3774 3393 3839 fratris
3426 3776 3557 3840 mei
3592 3775 3758 3841 istuc
3792 3797 4047 3841 mecum
4085 3787 4406 3843 venturus
4440 3787 4593 3842 erat.
4617 3777 4691 3852 ¹³)

2763 3856 2899 3925 Sed
2940 3858 3198 3942 quando
3240 3861 3431 3926 nobis
3472 3860 3879 3926 obstaculum
3925 3860 4101 3928 Deus
4144 3864 4394 3944 iniecit,
4440 3862 4558 3929 filii
4597 3859 4693 3927 sui

2760 3946 3075 4029 magistro
3117 3945 3343 4012 scribit
3386 3955 3464 4011 ut
3505 3946 3691 4011 illum
3735 3968 3942 4030 usque
3985 3947 4068 4012 ad
4110 3950 4309 4014 finem
4354 3951 4508 4015 anni
4550 3946 4692 4012 reti·

2761 4039 2929 4097 neat.
3014 4032 3233 4097 Breve
3276 4035 3450 4098 enim
3496 4033 3807 4116 temporis
3862 4035 4145 4115 spatium
4191 4045 4504 4119 superest.
4589 4034 4691 4098 ln·

2763 4125 2942 4183 terea
2983 4117 3281 4202 magistri
3340 4119 3469 4183 erit
3510 4127 3791 4183 tractare
3855 4129 3954 4183 ut.
3986 4140 4264 4202 puerum
4316 4122 4430 4206 qui
4483 4123 4690 4187 fraeno

2761 4211 2829 4267 et
2885 4204 3211 4269 severiore
3265 4201 3611 4287 disciplina
3660 4203 3931 4289 indiget.
4036 4207 4202 4272 Vale
4220 4258 4234 4281 ‚
4291 4206 4690 4273 ornatissime

2760 4288 2868 4354 vir
2925 4301 2994 4354 et
3046 4289 3210 4354 mihi
3267 4290 3337 4353 in
3393 4289 3623 4373 primis
3678 4289 4084 4358 observande
4125 4292 4348 4358 frater.
4435 4293 4690 4358 Fratres

2762 4384 2830 4439 et
2886 4384 3286 4460 symmystas
3350 4376 3710 4458 plurimum
3767 4376 4083 4445 salutabis
4147 4391 4370 4444 nostro
4428 4377 4692 4445 nomine.

2760 4457 3088 4527 Dominus
3131 4481 3250 4526 vos
3286 4482 3319 4525 s
3365 4460 3522 4527 iritu
3561 4483 3679 4527 suo
3714 4463 4035 4547 gubernet
4068 4470 4135 4529 et
4168 4463 4489 4547 praesidio
4518 4474 4690 4529 tuea-

2762 4555 2889 4612 tur.
2982 4549 3217 4612 Amen.
3379 4596 3393 4611 .
3437 4547 3736 4613 Marchio
3795 4549 3931 4616 Vim·
3972 4559 4041 4615 et
4082 4549 4512 4617 Nomandius
4554 4546 4690 4613 alii·

3058 4855 3237 4938 Amjc.
3277 4853 3364 4910 40.

2963 4994 3019 5056 9)
3053 4925 3234 5051 ἵνῖῗῖἷ
3264 4923 3353 5049 345ξῖ
3512 5065 3526 5079 .
3775 5064 3789 5077 ,
3839 5064 3851 5076 ⁹

2904 5062 3017 5213 iii
3052 5062 3315 5189 ffblffi'
3360 5063 3595 5191 13430'307'
3618 5063 4106 5190 Wmm‘.
4149 5133 4295 5191 1602.
4345 5136 4466 5194 ιω
4497 5137 4545 5190 α
4575 5129 4690 5201 ipa·

2929 5336 3023 5405 13)
3059 5340 3138 5397 N.
3172 5339 3312 5397 1590
3343 5346 3454 5397 not.
3492 5341 3579 5410 ιο,
3614 5341 3695 5398 N.
3737 5340 4013 5402 mosset.
4047 5340 4098 5394 2.
