4900 6167
289 473 388 535 165

279 655 495 723 Verum
551 654 814 738 quando
881 654 1209 723 videbitur
1259 664 1697 741 opportunum
1756 677 1864 723 me
1917 679 2192 726 accerse.

280 742 640 825 Quanquam
685 744 966 808 alterum
1023 740 1191 808 forte
1248 742 1376 808 erit
1429 742 1832 810 commodius
1875 752 1952 811 ut
1989 755 2063 810 tn
2110 743 2196 810 ad

276 850 376 894 666
439 828 683 894 venias.
783 828 984 893 Mitto
1057 829 1315 912 Georyii
1373 827 1583 895 Siculi
1602 831 1662 904 ²)
1724 829 1955 895 deliria
2026 851 2196 916 quae

276 916 480 980 1161166
532 912 685 979 Itali
747 935 788 977 a
841 933 948 979 me
1004 913 1279 980 refutari
1331 924 1683 997 optassent.
1771 916 1915 1015 Ego
1972 925 2196 983 autem

276 999 547 1076 abstinui,
592 1000 746 1082 quia
778 999 1002 1065 61111116
1036 1010 1216 1066 66661
1255 1001 1424 1077 finis,
1468 1001 1525 1066 si
1561 1001 1806 1086 singuli
1848 1003 1959 1068 isti
1993 1023 2190 1069 canes

273 1084 525 1169 propriis
594 1084 778 1150 libris
850 1084 1209 1168 repellendi
1280 1103 1517 1152 essent.
1618 1087 1926 1153 Praestat
1983 1088 2187 1173 igitur

275 1169 478 1235 multos
546 1190 860 1254 responso
934 1191 1068 1235 non
1138 1171 1412 1256 dignari.
1523 1171 1603 1238 Si
1666 1171 1922 1256 quando
1987 1174 2194 1239 otium

274 1265 563 1340 suppetet,
608 1256 827 1339 potius
872 1256 1043 1338 quod
1086 1259 1219 1322 iam
1255 1269 1409 1322 ante
1444 1279 1650 1325 annos
1686 1267 1831 1325 octo
1866 1259 2193 1342 pollicitus

273 1363 389 1407 sum
431 1339 786 1425 praestabo.
879 1342 983 1406 Ita
1034 1342 1259 1426 Piyhio
1302 1344 1705 1427 respondens
1758 1344 2038 1410 aliorum
2094 1346 2192 1410 la-

271 1438 453 1493 tratus
498 1448 920 1510 compescam.
1814 1503 1820 1510 ⁶

415 1512 520 1577 De
566 1512 882 1579 Mammea
905 1518 955 1591 ὃ)
1016 1535 1143 1578 666
1201 1513 1409 1580 habeo
1461 1516 1531 1580 in
1588 1518 1965 1598 praesentia
2020 1515 2191 1599 quod

268 1598 699 1680 respondeam,
756 1600 883 1665 nisi
927 1599 1095 1681 quod
1141 1600 1450 1666 fratribus
1505 1609 1765 1684 gratum
1815 1605 1949 1667 fore
2001 1623 2191 1686 spero

267 1687 312 1749 si
349 1705 602 1768 operam
626 1705 814 1749 suam
856 1686 989 1750 illis
1032 1688 1317 1752 offerens
1360 1687 1560 1751 simul
1604 1686 1686 1750 de
1721 1687 2030 1770 periculis
2075 1689 2190 1753 ad-

264 1778 521 1835 moueat
609 1770 892 1854 Reliqua
929 1773 1162 1838 melius
1204 1773 1334 1836 erit
1373 1793 1587 1839 coram
1628 1782 1928 1839 tractare.
2002 1773 2190 1850 Vale,

264 1877 297 1920 o
335 1858 485 1921 time
553 1869 621 1920 et
690 1858 1117 1941 integerrime
1169 1859 1387 1923 frater.
1491 1857 1723 1923 Saluta
1795 1879 2067 1924 uxorem
2124 1871 2193 1926 et

324 1942 493 2020 iolas,
537 1941 855 2025 collegam
873 1993 889 2022 ,
937 1943 1246 2009 Ribiaum
1288 1954 1354 2008 et
1396 1943 1676 2025 reliquos
1719 1945 1973 2011 fratres.
2063 1946 2192 2012 Ho-

265 2033 527 2092 tomanno
570 2028 747 2094 dices
790 2049 898 2093 me
938 2028 1219 2094 libenter
1275 2029 1415 2094 eius
1475 2038 1707 2114 rogatu
1750 2028 2007 2098 dedisse
2050 2034 2191 2097 eius

264 2114 369 2176 civi
419 2113 584 2178 duas
643 2115 745 2179 vel
806 2124 942 2180 tres
997 2115 1220 2191 horas,
1287 2113 1402 2180 sed
1457 2136 1562 2180 me
1606 2118 1821 2182 vereri
1878 2139 1960 2182 ne
2018 2118 2191 2183 male

267 2198 713 2265 collocaverim.
816 2200 939 2266 Est
1002 2203 1179 2265 enim
1249 2210 1322 2265 ut
1391 2198 1580 2266 video
1637 2202 1901 2268 inflatus
1955 2203 2193 2269 stolida

263 2283 661 2362 confidentia,
737 2305 901 2368 quae
966 2285 1124 2354 facit
1175 2295 1253 2352 ut
1321 2288 1539 2351 omnia
1607 2288 1705 2351 ilii
1776 2296 2188 2356 evanescant.

270 2375 347 2432 15.
393 2373 564 2454 Aug.
620 2376 799 2436 1551.

1162 2458 1443 2523 Ioannes
1486 2458 1802 2525 Calvinus
1845 2469 2014 2526 tuus.

1132 2987 1327 3059 1522.

796 3140 1157 3210 PAOEUS
1203 3141 1633 3210 CALVINO.

412 3311 604 3380 Falsi
655 3314 732 3381 de
788 3312 1050 3381 Calvino
1102 3335 1397 3381 rumores.
1503 3315 1870 3382 Novissima
1922 3318 1999 3382 de
2050 3317 2187 3384 Me-

261 3396 595 3466 lamuhone
636 3400 1006 3466 Marbaohio
1049 3406 1107 3465 et
1156 3401 1483 3467 Osiandro.
1572 3401 1985 3487 Maqdeburyi
2026 3404 2185 3470 obsi-

261 3483 363 3548 dio.
455 3484 798 3552 conantium
850 3486 1288 3552 Tridentimm
1329 3493 1436 3553 etc.

264 3653 351 3716 (Ex
385 3657 717 3736 autographo
755 3658 883 3712 Cod.
923 3657 1127 3712 Gener.
1169 3659 1297 3724 110,
1340 3659 1430 3713 fol.
1468 3658 1552 3724 44,
1590 3660 1849 3714 Lucidam
1885 3670 1941 3714 et
1977 3664 2185 3731 perspi·

260 3737 389 3776 mam
430 3743 529 3778 v1r1
569 3725 891 3780 latinitatem
938 3727 1042 3780 tibi
1078 3727 1185 3781 iam
1224 3729 1491 3797 cognitam
1540 3729 1740 3797 passim
1788 3731 2046 3783 asterisco
2091 3746 2185 3784 no-

785 3795 891 3848 tari
928 3812 1036 3849 nou
1073 3797 1171 3849 abs
1208 3811 1269 3850 re
1306 3797 1480 3850 visum
1516 3801 1636 3858 est.)

410 3965 697 4031 Domino
744 3966 818 4032 D.
880 3968 1111 4032 Ioanni
1157 3968 1436 4034 Calvino
1490 3970 1683 4033 militi
1743 3969 1893 4035 Iesu
1938 3969 2187 4036 Christi

262 4048 384 4114 viro
437 4054 729 4117 omnium
801 4055 1154 4120 fortissimo
1213 4056 1864 4138 constantissimoque
1920 4054 2184 4122 domino

259 4139 645 4223 praeceptori
701 4148 895 4222 atque
968 4141 1175 4206 amico
1246 4162 1363 4206 suo
1439 4149 1706 4207 aeterna
1763 4140 2184 4208 veneratione

259 4220 715 4290 colendissimo.

412 4357 483 4424 S.
541 4360 615 4425 P.
698 4361 875 4427 Mira
926 4363 1245 4444 quaedam
1301 4373 1369 4429 et
1425 4362 1785 4448 singularia
1839 4364 2012 4447 apud
2067 4385 2187 4430 nos

259 4440 350 4509 hic
392 4445 697 4512 feruntur
740 4447 821 4512 116
866 4448 1080 4513 Gallis
1124 4450 1254 4514 tuis
1298 4461 1490 4533 teque
1523 4452 1663 4532 ipso
1706 4448 1866 4515 adeo
1910 4450 2184 4516 Parisiis

260 4548 390 4596 cum
435 4531 841 4600 Serbonistis
896 4542 963 4598 61
1017 4556 1053 4600 6
1100 4535 1407 4619 1666911116
1450 4556 1797 4621 congresso
1841 4556 1916 4602 ac
1959 4534 2182 4620 dispu-

258 4621 421 4683 tante
466 4618 649 4684 iussu
690 4620 881 4704 regis.
911 4624 960 4690 1)
1085 4629 1153 4685 16
1209 4620 1383 4685 enim
1428 4622 1601 4687 fama
1659 4620 2021 4705 divulgavit
2063 4643 2182 4705 96-

538 4796 645 4804 ..-

450 4913 501 4974 2)
546 4910 867 4992 71116099.
907 4912 1051 4968 Tem.
1098 4911 1273 4968 VIII.
1312 4927 1376 4980 p.
1411 4909 1515 4965 257
1560 4925 1667 4981 seq.
1748 4911 1842 4994 Iti
1886 4925 2100 5037 &toque
2131 4917 2184 4968 et

260 4990 507 5102 tendam
536 5047 717 5114 lacere
744 4997 1000 5118 geum.
1424 4979 1500 5035 aa
1946 4997 1999 5036 m

447 5117 505 5176 3)
540 5117 807 5173 Sinum
851 5119 1073 5176 incaute
1117 5119 1209 5174 hic
1257 5115 1583 5174 Gribaldmn
1633 5118 1801 5175 innui
1845 5121 2181 5189 mpioam.

268 5179 1721 5263 &amnemamnqmmmcnauham
1770 5188 2184 5257 Gallaetm‘cse

262 5251 479 5309 m.
542 5255 829 5313 Caeterum
859 5275 976 5314 non
1009 5255 1432 5325 coo-ffundendum
1665 5257 1675 5268 '

265 5332 409 5379 nano
442 5324 827 5381 mmmm.

264 5385 507 5460 15221)
544 5393 626 5460 Of.
663 5394 740 5450 N.
780 5394 928 5451 1489.

1971 474 2127 535 1551
2182 468 2565 541 AUGUST.

4122 481 4253 544 ,166

2296 657 2498 740 blica,
2552 666 2691 725 tam
2753 656 2900 725 falsi
2957 671 3158 725 tenax
3215 680 3408 743 quam
3467 665 3712 729 nuncia
3765 663 3925 729 veri.
4014 663 4256 749 Itaque

2295 743 2772 823 desideramus,
2828 754 2905 809 ut
2946 765 3140 830 quam
3186 749 3500 829 maxime,
3560 756 3712 815 tuas
3755 750 3962 832 ipsius
4020 749 4248 818 literas

2295 831 2429 895 iam
2472 853 2650 899 nunc
2684 851 2940 915 quoque
2975 830 3055 897 116
3098 833 3417 899 omnibus.
3486 832 3681 915 Quod
3725 834 3808 900 ad
3837 855 3960 901 nos
3994 837 4252 919 attinet,

2292 927 2454 1000 puto
2505 925 2570 983 te
2627 918 2897 986 rescisse
2950 916 3273 1000 quomodo
3317 918 3399 983 D.
3445 917 3793 1003 Philippus
3839 919 3870 984 ὃ
3913 921 4079 986 Μελ.
4137 944 4245 989 re·

2295 1003 2558 1068 novarit
2620 1003 3089 1069 confeoeionem
3148 1006 3606 1088 Augustanam
3624 1056 3639 1082 ,
3695 1005 3917 1071 addita
3973 1008 4250 1075 historia

2295 1088 2668 1154 Lutherani
2734 1088 2904 1173 quod
2976 1097 3217 1156 vocant
3284 1091 3530 1175 negotii
3595 1093 3729 1156 fere
3784 1101 3937 1157 tota.
3961 1095 4014 1171 ²)
4116 1094 4246 1160 Oui

2297 1172 2820 1257 subscripserunt
2862 1183 3155 1259 pastores
3209 1174 3445 1241 harum
3501 1177 3844 1260 reg-ionum
3889 1198 4117 1246 omnes
4161 1181 4249 1247 ad

2293 1281 2522 1337 unum,
2566 1261 2863 1344 proxime
2905 1259 3106 1327 Hessi
3161 1262 3359 1326 ctiam
3418 1269 3484 1327 et
3525 1262 4156 1347 Wittenbergenses.
4187 1269 4248 1343 ³)

2294 1345 2385 1410 Et
2453 1367 2632 1413 nunc
2686 1347 2771 1412 D.
2827 1345 3240 1412 Marbachius
3305 1350 3885 1433 Argentoratensis
3954 1365 4019 1415 et
4087 1372 4245 1417 suae

2292 1430 2578 1497 civitatis
2622 1443 2691 1498 et
2732 1431 3009 1497 aliorum
3065 1433 3594 1499 concionatorum
3652 1434 4082 1516 plurimorum
4125 1441 4244 1501 66-

2292 1516 2473 1583 16166
2517 1516 2730 1584 116666
2771 1517 2854 1584 611
2899 1539 3021 1584 666
3049 1519 3269 1598 yenit,
3315 1518 3543 1585 eadem
3580 1529 3743 1602 puto
3786 1520 3867 1586 de
3900 1541 4101 1588 causa
4134 1542 4246 1604 po-

2292 1602 2641 1669 tissimum.
2662 1608 2720 1680 4)
2815 1603 3125 1671 Osiander
3144 1609 3200 1682 ⁵)
3239 1605 3417 1670 solus
3458 1606 3785 1685 clamavit,
3828 1606 3942 1672 ille
3984 1607 4248 1690 quidem

2292 1688 2551 1754 fortiter
2566 1739 2582 1767 ,
2628 1699 2697 1753 et
2738 1690 2998 1773 scripsit
3040 1689 3125 1754 ad
3170 1690 3536 1767 Morlinum,
3581 1713 3651 1757 66
3696 1712 3913 1759 661616
3957 1692 4247 1759 ecclesiis

2293 1774 2494 1840 totius
2537 1775 2842 1858 Europae
2876 1777 3304 1861 probaturum
3348 1776 3520 1859 quod
3555 1777 3736 1843 aliud
3781 1779 3864 1843 sit
3906 1799 4051 1843 esse
4094 1777 4245 1846 doc-

2294 1869 2436 1924 tum
2493 1861 2673 1927 aliud
2730 1861 3057 1928 doctorem
3103 1861 3780 1947 Wittenbergensem:
3846 1864 3960 1947 qui
4016 1863 4244 1930 1611616

2292 1944 2436 2011 1)66
2480 1947 2726 2013 iuravit
2767 1968 2837 2012 66
2871 1969 2910 2011 6
2946 1947 3354 2013 confessione
3389 1948 3785 2032 Augustana
3828 1948 4021 2028 (haec
4064 1951 4244 2016 enim

2292 2045 2450 2097 sunt
2493 2031 2693 2098 verba
2755 2034 2959 2116 ipsius
3003 2033 3292 2118 singula)
3347 2055 3481 2099 non
3527 2033 3995 2114 discessurum,
4039 2055 4243 2118 quum

2292 2119 2508 2184 omnis
2552 2118 2748 2183 homo
2792 2121 2878 2184 sit
2910 2119 3214 2197 mendax,
3258 2139 3381 2185 666
3424 2121 3788 2203 excipiatur
3828 2120 4188 2203 Philippus.
4212 2126 4248 2161 ¹

2292 2200 2429 2268 Sed
2475 2204 2580 2269 his
2632 2205 2792 2287 ipsis
2852 2204 3078 2269 diebus
3144 2217 3213 2269 et
3267 2205 3587 2289 scriptum
3651 2215 3720 2270 et
3783 2207 4250 2273 renunciatum

2292 2297 2392 2354 est
2433 2288 2624 2355 nobis
2667 2288 2870 2373 (quod
2911 2297 3133 2356 tamen
3187 2292 3309 2356 sub
3364 2291 3695 2358 nundinas
3751 2292 4087 2374 proximas
4141 2312 4247 2356 re-

2291 2374 2572 2441 66161666
2615 2377 2861 2442 6611166
2904 2384 2971 2441 61
3011 2374 3098 2442 611
3139 2383 3204 2442 16
3248 2397 3368 2460 961
3423 2376 3732 2443 Iacobum
3774 2377 4041 2443 Acrona
4093 2398 4246 2442 nos-

2292 2469 2472 2524 trum
2547 2462 2976 2528 rescribemus
3048 2462 3338 2545 plenius)
3419 2463 3792 2529 Stancarum
3864 2471 4166 2529 nostrum
4185 2467 4243 2539 ὅ)

2292 2546 2611 2613 restitisse
2655 2547 2906 2613 homini
2949 2547 3019 2612 in
3061 2548 3312 2628 faciem,
3354 2548 3800 2633 plurimosque
3842 2549 4006 2614 alios
4052 2547 4242 2614 vehe-

2291 2632 2717 2712 mentissime,
2761 2634 2856 2698 ita
2890 2642 2965 2698 ut
3003 2633 3267 2698 tandem
3316 2633 3677 2701 aulicorum
3711 2635 3909 2700 etiam
3945 2642 4010 2699 et
4045 2636 4242 2700 totius

2293 2716 2430 2783 fere
2474 2718 2783 2785 ecclesiae
2837 2720 3299 2786 intercessione
3341 2741 3457 2804 pro
3503 2718 3778 2785 Morlino
3822 2728 4051 2785 contra
4100 2719 4243 2786 Osi-

2290 2803 2566 2869 andrum
2609 2803 2926 2871 adductus
2969 2804 3058 2870 sit
3100 2805 3419 2889 princeps,
3466 2815 3796 2888 compater
3837 2806 4045 2888 ipsius
4087 2803 4246 2872 licet

2291 2896 2358 2953 et
2398 2888 2654 2955 debitor
2697 2888 3073 2955 nonnullius
3117 2911 3408 2956 summae
3452 2891 3885 2974 pecuniariae,
3932 2899 4008 2956 ut
4046 2890 4245 2957 silen-

2290 2975 2459 3040 tium
2502 2976 2627 3059 ipsi
2692 2975 3090 3058 imposuerit.
3186 2975 3292 3040 Ita
3344 2975 3656 3040 fortitudo
3716 2978 3915 3042 istaec
3964 2977 4060 3041 in-
4090 2999 4239 3042 ver-

2289 3081 2449 3125 num
2497 3061 2660 3125 exiit
2702 3061 2995 3142 denique.

2463 3146 2577 3211 Ma
2623 3144 3062 3231 deburgenses
3096 3146 3429 3212 obsidione
3467 3158 3856 3231 premuntur
3877 3149 3933 3223 ⁷)
3971 3145 4069 3211 illi
4098 3148 4243 3231 qui-

2290 3229 2457 3310 dem,
2503 3252 2573 3298 se
2651 3232 3151 3299 excursionibus
3184 3240 3405 3299 tamen
3439 3232 3832 3316 quotidianis
3865 3234 4001 3299 fere
4034 3231 4245 3299 multo

2287 3315 2438 3400 plus
2496 3315 2717 3382 damni
2776 3317 3149 3384 intulerunt
3204 3339 3399 3402 quam
3457 3318 3631 3402 passi
3691 3327 3845 3384 sunt
3896 3320 4239 3385 hactenus.

2291 3400 2581 3469 Omnino
2642 3402 3080 3483 amicorum,*
3186 3425 3303 3471 uos
3358 3404 3676 3489 plurimos
3748 3404 3993 3471 habent
4062 3403 4242 3487 apud

2288 3510 2516 3554 omnes
2559 3489 2695 3555 fere
2748 3490 3037 3574 undique
3079 3491 3544 3557 inimicorum*
3591 3491 3966 3555 testimonio
4023 3491 4242 3554 fortis-

2288 3575 2451 3640 sime
2509 3595 2650 3640 sese
2716 3575 3029 3641 hactenus
3101 3588 3465 3660 gesserunt.
3565 3577 3810 3643 Caesar
3887 3587 4105 3652 tamen
4173 3582 4242 3639 et

2285 3660 2637 3745 imperium
2680 3662 3030 3746 castigatos
3073 3661 3575 3745 humiliatusque
3619 3663 3829 3745 19666,
3876 3669 3951 3725 61
3992 3660 4236 3739 ferunt,

2290 3746 2559 3812 omnino
2609 3746 2817 3814 voluit
2880 3747 3209 3831 semelque
3266 3748 3740 3815 concluserunt.
3831 3746 4058 3830 Neque
4101 3746 4240 3811 exi-

2289 3843 2396 3897 tus
2443 3833 2650 3899 bonus
2694 3834 2944 3917 sperari
2981 3841 3192 3917 potest
3227 3834 3419 3910 61166,
3466 3833 3592 3898 6161
3615 3831 3800 3899 Deus
3822 3830 3942 3895 α’πό
3979 3834 4240 3912 μηχανῆς

2292 3918 2498 3982 veluti
2544 3929 2900 3984 succurrat.
2990 3920 3118 3984 His
3161 3920 3322 4003 ipsis
3380 3916 3607 3984 diebus
3660 3918 3984 4002 quendam
4047 3939 4240 3983 suum

2289 4024 2329 4067 a
2371 4005 2639 4070 secretis
2683 4004 3046 4071 Henricum
3093 4005 3382 4084 Bessum,
3427 4003 3593 4068 mihi
3637 4005 3788 4070 olim
3835 4003 4238 4070 Wittenber·

2289 4110 2411 4172 gae
2457 4090 2961 4157 familiarissime
3006 4099 3269 4168 notum,
3324 4088 3657 4155 hominem
3703 4091 3889 4174 pium
3932 4110 4055 4156 nec
4098 4090 4240 4153 ine-

2288 4174 2577 4241 ruditum
2635 4176 3152 4259 prudentemque
3207 4176 3619 4259 cumprimis,
3686 4175 3864 4242 hunc
3896 4182 3932 4217 ¹
3995 4175 4242 4242 habue-

2287 4271 2449 4326 runt
2503 4262 2675 4345 apud
2733 4263 3094 4346 principem
3147 4260 3490 4328 electorem
3549 4270 3843 4328 nostrum
3890 4281 4243 4345 pacemque

2286 4355 2540 4430 petunt,
2586 4355 2666 4412 ut
2707 4368 2900 4432 quam
2946 4345 3264 4425 maxime,
3321 4367 3675 4431 omnesque
3720 4348 3881 4414 adeo
3924 4348 4075 4413 boni
4120 4346 4240 4413 ha-

2288 4454 2434 4498 rum
2459 4433 2820 4518 regionum,
2857 4452 3042 4516 quae,
3085 4433 3144 4497 si
3178 4454 3296 4516 per
3331 4432 3503 4499 hanc
3537 4433 3821 4499 hiemem
3845 4434 4238 4499 duraturum

2285 4520 2376 4585 sit
2416 4518 2661 4584 bellum
2703 4519 2826 4584 hoc
2881 4519 3299 4596 intestinum,
3352 4519 3418 4583 in
3478 4522 3843 4584 maximum
3888 4520 4241 4586 discrimen

2285 4604 2700 4672 adducentur
2742 4625 2984 4670 omnes.
3075 4603 3208 4670 Sed
3266 4606 3391 4671 nisi
3438 4603 3805 4671 durissimis
3848 4605 4238 4671 conditioni-

2285 4691 2407 4758 bus
2471 4712 2606 4775 pax
2685 4712 2723 4755 a
2789 4689 3069 4756 Caesare
3132 4701 3199 4756 et
3215 4690 3562 4774 *Imperio
3640 4692 3972 4775 impetrari
4054 4691 4239 4756 nulla

2493 4917 2553 4980 2)
2592 4914 2671 4969 N.
2708 4911 2863 4980 1506,
2898 4917 3010 4968 not.
3047 4913 3097 4967 6.
3177 4911 3395 4968 Raetus
3428 4918 3539 4968 m:
3588 4914 3864 4984 Repetitio
3901 4913 4052 4967 Oons.
4092 4914 4177 4966 Au
4217 4951 4236 4969 .

2285 5001 2328 5038 6.
2377 4984 2655 5038 Confessio
2716 4981 2997 5036 doctrinae
3042 4983 3415 5036 saxonicarum
3470 4985 3829 5037 ecclesiarum.
3903 4982 4023 5036 Bas.
4081 4930 4233 5036 1553.

2294 5052 2760 5182 Exstat3ssnscbvpal
2765 5091 2778 5104 .
2797 5049 3248 5175 {clxdeVAHI⁴
3258 5049 3533 5175 ΡῘΒΞΞΞΒ.
3594 5050 3857 5117 Schmidt,
3881 5050 4012 5104 Mel.
4035 5066 4088 5120 p.
4114 5048 4238 5105 536.

2490 5190 2553 5254 4)
2590 5188 2645 5244 R
2752 5160 2798 5200 ’·
2895 5189 3021 5244 ΠΙ.
3053 5205 3117 5258 p.
3153 5188 3238 5243 21.

2489 5260 2546 5326 5)
2584 5258 2831 5326 Moeller,
2867 5257 3020 5313 And.
3061 5257 3335 5314 Gesander
3363 5274 3424 5327 p.
3458 5256 3564 5311 478
3595 5272 3667 5311 66.

2490 5327 2551 5392 6)
2589 5326 2749 5397 Salio
2781 5328 2818 5382 l.
2852 5327 2887 5381 l.
2927 5327 3018 5382 II.
3054 5327 3159 5383 947
3194 5344 3266 5383 66.
3303 5325 3408 5381 960
3441 5341 3512 5380 ss.

2492 5396 2547 5460 7)
2584 5395 2784 5451 Banke
2824 5396 2889 5451 V.
2929 5396 3047 5450 146.

3726 5480 3826 5533 11⁴
