4900 6167
259 461 356 521 177

253 642 571 712 monendos
614 641 987 709 censuimus
1030 649 1109 708 ut
1150 642 1390 710 vestris
1432 642 1664 710 saltem
1708 641 2010 728 precibus
2054 661 2167 708 eos

253 729 470 797 iuvetis.
567 728 739 793 Nam
797 737 1096 816 satagere
1154 728 1277 795 hoc
1336 738 1628 813 tempore
1683 728 1856 815 apud
1914 726 2164 808 Gallos,

253 837 373 883 meo
410 813 669 894 iudicio,
714 835 849 880 non
892 812 1175 898 expedit.
1264 814 1558 881 Iudicem
1601 835 1712 881 eos
1754 813 1996 881 babere
2041 814 2167 880 sei-

252 922 378 969 mus
415 921 541 966 non
584 920 865 984 aequum
908 899 1100 966 modo
1144 899 1259 966 sed
1300 902 1672 985 propitium.
1744 899 1957 966 Adest
2004 900 2165 965 Tex-

251 990 395 1064 tor2)
436 997 499 1052 et
541 985 766 1086 sedulo
806 1007 957 1052 eum
1000 988 1227 1053 amieis
1271 986 1538 1053 laborat.
1622 985 1704 1088 §i
1758 1006 1864 1054 res
1907 986 2166 1069 longius

252 1093 583 1257 {am
602 1073 1135 1257 Ἦῑῐᾛῗὲἆᾶῗ
1171 1072 2167 1257 ’Ἑὲἓωεΐᾷῗ’ζὶῗεῑηῖ“ζὲ“ἑιῗὲ

250 1244 476 1322 retuht,
530 1244 735 1310 fulsse
778 1245 848 1308 in
904 1244 1079 1309 bona
1134 1264 1248 1327 spe
1304 1246 1708 1329 propinquae
1764 1244 2167 1310 liberationis

251 1352 417 1414 quum
465 1328 836 1395 discederet.
926 1331 1190 1406 Valete,
1255 1331 1486 1415 optimi
1530 1339 1599 1396 et
1640 1330 1800 1395 mihi
1847 1329 2164 1396 carissimi

250 1417 474 1482 fratres.
561 1417 890 1481 Dominus
933 1415 1118 1482 vobis
1162 1436 1420 1500 semper
1454 1416 1627 1483 adsit
1670 1426 1737 1481 et
1770 1435 1999 1482 omnes
2033 1415 2164 1498 spi-

248 1504 359 1566 ritu
399 1522 515 1567 suo
559 1501 896 1586 gubernet.
968 1500 1472 1586 Lugdunensem
1508 1502 1844 1570 ecclesiam
1867 1505 1920 1578 ³)
1962 1501 2165 1578 vobis,

248 1589 411 1653 sicuti
455 1599 566 1668 est,
612 1585 1131 1655 commendatam
1176 1609 1319 1654 esse
1361 1591 1676 1673 cupimus.
1748 1588 2062 1654 Genevae
2110 1592 2164 1651 5.

249 1672 583 1756 Septembr.
638 1678 820 1738 1551.

1057 1760 1339 1827 Ioannes
1387 1760 1710 1826 Calvinus
1756 1767 1993 1825 vester.

391 1931 488 1996 Mi
519 1930 786 2010 Furcae,
824 1929 984 1997 adeo
1019 1952 1151 1996 non
1184 1942 1337 2016 peto
1372 1953 1554 1998 meae

247 2018 520 2100 pigritiae
562 2018 841 2095 veniam,
887 2029 962 2082 ut
1004 2018 1220 2100 potius
1256 2038 1360 2084 me
1403 2016 1557 2083 data

247 2122 413 2184 opera
473 2125 508 2166 a
563 2101 906 2169 scribendo
965 2104 1357 2182 abstineam,
1424 2124 1551 2187 quo

250 2188 409 2252 citius
443 2188 523 2253 ad
559 2189 952 2272 colloquium
990 2210 1315 2274 properes.
1388 2190 1554 2254 Vale

249 2273 455 2338 iterum
502 2284 692 2358 atque
734 2277 989 2352 iterum.

1084 2787 1270 2857 1529.

596 2942 1101 3009 HALLERUS
1148 2942 1780 3010 BULLINGERO.

400 3113 765 3180 Novissima
806 3116 883 3181 de
926 3116 1163 3197 neyotio
1210 3114 1535 3180 Mauri-sii.

260 3283 343 3344 (Ex
374 3286 707 3357 autographo
759 3285 889 3340 ood.
937 3286 1113 3339 Turio.
1160 3286 1302 3339 Plut.
1341 3285 1437 3339 VI.
1479 3287 1695 3340 Archiv.
1746 3286 1864 3341 Vol.
1908 3285 2031 3353 154,
2075 3288 2166 3340 fol.

335 3351 441 3422 240,
483 3357 608 3408 olim
644 3355 815 3409 Sorin.
852 3357 914 3408 B.
956 3356 1093 3424 Epp.
1131 3355 1282 3409 Tom.
1319 3353 1403 3409 32.
1444 3384 1505 3393 -
1543 3357 1754 3410 Simler.
1794 3357 1912 3411 Vol.
1949 3354 2061 3422 75.)

400 3525 778 3594 Clarissimo
824 3530 964 3592 viro
1008 3526 1094 3590 D.
1133 3527 1517 3612 Heinryoho
1538 3528 1926 3612 Bullingero
1969 3483 2169 3612 'Pigu-

260 3608 410 3676 rinae
452 3612 758 3678 eeclesiae
814 3614 1061 3697 pastori
1115 3613 1493 3679 fidelissimo
1552 3613 1815 3679 domino
1873 3620 1940 3677 et
1994 3634 2168 3679 com-

262 3700 395 3775 patri
439 3699 860 3764 observando.

262 3955 2167 3973 ————-—-—-—-..—.——————-———-——-

399 4006 585 4090 Quod
630 4019 881 4074 motum
928 4009 1110 4074 illum
1137 4009 1479 4076 Gallorum
1518 4021 1891 4074 nostrorum
1937 4010 2172 4074 attinet

262 4103 311 4152 et
346 4112 593 4159 eausam
640 4094 975 4174 Mauri-sii,
1034 4097 1198 4162 scias
1243 4095 1439 4161 velim
1485 4107 1552 4160 et
1595 4095 1780 4160 illum
1826 4104 1893 4160 et
1934 4094 2169 4161 adver-

262 4178 430 4244 sarios
483 4203 636 4246 suos
704 4181 957 4248 nobiles
1015 4181 1248 4248 Gallos
1302 4182 1432 4246 iam
1496 4182 1604 4247 hic
1662 4200 1805 4246 esse
1860 4182 1931 4245 in
1988 4183 2166 4246 urbe.

263 4257 441 4329 Hodie
495 4289 695 4333 causa
751 4269 1044 4351 ipsorum
1089 4288 1306 4333 coram
1347 4278 1579 4333 senatu
1626 4274 1726 4332 est
1768 4276 1931 4346 acta,
1978 4276 2045 4332 et
2087 4266 2169 4332 ad

263 4350 681 4418 consistorium
726 4353 921 4419 simul
965 4362 1034 4418 et
1090 4373 1317 4419 omnes
1360 4354 1696 4420 ministros
1739 4363 1806 4417 et
1848 4357 2172 4437 professo·

265 4449 345 4498 res
397 4441 792 4504 transmissa.
883 4437 1011 4504 Die
1056 4439 1369 4505 Mercurii
1384 4443 1433 4522 ¹)
1509 4438 1831 4506 audietur.
1942 4439 2171 4505 Metuo

266 4519 419 4613 valde
461 4547 540 4589 ne
594 4524 766 4591 inter
823 4545 942 4590 nos
997 4544 1252 4607 quoque
1296 4524 1683 4591 discordiam
1729 4526 1815 4590 sit
1857 4529 2169 4608 paritura,

266 4615 401 4670 scut,
474 4630 667 4676 eausa
734 4610 1031 4676 Zebedaei
1094 4609 1246 4674 olim
1269 4610 1325 4695 ²)
1391 4612 1563 4677 inter
1640 4610 2170 4695 praedecessores

266 4699 497 4759 nostros.
567 4695 700 4760 Vix
748 4696 923 4762 enim
960 4715 1165 4780 papae
1207 4715 1444 4762 nomen
1489 4704 1646 4780 puto
1690 4707 1825 4761 tam
1871 4695 2169 4762 odiosum

268 5027 301 5079 is
327 4967 763 5087 11ΜΞ)ιυιεείίσιηι
810 4986 979 5040 usque
1024 4971 1427 5039 peripateticus.
1502 4969 1716 5038 Anqlus
1752 4986 1904 5024 vero.-
1965 4971 2168 5024 Textor

433 5105 492 5168 3)
530 5107 647 5162 Hoc
684 5115 785 5160 tem
891 5122 920 5162 e
970 5113 1020 5161 et
1064 5108 1239 5174 ipsam
1273 5107 1515 5176 maniter
1550 5113 1817 5161 vexatam.
1902 5107 2034 5161 Vide
2067 5124 2166 5161 nu-

266 5174 693 5295 Ῑῖῗὲιξαάυεῑιί
816 5217 828 5229 .
891 5175 1038 5229 1511.
1092 5175 1225 5229 1518
1271 5184 1319 5230 ee
1369 5191 1507 5246 quae
1555 5175 1620 5228 de
1682 5176 1933 5230 Monerio
1992 5177 2170 5246 Ieyisti

270 5299 412 5361 1529.
436 5312 491 5376 1)
523 5314 568 5366 9.
612 5314 754 5382 Sept.

436 5381 488 5442 2)
530 5382 673 5439 1549.

383 5463 587 5521 Caium
612 5483 798 5538 opera.
880 5468 987 5522 Vol.
1030 5465 1195 5522 XIV.

1887 455 2043 518 1551
2093 449 2546 521 SEP'PE’MB.

4099 461 4224 524 178

2269 641 2731 717 enceladow)
2774 639 3265 725 quamCalvim‘,
3309 649 3386 707 ut
3430 663 3516 709 ex
3558 644 3874 728 proximis
3914 647 4080 714 meis
4119 647 4232 714 fa-

2268 726 2391 793 cile
2448 726 2850 793 intellexisti.
2954 725 3182 793 Rediit
3244 727 3388 793 heri
3444 749 3526 793 ex
3586 729 3885 797 Genera.
3980 732 4219 799 Nescio

2268 813 2424 878 dum
2472 833 2556 878 an
2605 811 2941 879 Calvinum
2992 812 3192 877 fuerit
3243 812 3625 897 alloquutus
3679 837 3802 883 neo
3841 838 3946 883 ne.
3966 822 4023 898 4)
4109 820 4221 886 Ad

2265 897 4004 1054 Qqfflssssssmwmffossssffifflafflfflffl
4026 903 4220 1005 ’‘⁶³¹“

2267 1070 2411 1154 oopi
2461 1004 2991 1148 Novioaumnkss,
3053 1068 3220 1137 aster
3277 1070 3495 1137 affinis
3548 1071 3632 1138 D.
3679 1072 3901 1140 lambi
3923 1009 4004 1141 ἵ
4036 1009 4219 1141 ῗιῖἶ

2263 1157 2507 1239 grandia
2549 1154 2794 1221 domini
2837 1155 3112 1221 Fauonii
3155 1165 3302 1234 etc„
3369 1158 3604 1223 tertius
3646 1179 3847 1241 nepos
3891 1180 3973 1226 ex
4017 1161 4219 1227 fratre

2268 1241 2511 1307 Lazari
2551 1241 2794 1326 Bayfii,
2838 1240 3122 1307 hominis
3162 1241 3608 1308 literatissimi.
3699 1243 3834 1310 Sed
3877 1252 4098 1312 metuo
4135 1268 4220 1312 ne

2268 1327 2499 1393 literae
2543 1327 2675 1393 illis
2712 1327 2865 1393 illae
2907 1325 3054 1409 plus
3098 1328 3236 1392 sint
3279 1327 3454 1411 apud
3497 1328 3738 1396 multos
3780 1330 4224 1397 incommoda-

2268 1420 2460 1478 turae
2517 1433 2710 1496 quam
2767 1413 3169 1497 profuturae.
3257 1412 3737 1482 Laborabimus
3793 1423 4012 1482 tamen
4071 1416 4221 1482 dili-

2269 1507 2504 1583 genter
2545 1505 2863 1583 quautum
2907 1517 3253 1582 possumus
3308 1507 3382 1563 ut
3435 1499 3507 1564 in
3559 1521 3721 1584 pace
3772 1503 4222 1588 transigantur

2270 1586 2492 1650 omnia
2497 1618 3775 1647 ———————————
3810 1586 4069 1654 Bernae
4113 1587 4220 1654 die

2274 1676 2329 1734 7.
2376 1668 2744 1755 Septembr.
2806 1675 2984 1734 1551.

3351 1806 3535 1873 Tuus
3579 1808 3671 1874 Io.
3717 1809 4048 1876 Hallerus.

3156 2316 3343 2386 158⁰.

2727 2471 3227 2539 HUBERTUS
3274 2470 3759 2538 VERMILIO.

2450 2643 2698 2709 Statum
2750 2663 2962 2709 rerum
3016 2643 3119 2708 Ar
3160 2644 3640 2709 emeretensium
3691 2643 3996 2724 describit,
4073 2645 4221 2710 Ver-

2274 2727 2441 2793 milii
2484 2730 2718 2810 scripta
2764 2749 2873 2795 exe
2912 2730 3067 2795 etioa
3147 2729 3346 2795 audat
3385 2734 3441 2794 et
3473 2729 3672 2809 plura
3716 2728 4002 2813 discupit,
4048 2750 4223 2815 neqo-

2273 2814 2607 2880 nationum
2665 2835 2807 2880 cum
2903 2812 3216 2880 amnibus
3268 2815 3345 2880 de
3387 2814 3642 2880 concilio
3697 2815 3983 2882 adeundo
4025 2815 4224 2898 facta-

2272 2920 2417 2964 rum
2451 2900 2812 2966 ”tentionem
2848 2901 3071 2981 inficit,
3108 2899 3576 2981 dissipationem
3609 2900 4006 2966 ecelesiarum
4038 2922 4223 2968 evan-

2268 2985 2613 3069 ydicarum
2645 2988 2714 3050 in
2766 2985 3111 3051 Germania
3154 2986 3340 3064 deflet.

2278 3157 2389 3223 (Ex
2424 3157 2764 3227 autographo
2799 3156 3019 3210 Archiv.
3057 3155 3315 3209 Theman.
3351 3155 3638 3222 Argentor.
3689 3154 3781 3208 ubi
3819 3155 3963 3209 inter
3997 3157 4102 3209 alia
4138 3174 4222 3211 as·

2276 3231 2529 3279 servatur
2564 3227 2813 3279 volumen
2861 3226 2917 3278 iu
2963 3224 3135 3279 forma
3181 3225 3528 3292 quaternaria
3563 3224 3758 3278 minori
3793 3223 3848 3277 in
3887 3224 4033 3293 quod
4065 3231 4226 3282 antor

2276 3295 2628 3363 plurimarum
2665 3311 2882 3348 suarum
2906 3293 3258 3363 epistolarum
3283 3293 3473 3346 retulit
3493 3293 3698 3362 primas
3734 3293 4224 3361 adumbrationem)

2446 3463 2519 3529 S.
2566 3464 2650 3529 D.
2697 3465 2772 3529 Ρ.
2861 3462 3077 3544 Quam
3134 3466 3328 3529 anxie
3370 3484 3492 3549 ego
3535 3475 3682 3529 tuas
3727 3473 4100 3547 exspectem
4143 3465 4223 3530 li-

2273 3557 2447 3616 teras
2465 3602 2479 3629 ,
2548 3557 2929 3633 praeceptor
2970 3550 3576 3626 observandissime,
3636 3550 3812 3615 haud
3855 3549 4043 3615 facile
4086 3571 4224 3616 cre-

2274 3636 2408 3702 das.
2498 3636 2898 3701 Persuasum
2957 3637 3134 3702 em'm
3193 3637 3411 3702 animo
3463 3657 3610 3700 meo
3654 3643 3783 3712 est,
3843 3636 4097 3701 etiamsi
4142 3634 4226 3704 de

2273 3721 2608 3787 functione
2652 3730 2766 3786 tua
2809 3719 3007 3805 digne
3050 3722 3351 3788 obeunda
3394 3731 3704 3805 perpetuo
3749 3719 4067 3786 sollicitus
4111 3722 4223 3801 sis,

2272 3806 2471 3873 horas
2523 3826 2777 3890 quoque
2845 3818 2994 3872 tuas
3050 3807 3558 3890 prudentissime
3614 3806 3930 3872 collocare
3995 3806 4224 3887 soleas,

2272 3904 2492 3958 tamen
2559 3903 2626 3956 te
2697 3913 2826 3958 non
2893 3892 3081 3958 facile
3159 3891 3597 3958 admissurum
3661 3893 3823 3975 quin
3889 3890 3971 3956 ad
4036 3892 4226 3960 binas

2271 4000 2449 4044 meas
2513 3976 2768 4062 pridem
2832 3978 2915 4044 ad
2979 3988 3045 4044 te
3111 3978 3295 4044 datas
3357 3978 3611 4056 literas,
3676 3977 3988 4043 nundinis
4045 3979 4226 4045 hisce

2271 4064 2812 4131 Francfordianis
2856 4066 3343 4147 responsionem
3391 4063 3620 4129 saltem
3669 4062 4081 4143 mediocrem,
4123 4073 4226 4129 at—

2274 4172 2399 4234 que
2460 4150 2620 4215 adeo
2684 4151 3082 4216 occasionem
3143 4149 3403 4232 saepius
3459 4150 3630 4214 inter
3685 4170 3803 4214 nos
3862 4151 4224 4216 communi-

2273 4237 2466 4302 candi
2511 4237 2841 4319 accipiam.

2441 4321 2601 4387 Vidi
2645 4331 2800 4388 ante
2846 4322 3134 4387 triduum
3194 4321 3302 4387 hic
3360 4322 3536 4385 inter
3591 4322 3835 4403 primos
3892 4339 4225 4386 commen-

2274 4410 2442 4472 taria
2498 4418 2616 4472 tua
2669 4408 2736 4472 in
2794 4410 3074 4490 priorem
3130 4406 3212 4472 ad
3258 4406 3670 4482 Corinthios,
3730 4415 3796 4470 et
3840 4425 3958 4487 pro
4002 4426 4224 4472 amore

2274 4503 2339 4559 et
2373 4491 2594 4559 studio
2638 4513 2765 4576 quo
2807 4494 2880 4558 in
2939 4501 3004 4558 te
3046 4514 3193 4558 sum
3238 4501 3605 4576 temperare
3649 4491 3817 4555 mihi
3861 4511 3996 4556 non
4040 4494 4225 4574 potui

2273 4581 2428 4663 quin
2500 4578 2718 4643 statim
2778 4579 2848 4643 in
2920 4577 3230 4644 tabernae
3288 4577 3591 4643 librariae
3647 4578 3923 4660 strepitu
3989 4578 4226 4643 saltem

2272 4665 2615 4748 epistolam
2662 4664 3120 4730 dedicatoriam
3166 4663 3599 4749 perlegerem,
3665 4681 3832 4745 quae
3878 4663 4038 4729 adeo
4081 4663 4223 4745 pla-

2271 4753 2407 4818 cuit
2471 4761 2546 4816 ut
2611 4751 2773 4815 mihi
2845 4750 3085 4815 librum
3158 4752 3376 4832 ipsum
3443 4749 3618 4814 illico
3684 4749 4219 4831 comparaverim,

2271 4858 2467 4920 quem
2511 4837 2706 4902 etiam
2755 4836 3104 4924 diligenter
3153 4835 3286 4901 Deo
3345 4834 3542 4899 dante
3600 4835 3720 4900 hac
3777 4834 4012 4918 hyeme
4070 4852 4220 4914 per-

2472 5107 2533 5231 83
2575 5108 2772 5162 Odium
2835 5109 2988 5164 istud
3045 5108 3213 5176 paulo
3273 5115 3399 5175 poet
3465 5109 3525 5160 in
3583 5112 3900 5176 perpetuum
3953 5105 4220 5173 sepau-mu

2264 5179 2392 5245 fuit.
2535 5177 2636 5232 biit
2685 5178 2827 5232 enim
2877 5177 3276 5234 Kilehmeierus
3353 5194 3426 5229 m.
3491 5175 3653 5231 Febr.
3727 5171 3880 5226 1552.
3972 5174 4220 5238 (Homn-

2264 5263 2362 5316 ⁹⁶r
2398 5245 2664 5380 HQKIGJ}
2683 5246 3108 5371 Iululicguae'alidem
3141 5316 3514 5370 ministrorum
3549 5307 3827 5368 salutavit.
3892 5309 4028 5365 Vide
4060 5312 4226 5380 insta

2272 5384 2558 5439 calvinum
2594 5384 2671 5438 aa
2704 5384 2845 5440 Idus
2883 5335 3152 5442 gembres.

3740 5464 3809 5518 12
