<?xml version="1.0" encoding="UTF-8"?>
<!DOCTYPE html PUBLIC "-//W3C//DTD XHTML 1.0 Transitional//EN"
    "http://www.w3.org/TR/xhtml1/DTD/xhtml1-transitional.dtd">
<html xmlns="http://www.w3.org/1999/xhtml" xml:lang="en" lang="en">
 <head>
  <title>
</title>
<meta http-equiv="Content-Type" content="text/html;charset=utf-8" />
  <meta name='ocr-system' content='tesseract 3.04.00' />
  <meta name='ocr-capabilities' content='ocr_page ocr_carea ocr_par ocr_line ocrx_word'/>
</head>
<body>
  <div class='ocr_page' id='page_1' title='image "./ioanniscalvinio03unkngoog_0141.png"; bbox 0 0 4900 6167; ppageno 0'>
   <div class='ocr_carea' id='block_1_1' title="bbox 73 2035 86 2994">
    <p class='ocr_par' dir='ltr' id='par_1_1' title="bbox 73 2035 86 2994">
     <span class='ocr_line' id='line_1_1' title="bbox 73 2035 86 2994; baseline 0 0"><span class='ocrx_word' id='word_1_1' title='bbox 73 2035 86 2994; x_wconf 95' lang='lat' dir='ltr'><strong> </strong></span> 
     </span>
    </p>
   </div>
   <div class='ocr_carea' id='block_1_2' title="bbox 240 421 335 485">
    <p class='ocr_par' dir='ltr' id='par_1_2' title="bbox 240 421 335 485">
     <span class='ocr_line' id='line_1_2' title="bbox 240 421 335 485; baseline -0.042 1"><span class='ocrx_word' id='word_1_2' title='bbox 240 421 335 485; x_wconf 77' lang='lat'><strong>25⁷</strong></span> 
     </span>
    </p>
   </div>
   <div class='ocr_carea' id='block_1_3' title="bbox 208 605 2154 4197">
    <p class='ocr_par' dir='ltr' id='par_1_3' title="bbox 234 605 2145 2139">
     <span class='ocr_line' id='line_1_3' title="bbox 237 605 2130 674; baseline -0.004 0"><span class='ocrx_word' id='word_1_3' title='bbox 237 606 537 674; x_wconf 59' lang='lat' dir='ltr'><strong>“enimet</strong></span> <span class='ocrx_word' id='word_1_4' title='bbox 626 605 797 671; x_wconf 79' lang='lat' dir='ltr'><strong>Nam</strong></span> <span class='ocrx_word' id='word_1_5' title='bbox 839 611 1017 671; x_wconf 85' lang='lat' dir='ltr'><strong>certe</strong></span> <span class='ocrx_word' id='word_1_6' title='bbox 1056 625 1317 670; x_wconf 89' lang='lat' dir='ltr'><strong>summa</strong></span> <span class='ocrx_word' id='word_1_7' title='bbox 1358 653 2130 671; x_wconf 89' lang='grc'><strong>.............</strong></span> 
     </span>
     <span class='ocr_line' id='line_1_4' title="bbox 238 691 2129 769; baseline -0.003 -12"><span class='ocrx_word' id='word_1_8' title='bbox 238 715 324 759; x_wconf 76' lang='lat' dir='ltr'><strong>me</strong></span> <span class='ocrx_word' id='word_1_9' title='bbox 367 691 720 769; x_wconf 77' lang='lat' dir='ltr'><strong>excruciat,</strong></span> <span class='ocrx_word' id='word_1_10' title='bbox 779 701 849 755; x_wconf 88' lang='lat' dir='ltr'><strong>et</strong></span> <span class='ocrx_word' id='word_1_11' title='bbox 903 692 1179 756; x_wconf 80' lang='lat' dir='ltr'><strong>maiores</strong></span> <span class='ocrx_word' id='word_1_12' title='bbox 1245 736 2129 756; x_wconf 91' lang='grc'><strong>...............</strong></span> 
     </span>
     <span class='ocr_line' id='line_1_5' title="bbox 237 776 2130 861; baseline -0.003 -18"><span class='ocrx_word' id='word_1_13' title='bbox 237 778 347 843; x_wconf 81' lang='lat' dir='ltr'><strong>Nec</strong></span> <span class='ocrx_word' id='word_1_14' title='bbox 396 777 568 842; x_wconf 87' lang='lat' dir='ltr'><strong>enim</strong></span> <span class='ocrx_word' id='word_1_15' title='bbox 612 795 730 860; x_wconf 89' lang='lat' dir='ltr'><strong>per</strong></span> <span class='ocrx_word' id='word_1_16' title='bbox 784 776 1182 861; x_wconf 85' lang='lat' dir='ltr'><strong>imperitiam</strong></span> <span class='ocrx_word' id='word_1_17' title='bbox 1225 787 1340 842; x_wconf 86' lang='lat' dir='ltr'><strong>aut</strong></span> <span class='ocrx_word' id='word_1_18' title='bbox 1380 821 2130 841; x_wconf 91' lang='grc'><strong>.............</strong></span> 
     </span>
     <span class='ocr_line' id='line_1_6' title="bbox 237 860 2131 931; baseline -0.004 0"><span class='ocrx_word' id='word_1_19' title='bbox 237 873 385 931; x_wconf 81' lang='lat' dir='ltr'><strong>certo</strong></span> <span class='ocrx_word' id='word_1_20' title='bbox 434 871 502 927; x_wconf 90' lang='lat' dir='ltr'><strong>et</strong></span> <span class='ocrx_word' id='word_1_21' title='bbox 555 860 881 927; x_wconf 78' lang='lat' dir='ltr'><strong>obstinato</strong></span> <span class='ocrx_word' id='word_1_22' title='bbox 938 882 1273 927; x_wconf 84' lang='lat' dir='ltr'><strong>servorum</strong></span> <span class='ocrx_word' id='word_1_23' title='bbox 1316 862 1443 926; x_wconf 92' lang='lat' dir='ltr'><strong>Dei</strong></span> <span class='ocrx_word' id='word_1_24' title='bbox 1489 908 2131 925; x_wconf 91' lang='grc'><strong>...........</strong></span> 
     </span>
     <span class='ocr_line' id='line_1_7' title="bbox 234 945 2136 1032; baseline -0.002 -18"><span class='ocrx_word' id='word_1_25' title='bbox 234 950 435 1032; x_wconf 83' lang='lat' dir='ltr'><strong>Itaque</strong></span> <span class='ocrx_word' id='word_1_26' title='bbox 474 946 632 1032; x_wconf 88' lang='lat' dir='ltr'><strong>quid</strong></span> <span class='ocrx_word' id='word_1_27' title='bbox 672 946 853 1013; x_wconf 85' lang='lat' dir='ltr'><strong>aliud</strong></span> <span class='ocrx_word' id='word_1_28' title='bbox 894 947 1083 1012; x_wconf 86' lang='lat' dir='ltr'><strong>nobis</strong></span> <span class='ocrx_word' id='word_1_29' title='bbox 1114 945 1621 1029; x_wconf 78' lang='lat' dir='ltr'><strong>exspectandum</strong></span> <span class='ocrx_word' id='word_1_30' title='bbox 1656 966 1852 1029; x_wconf 84' lang='lat' dir='ltr'><strong>quam</strong></span> <span class='ocrx_word' id='word_1_31' title='bbox 1894 945 2136 1010; x_wconf 83' lang='lat' dir='ltr'><strong>vindex</strong></span> 
     </span>
     <span class='ocr_line' id='line_1_8' title="bbox 236 1030 2136 1133; baseline -0.002 -33"><span class='ocrx_word' id='word_1_32' title='bbox 236 1036 342 1100; x_wconf 76' lang='lat' dir='ltr'><strong>Dei</strong></span> <span class='ocrx_word' id='word_1_33' title='bbox 390 1032 670 1133; x_wconf 77' lang='lat' dir='ltr'><strong>manus?</strong></span> <span class='ocrx_word' id='word_1_34' title='bbox 755 1031 943 1114; x_wconf 76' lang='lat' dir='ltr'><strong>Quae</strong></span> <span class='ocrx_word' id='word_1_35' title='bbox 995 1033 1249 1131; x_wconf 76' lang='lat' dir='ltr'><strong>utinam</strong></span> <span class='ocrx_word' id='word_1_36' title='bbox 1304 1031 1569 1131; x_wconf 78' lang='lat' dir='ltr'><strong>quidem</strong></span> <span class='ocrx_word' id='word_1_37' title='bbox 1626 1052 1745 1130; x_wconf 76' lang='lat' dir='ltr'><strong>nos</strong></span> <span class='ocrx_word' id='word_1_38' title='bbox 1799 1051 1949 1097; x_wconf 90' lang='lat' dir='ltr'><strong>cum</strong></span> <span class='ocrx_word' id='word_1_39' title='bbox 1980 1030 2136 1130; x_wconf 32' lang='lat' dir='ltr'><strong>‘il-lis</strong></span> 
     </span>
     <span class='ocr_line' id='line_1_9' title="bbox 234 1115 2139 1301; baseline -0.003 -30"><span class='ocrx_word' id='word_1_40' title='bbox 234 1140 363 1271; x_wconf 53' lang='lat' dir='ltr'><strong>ffit</strong></span> <span class='ocrx_word' id='word_1_41' title='bbox 391 1116 1520 1301; x_wconf 46' lang='lat' dir='ltr'><strong>ffihrgz&#39;iiorelngellioeqttlilicgsss</strong></span> <span class='ocrx_word' id='word_1_42' title='bbox 1532 1115 2139 1301; x_wconf 47' lang='lat' dir='ltr'><strong>uggelelgelti&#39;tusnltknssa?</strong></span> 
     </span>
     <span class='ocr_line' id='line_1_10' title="bbox 234 1286 2139 1372; baseline -0.002 -18"><span class='ocrx_word' id='word_1_43' title='bbox 234 1303 377 1364; x_wconf 78' lang='lat' dir='ltr'><strong>neat,</strong></span> <span class='ocrx_word' id='word_1_44' title='bbox 430 1290 791 1354; x_wconf 91' lang='lat' dir='ltr'><strong>Dominum</strong></span> <span class='ocrx_word' id='word_1_45' title='bbox 826 1308 1057 1372; x_wconf 79' lang='lat' dir='ltr'><strong>rogare</strong></span> <span class='ocrx_word' id='word_1_46' title='bbox 1110 1309 1242 1352; x_wconf 91' lang='lat' dir='ltr'><strong>non</strong></span> <span class='ocrx_word' id='word_1_47' title='bbox 1290 1286 1514 1353; x_wconf 77' lang='lat' dir='ltr'><strong>deamo</strong></span> <span class='ocrx_word' id='word_1_48' title='bbox 1564 1299 1639 1352; x_wconf 91' lang='lat' dir='ltr'><strong>ut</strong></span> <span class='ocrx_word' id='word_1_49' title='bbox 1676 1299 1762 1362; x_wconf 89' lang='lat' dir='ltr'><strong>te,</strong></span> <span class='ocrx_word' id='word_1_50' title='bbox 1807 1297 2139 1369; x_wconf 85' lang='lat' dir='ltr'><strong>m1.pater,</strong></span> 
     </span>
     <span class='ocr_line' id='line_1_11' title="bbox 268 1372 2141 1459; baseline -0.002 -20"><span class='ocrx_word' id='word_1_51' title='bbox 268 1377 323 1439; x_wconf 88' lang='lat' dir='ltr'><strong>ui</strong></span> <span class='ocrx_word' id='word_1_52' title='bbox 360 1376 423 1438; x_wconf 89' lang='lat' dir='ltr'><strong>in</strong></span> <span class='ocrx_word' id='word_1_53' title='bbox 468 1375 573 1439; x_wconf 85' lang='lat' dir='ltr'><strong>his</strong></span> <span class='ocrx_word' id='word_1_54' title='bbox 617 1373 992 1459; x_wconf 80' lang='lat' dir='ltr'><strong>regionibus</strong></span> <span class='ocrx_word' id='word_1_55' title='bbox 1033 1374 1216 1456; x_wconf 88' lang='lat' dir='ltr'><strong>qnasi</strong></span> <span class='ocrx_word' id='word_1_56' title='bbox 1258 1372 1342 1439; x_wconf 88' lang='lat' dir='ltr'><strong>ad</strong></span> <span class='ocrx_word' id='word_1_57' title='bbox 1385 1373 1691 1438; x_wconf 85' lang='lat' dir='ltr'><strong>ecclesiae</strong></span> <span class='ocrx_word' id='word_1_58' title='bbox 1741 1372 1997 1437; x_wconf 82' lang='lat' dir='ltr'><strong>clavum</strong></span> <span class='ocrx_word' id='word_1_59' title='bbox 2041 1392 2141 1436; x_wconf 91' lang='grc'><strong>00-</strong></span> 
     </span>
     <span class='ocr_line' id='line_1_12' title="bbox 269 1457 2143 1542; baseline -0.001 -17"><span class='ocrx_word' id='word_1_60' title='bbox 269 1480 344 1536; x_wconf 85' lang='grc'><strong>00,</strong></span> <span class='ocrx_word' id='word_1_61' title='bbox 385 1459 613 1526; x_wconf 88' lang='lat' dir='ltr'><strong>docere</strong></span> <span class='ocrx_word' id='word_1_62' title='bbox 656 1471 725 1524; x_wconf 91' lang='lat' dir='ltr'><strong>et</strong></span> <span class='ocrx_word' id='word_1_63' title='bbox 767 1461 1149 1524; x_wconf 80' lang='lat' dir='ltr'><strong>confirmare</strong></span> <span class='ocrx_word' id='word_1_64' title='bbox 1194 1469 1422 1542; x_wconf 79' lang='lat' dir='ltr'><strong>pergat</strong></span> <span class='ocrx_word' id='word_1_65' title='bbox 1438 1509 1453 1536; x_wconf 88' lang='lat'><em>,</em></span> <span class='ocrx_word' id='word_1_66' title='bbox 1508 1479 1592 1524; x_wconf 91' lang='lat' dir='ltr'><strong>ne</strong></span> <span class='ocrx_word' id='word_1_67' title='bbox 1639 1467 1707 1523; x_wconf 85' lang='lat' dir='ltr'><strong>te</strong></span> <span class='ocrx_word' id='word_1_68' title='bbox 1749 1457 1935 1524; x_wconf 91' lang='lat' dir='ltr'><strong>nobis</strong></span> <span class='ocrx_word' id='word_1_69' title='bbox 1976 1458 2143 1524; x_wconf 85' lang='lat' dir='ltr'><strong>istae</strong></span> 
     </span>
     <span class='ocr_line' id='line_1_13' title="bbox 236 1543 2145 1627; baseline -0.002 -17"><span class='ocrx_word' id='word_1_70' title='bbox 236 1553 627 1627; x_wconf 72' lang='lat' dir='ltr'><strong>tmpestates</strong></span> <span class='ocrx_word' id='word_1_71' title='bbox 670 1543 987 1610; x_wconf 82' lang='lat' dir='ltr'><strong>auferant.</strong></span> <span class='ocrx_word' id='word_1_72' title='bbox 1076 1545 1223 1609; x_wconf 90' lang='lat' dir='ltr'><strong>Non</strong></span> <span class='ocrx_word' id='word_1_73' title='bbox 1267 1554 1368 1609; x_wconf 86' lang='lat' dir='ltr'><strong>est</strong></span> <span class='ocrx_word' id='word_1_74' title='bbox 1409 1544 1668 1627; x_wconf 90' lang='lat' dir='ltr'><strong>quidem</strong></span> <span class='ocrx_word' id='word_1_75' title='bbox 1712 1545 1785 1608; x_wconf 90' lang='lat' dir='ltr'><strong>in</strong></span> <span class='ocrx_word' id='word_1_76' title='bbox 1828 1553 1894 1607; x_wconf 90' lang='lat' dir='ltr'><strong>te</strong></span> <span class='ocrx_word' id='word_1_77' title='bbox 1935 1543 2145 1627; x_wconf 88' lang='lat' dir='ltr'><strong>posita</strong></span> 
     </span>
     <span class='ocr_line' id='line_1_14' title="bbox 235 1628 2143 1713; baseline -0.003 -15"><span class='ocrx_word' id='word_1_78' title='bbox 235 1630 516 1698; x_wconf 85' lang='lat' dir='ltr'><strong>ecclesiae</strong></span> <span class='ocrx_word' id='word_1_79' title='bbox 558 1629 766 1708; x_wconf 87' lang='lat' dir='ltr'><strong>salus,</strong></span> <span class='ocrx_word' id='word_1_80' title='bbox 825 1650 990 1713; x_wconf 86' lang='lat' dir='ltr'><strong>quae</strong></span> <span class='ocrx_word' id='word_1_81' title='bbox 1049 1629 1278 1694; x_wconf 89' lang='lat' dir='ltr'><strong>ducem</strong></span> <span class='ocrx_word' id='word_1_82' title='bbox 1335 1639 1402 1693; x_wconf 88' lang='lat' dir='ltr'><strong>et</strong></span> <span class='ocrx_word' id='word_1_83' title='bbox 1452 1637 1650 1712; x_wconf 86' lang='lat' dir='ltr'><strong>caput</strong></span> <span class='ocrx_word' id='word_1_84' title='bbox 1699 1628 1897 1695; x_wconf 85' lang='lat' dir='ltr'><strong>habet</strong></span> <span class='ocrx_word' id='word_1_85' title='bbox 1935 1628 2143 1693; x_wconf 84' lang='lat' dir='ltr'><strong>filium</strong></span> 
     </span>
     <span class='ocr_line' id='line_1_15' title="bbox 236 1713 2144 1798; baseline -0.002 -16"><span class='ocrx_word' id='word_1_86' title='bbox 236 1715 341 1782; x_wconf 88' lang='lat' dir='ltr'><strong>Dei</strong></span> <span class='ocrx_word' id='word_1_87' title='bbox 399 1717 600 1782; x_wconf 88' lang='lat' dir='ltr'><strong>totius</strong></span> <span class='ocrx_word' id='word_1_88' title='bbox 652 1735 884 1781; x_wconf 86' lang='lat' dir='ltr'><strong>cursus</strong></span> <span class='ocrx_word' id='word_1_89' title='bbox 928 1715 1395 1780; x_wconf 77' lang='lat' dir='ltr'><strong>moderatorem</strong></span> <span class='ocrx_word' id='word_1_90' title='bbox 1417 1765 1432 1788; x_wconf 87' lang='lat'>,</span> <span class='ocrx_word' id='word_1_91' title='bbox 1486 1714 1601 1780; x_wconf 88' lang='lat' dir='ltr'><strong>sed</strong></span> <span class='ocrx_word' id='word_1_92' title='bbox 1655 1721 1969 1798; x_wconf 89' lang='lat' dir='ltr'><strong>quantum</strong></span> <span class='ocrx_word' id='word_1_93' title='bbox 2026 1713 2144 1778; x_wconf 90' lang='lat' dir='ltr'><strong>hu-</strong></span> 
     </span>
     <span class='ocr_line' id='line_1_16' title="bbox 236 1800 2143 1884; baseline -0.002 -17"><span class='ocrx_word' id='word_1_94' title='bbox 236 1822 401 1867; x_wconf 83' lang='lat' dir='ltr'><strong>mana</strong></span> <span class='ocrx_word' id='word_1_95' title='bbox 438 1802 752 1884; x_wconf 89' lang='lat' dir='ltr'><strong>consequi</strong></span> <span class='ocrx_word' id='word_1_96' title='bbox 792 1802 1161 1867; x_wconf 80' lang='lat' dir='ltr'><strong>coniectura</strong></span> <span class='ocrx_word' id='word_1_97' title='bbox 1201 1810 1413 1883; x_wconf 88' lang='lat' dir='ltr'><strong>potest</strong></span> <span class='ocrx_word' id='word_1_98' title='bbox 1443 1821 1563 1884; x_wconf 90' lang='lat' dir='ltr'><strong>pro</strong></span> <span class='ocrx_word' id='word_1_99' title='bbox 1602 1811 1715 1864; x_wconf 87' lang='lat' dir='ltr'><strong>tua</strong></span> <span class='ocrx_word' id='word_1_100' title='bbox 1756 1800 1968 1866; x_wconf 86' lang='lat' dir='ltr'><strong>salute</strong></span> <span class='ocrx_word' id='word_1_101' title='bbox 2010 1820 2143 1864; x_wconf 91' lang='lat' dir='ltr'><strong>non</strong></span> 
     </span>
     <span class='ocr_line' id='line_1_17' title="bbox 235 1885 2144 1971; baseline -0.003 -18"><span class='ocrx_word' id='word_1_102' title='bbox 235 1890 448 1953; x_wconf 66' lang='lat' dir='ltr'><strong>flustra</strong></span> <span class='ocrx_word' id='word_1_103' title='bbox 488 1908 667 1971; x_wconf 77' lang='lat' dir='ltr'><strong>rogo,</strong></span> <span class='ocrx_word' id='word_1_104' title='bbox 706 1897 775 1952; x_wconf 89' lang='lat' dir='ltr'><strong>et</strong></span> <span class='ocrx_word' id='word_1_105' title='bbox 816 1897 889 1951; x_wconf 91' lang='lat' dir='ltr'><strong>tu</strong></span> <span class='ocrx_word' id='word_1_106' title='bbox 930 1907 1213 1969; x_wconf 88' lang='lat' dir='ltr'><strong>quoque,</strong></span> <span class='ocrx_word' id='word_1_107' title='bbox 1257 1887 1349 1949; x_wconf 90' lang='lat' dir='ltr'><strong>mi</strong></span> <span class='ocrx_word' id='word_1_108' title='bbox 1392 1894 1603 1967; x_wconf 89' lang='lat' dir='ltr'><strong>pater,</strong></span> <span class='ocrx_word' id='word_1_109' title='bbox 1651 1906 1767 1968; x_wconf 92' lang='lat' dir='ltr'><strong>pro</strong></span> <span class='ocrx_word' id='word_1_110' title='bbox 1810 1896 1926 1950; x_wconf 88' lang='lat' dir='ltr'><strong>tua</strong></span> <span class='ocrx_word' id='word_1_111' title='bbox 1966 1885 2144 1949; x_wconf 88' lang='lat' dir='ltr'><strong>inco·</strong></span> 
     </span>
     <span class='ocr_line' id='line_1_18' title="bbox 236 1970 2144 2048; baseline -0.002 -11"><span class='ocrx_word' id='word_1_112' title='bbox 236 1973 520 2048; x_wconf 80' lang='lat' dir='ltr'><strong>lumitate,</strong></span> <span class='ocrx_word' id='word_1_113' title='bbox 556 1974 679 2037; x_wconf 81' lang='lat' dir='ltr'><strong>etsi</strong></span> <span class='ocrx_word' id='word_1_114' title='bbox 715 1993 847 2037; x_wconf 91' lang='lat' dir='ltr'><strong>non</strong></span> <span class='ocrx_word' id='word_1_115' title='bbox 882 1983 995 2036; x_wconf 87' lang='lat' dir='ltr'><strong>tua</strong></span> <span class='ocrx_word' id='word_1_116' title='bbox 1029 1992 1245 2048; x_wconf 86' lang='lat' dir='ltr'><strong>causa,</strong></span> <span class='ocrx_word' id='word_1_117' title='bbox 1282 1982 1501 2036; x_wconf 86' lang='lat' dir='ltr'><strong>tamen</strong></span> <span class='ocrx_word' id='word_1_118' title='bbox 1535 1970 1841 2037; x_wconf 88' lang='lat' dir='ltr'><strong>ecclesiae</strong></span> <span class='ocrx_word' id='word_1_119' title='bbox 1863 1972 2144 2047; x_wconf 90' lang='lat' dir='ltr'><strong>nomine,</strong></span> 
     </span>
     <span class='ocr_line' id='line_1_19' title="bbox 237 2057 1288 2139; baseline -0.003 -15"><span class='ocrx_word' id='word_1_120' title='bbox 237 2058 569 2124; x_wconf 89' lang='lat' dir='ltr'><strong>Dominum</strong></span> <span class='ocrx_word' id='word_1_121' title='bbox 614 2057 1032 2139; x_wconf 86' lang='lat' dir='ltr'><strong>interpellare</strong></span> <span class='ocrx_word' id='word_1_122' title='bbox 1075 2057 1288 2122; x_wconf 85' lang='lat' dir='ltr'><strong>debes.</strong></span> 
     </span>
    </p>

    <p class='ocr_par' dir='ltr' id='par_1_4' title="bbox 208 2141 2151 3428">
     <span class='ocr_line' id='line_1_20' title="bbox 380 2141 2145 2226; baseline -0.003 -17"><span class='ocrx_word' id='word_1_123' title='bbox 380 2144 482 2209; x_wconf 92' lang='lat' dir='ltr'><strong>De</strong></span> <span class='ocrx_word' id='word_1_124' title='bbox 525 2145 849 2209; x_wconf 89' lang='lat' dir='ltr'><strong>Bernensi</strong></span> <span class='ocrx_word' id='word_1_125' title='bbox 894 2145 1286 2226; x_wconf 85' lang='lat' dir='ltr'><strong>profectione</strong></span> <span class='ocrx_word' id='word_1_126' title='bbox 1304 2146 1356 2218; x_wconf 81' lang='lat'><strong>⁸)</strong></span> <span class='ocrx_word' id='word_1_127' title='bbox 1399 2143 1698 2225; x_wconf 78' lang='lat' dir='ltr'>exposuit</span> <span class='ocrx_word' id='word_1_128' title='bbox 1740 2141 1859 2207; x_wconf 89' lang='lat' dir='ltr'><strong>tibi</strong></span> <span class='ocrx_word' id='word_1_129' title='bbox 1876 2191 1892 2218; x_wconf 91' lang='lat'>‚</span> <span class='ocrx_word' id='word_1_130' title='bbox 1936 2161 2145 2223; x_wconf 89' lang='lat' dir='ltr'><strong>spero,</strong></span> 
     </span>
     <span class='ocr_line' id='line_1_21' title="bbox 240 2226 2145 2312; baseline -0.003 -18"><span class='ocrx_word' id='word_1_131' title='bbox 240 2228 694 2312; x_wconf 61' lang='lat' dir='ltr'><strong>christophorum</strong></span> <span class='ocrx_word' id='word_1_132' title='bbox 737 2239 960 2294; x_wconf 90' lang='lat' dir='ltr'><strong>noster</strong></span> <span class='ocrx_word' id='word_1_133' title='bbox 999 2227 1153 2311; x_wconf 91' lang='lat' dir='ltr'><strong>quid</strong></span> <span class='ocrx_word' id='word_1_134' title='bbox 1196 2229 1382 2294; x_wconf 88' lang='lat' dir='ltr'><strong>nobis</strong></span> <span class='ocrx_word' id='word_1_135' title='bbox 1424 2227 1745 2295; x_wconf 72' lang='lat' dir='ltr'><strong>videatur.</strong></span> <span class='ocrx_word' id='word_1_136' title='bbox 1832 2226 1981 2292; x_wconf 89' lang='lat' dir='ltr'><strong>Non</strong></span> <span class='ocrx_word' id='word_1_137' title='bbox 2025 2226 2145 2290; x_wconf 92' lang='lat' dir='ltr'><strong>du·</strong></span> 
     </span>
     <span class='ocr_line' id='line_1_22' title="bbox 238 2310 2146 2397; baseline -0.001 -20"><span class='ocrx_word' id='word_1_138' title='bbox 238 2312 350 2378; x_wconf 83' lang='lat' dir='ltr'><strong>bito</strong></span> <span class='ocrx_word' id='word_1_139' title='bbox 387 2317 545 2397; x_wconf 91' lang='lat' dir='ltr'><strong>quin</strong></span> <span class='ocrx_word' id='word_1_140' title='bbox 589 2318 678 2379; x_wconf 88' lang='lat' dir='ltr'><strong>sit</strong></span> <span class='ocrx_word' id='word_1_141' title='bbox 733 2316 1130 2390; x_wconf 86' lang='lat' dir='ltr'><strong>necessaria,</strong></span> <span class='ocrx_word' id='word_1_142' title='bbox 1186 2313 1301 2379; x_wconf 90' lang='lat' dir='ltr'><strong>sed</strong></span> <span class='ocrx_word' id='word_1_143' title='bbox 1344 2313 1612 2378; x_wconf 79' lang='lat' dir='ltr'><strong>meliora</strong></span> <span class='ocrx_word' id='word_1_144' title='bbox 1654 2332 1841 2395; x_wconf 87' lang='lat' dir='ltr'><strong>spero</strong></span> <span class='ocrx_word' id='word_1_145' title='bbox 1857 2363 1872 2388; x_wconf 89' lang='lat'>‚</span> <span class='ocrx_word' id='word_1_146' title='bbox 1938 2313 1996 2376; x_wconf 89' lang='lat' dir='ltr'><strong>si</strong></span> <span class='ocrx_word' id='word_1_147' title='bbox 2035 2310 2146 2377; x_wconf 77' lang='lat' dir='ltr'><strong>vel</strong></span> 
     </span>
     <span class='ocr_line' id='line_1_23' title="bbox 208 2398 2144 2483; baseline -0.002 -18"><span class='ocrx_word' id='word_1_148' title='bbox 208 2400 415 2465; x_wconf 61' lang='lat' dir='ltr'><strong>*bonus</strong></span> <span class='ocrx_word' id='word_1_149' title='bbox 460 2402 563 2465; x_wconf 82' lang='lat' dir='ltr'><strong>vir</strong></span> <span class='ocrx_word' id='word_1_150' title='bbox 603 2400 843 2483; x_wconf 85' lang='lat' dir='ltr'><strong>aliquis</strong></span> <span class='ocrx_word' id='word_1_151' title='bbox 883 2409 951 2465; x_wconf 90' lang='lat' dir='ltr'><strong>et</strong></span> <span class='ocrx_word' id='word_1_152' title='bbox 992 2398 1142 2464; x_wconf 88' lang='lat' dir='ltr'><strong>fidei</strong></span> <span class='ocrx_word' id='word_1_153' title='bbox 1185 2420 1320 2464; x_wconf 92' lang='lat' dir='ltr'><strong>non</strong></span> <span class='ocrx_word' id='word_1_154' title='bbox 1352 2407 1692 2483; x_wconf 87' lang='lat' dir='ltr'><strong>suspectae</strong></span> <span class='ocrx_word' id='word_1_155' title='bbox 1734 2399 2144 2464; x_wconf 89' lang='lat' dir='ltr'><strong>autoritatem</strong></span> 
     </span>
     <span class='ocr_line' id='line_1_24' title="bbox 241 2483 2144 2568; baseline -0.003 -16"><span class='ocrx_word' id='word_1_156' title='bbox 241 2507 403 2552; x_wconf 82' lang='lat' dir='ltr'><strong>suam</strong></span> <span class='ocrx_word' id='word_1_157' title='bbox 470 2486 941 2568; x_wconf 70' lang='lat' dir='ltr'><strong>interposuerit</strong></span> <span class='ocrx_word' id='word_1_158' title='bbox 994 2486 1232 2568; x_wconf 86' lang='lat' dir='ltr'><strong>(qualis</strong></span> <span class='ocrx_word' id='word_1_159' title='bbox 1288 2493 1390 2549; x_wconf 90' lang='lat' dir='ltr'><strong>est</strong></span> <span class='ocrx_word' id='word_1_160' title='bbox 1455 2484 1565 2549; x_wconf 81' lang='lat' dir='ltr'><strong>vel</strong></span> <span class='ocrx_word' id='word_1_161' title='bbox 1630 2483 1987 2550; x_wconf 69' lang='lat' dir='ltr'><strong>Blamems</strong></span> <span class='ocrx_word' id='word_1_162' title='bbox 2039 2483 2144 2548; x_wconf 87' lang='lat' dir='ltr'><strong>vel</strong></span> 
     </span>
     <span class='ocr_line' id='line_1_25' title="bbox 236 2568 2150 2654; baseline -0.003 -18"><span class='ocrx_word' id='word_1_163' title='bbox 236 2571 649 2654; x_wconf 68' lang='lat' dir='ltr'><strong>Bullinyems)</strong></span> <span class='ocrx_word' id='word_1_164' title='bbox 666 2622 681 2648; x_wconf 88' lang='lat'>‚</span> <span class='ocrx_word' id='word_1_165' title='bbox 740 2571 848 2636; x_wconf 87' lang='lat' dir='ltr'><strong>vel</strong></span> <span class='ocrx_word' id='word_1_166' title='bbox 900 2569 1107 2636; x_wconf 87' lang='lat' dir='ltr'><strong>literis</strong></span> <span class='ocrx_word' id='word_1_167' title='bbox 1168 2569 1496 2653; x_wconf 70' lang='lat' dir='ltr'><strong>aliquibus</strong></span> <span class='ocrx_word' id='word_1_168' title='bbox 1553 2579 1622 2634; x_wconf 92' lang='lat' dir='ltr'><strong>et</strong></span> <span class='ocrx_word' id='word_1_169' title='bbox 1685 2568 1969 2635; x_wconf 86' lang='lat' dir='ltr'><strong>consiliis</strong></span> <span class='ocrx_word' id='word_1_170' title='bbox 2024 2568 2150 2634; x_wconf 87' lang='lat' dir='ltr'><strong>tibi</strong></span> 
     </span>
     <span class='ocr_line' id='line_1_26' title="bbox 236 2654 2149 2742; baseline -0.003 -19"><span class='ocrx_word' id='word_1_171' title='bbox 236 2659 340 2723; x_wconf 85' lang='lat' dir='ltr'><strong>iter</strong></span> <span class='ocrx_word' id='word_1_172' title='bbox 376 2657 771 2742; x_wconf 74' lang='lat' dir='ltr'><strong>patefeceris.</strong></span> <span class='ocrx_word' id='word_1_173' title='bbox 844 2657 980 2721; x_wconf 86' lang='lat' dir='ltr'><strong>Nos</strong></span> <span class='ocrx_word' id='word_1_174' title='bbox 1022 2678 1105 2720; x_wconf 80' lang='lat' dir='ltr'><strong>ex</strong></span> <span class='ocrx_word' id='word_1_175' title='bbox 1148 2656 1374 2722; x_wconf 88' lang='lat' dir='ltr'><strong>classis</strong></span> <span class='ocrx_word' id='word_1_176' title='bbox 1417 2654 1688 2721; x_wconf 88' lang='lat' dir='ltr'><strong>consilio</strong></span> <span class='ocrx_word' id='word_1_177' title='bbox 1731 2655 1813 2720; x_wconf 87' lang='lat' dir='ltr'><strong>ad</strong></span> <span class='ocrx_word' id='word_1_178' title='bbox 1849 2663 2149 2719; x_wconf 86' lang='lat' dir='ltr'><strong>senatum</strong></span> 
     </span>
     <span class='ocr_line' id='line_1_27' title="bbox 238 2737 2149 2828; baseline -0.003 -18"><span class='ocrx_word' id='word_1_179' title='bbox 238 2745 422 2826; x_wconf 82' lang='lat' dir='ltr'><strong>primo</strong></span> <span class='ocrx_word' id='word_1_180' title='bbox 456 2764 709 2828; x_wconf 90' lang='lat' dir='ltr'><strong>quoque</strong></span> <span class='ocrx_word' id='word_1_181' title='bbox 744 2750 1032 2826; x_wconf 90' lang='lat' dir='ltr'><strong>tempore</strong></span> <span class='ocrx_word' id='word_1_182' title='bbox 1072 2739 1424 2806; x_wconf 74' lang='lat' dir='ltr'><strong>scribemus</strong></span> <span class='ocrx_word' id='word_1_183' title='bbox 1444 2743 1502 2812; x_wconf 83' lang='lat'><strong>⁹)</strong></span> <span class='ocrx_word' id='word_1_184' title='bbox 1548 2762 1711 2824; x_wconf 87' lang='lat' dir='ltr'><strong>quae</strong></span> <span class='ocrx_word' id='word_1_185' title='bbox 1748 2739 1830 2804; x_wconf 92' lang='lat' dir='ltr'><strong>ad</strong></span> <span class='ocrx_word' id='word_1_186' title='bbox 1865 2737 2149 2805; x_wconf 89' lang='lat' dir='ltr'><strong>edictum</strong></span> 
     </span>
     <span class='ocr_line' id='line_1_28' title="bbox 238 2823 2148 2913; baseline -0.003 -20"><span class='ocrx_word' id='word_1_187' title='bbox 238 2829 377 2895; x_wconf 88' lang='lat' dir='ltr'><strong>illud</strong></span> <span class='ocrx_word' id='word_1_188' title='bbox 418 2830 771 2913; x_wconf 82' lang='lat' dir='ltr'><strong>pertinent.</strong></span> <span class='ocrx_word' id='word_1_189' title='bbox 861 2828 963 2892; x_wconf 91' lang='lat' dir='ltr'><strong>De</strong></span> <span class='ocrx_word' id='word_1_190' title='bbox 1021 2836 1085 2891; x_wconf 90' lang='lat' dir='ltr'><strong>te</strong></span> <span class='ocrx_word' id='word_1_191' title='bbox 1142 2836 1208 2893; x_wconf 89' lang='lat' dir='ltr'><strong>et</strong></span> <span class='ocrx_word' id='word_1_192' title='bbox 1251 2827 1331 2892; x_wconf 91' lang='lat' dir='ltr'><strong>de</strong></span> <span class='ocrx_word' id='word_1_193' title='bbox 1369 2827 1619 2893; x_wconf 89' lang='lat' dir='ltr'><strong>medico</strong></span> <span class='ocrx_word' id='word_1_194' title='bbox 1677 2823 1991 2909; x_wconf 87' lang='lat' dir='ltr'><strong>quaedam</strong></span> <span class='ocrx_word' id='word_1_195' title='bbox 2034 2824 2148 2889; x_wconf 89' lang='lat' dir='ltr'><strong>ad-</strong></span> 
     </span>
     <span class='ocr_line' id='line_1_29' title="bbox 241 2911 2149 2998; baseline -0.003 -17"><span class='ocrx_word' id='word_1_196' title='bbox 241 2934 623 2998; x_wconf 81' lang='lat' dir='ltr'><strong>spergemus,</strong></span> <span class='ocrx_word' id='word_1_197' title='bbox 700 2912 814 2979; x_wconf 88' lang='lat' dir='ltr'><strong>sed</strong></span> <span class='ocrx_word' id='word_1_198' title='bbox 878 2915 1055 2978; x_wconf 90' lang='lat' dir='ltr'><strong>intra</strong></span> <span class='ocrx_word' id='word_1_199' title='bbox 1115 2911 1415 2990; x_wconf 91' lang='lat' dir='ltr'><strong>modum,</strong></span> <span class='ocrx_word' id='word_1_200' title='bbox 1492 2933 1575 2977; x_wconf 92' lang='lat' dir='ltr'><strong>ne</strong></span> <span class='ocrx_word' id='word_1_201' title='bbox 1638 2921 1824 2977; x_wconf 87' lang='lat' dir='ltr'><strong>tuam</strong></span> <span class='ocrx_word' id='word_1_202' title='bbox 1885 2930 2149 2976; x_wconf 87' lang='lat' dir='ltr'><strong>causam</strong></span> 
     </span>
     <span class='ocr_line' id='line_1_30' title="bbox 241 2995 2151 3083; baseline -0.005 -16"><span class='ocrx_word' id='word_1_203' title='bbox 241 3021 408 3083; x_wconf 79' lang='lat' dir='ltr'><strong>agere</strong></span> <span class='ocrx_word' id='word_1_204' title='bbox 473 2998 841 3076; x_wconf 82' lang='lat' dir='ltr'><strong>videamur,</strong></span> <span class='ocrx_word' id='word_1_205' title='bbox 922 3020 1053 3063; x_wconf 91' lang='lat' dir='ltr'><strong>non</strong></span> <span class='ocrx_word' id='word_1_206' title='bbox 1110 2998 1433 3063; x_wconf 84' lang='lat' dir='ltr'><strong>ecclesiae.</strong></span> <span class='ocrx_word' id='word_1_207' title='bbox 1461 3001 1544 3080; x_wconf 82' lang='lat'><strong>¹⁰)</strong></span> <span class='ocrx_word' id='word_1_208' title='bbox 1651 2995 1944 3081; x_wconf 81' lang='lat' dir='ltr'><strong>Urgendi</strong></span> <span class='ocrx_word' id='word_1_209' title='bbox 1999 3002 2151 3060; x_wconf 89' lang='lat' dir='ltr'><strong>sunt</strong></span> 
     </span>
     <span class='ocr_line' id='line_1_31' title="bbox 240 3079 2149 3181; baseline -0.003 -31"><span class='ocrx_word' id='word_1_210' title='bbox 240 3085 692 3151; x_wconf 72' lang='lat' dir='ltr'><strong>&#39;Phunonenses</strong></span> <span class='ocrx_word' id='word_1_211' title='bbox 711 3137 726 3162; x_wconf 89' lang='lat'>‚</span> <span class='ocrx_word' id='word_1_212' title='bbox 770 3085 1005 3167; x_wconf 88' lang='lat' dir='ltr'><strong>quibus</strong></span> <span class='ocrx_word' id='word_1_213' title='bbox 1047 3084 1239 3169; x_wconf 82' lang='lat' dir='ltr'><strong>longe</strong></span> <span class='ocrx_word' id='word_1_214' title='bbox 1282 3084 1511 3149; x_wconf 90' lang='lat' dir='ltr'><strong>melior</strong></span> <span class='ocrx_word' id='word_1_215' title='bbox 1551 3104 1747 3164; x_wconf 86' lang='lat' dir='ltr'><strong>quam</strong></span> <span class='ocrx_word' id='word_1_216' title='bbox 1795 3079 2025 3181; x_wconf 81' lang='lat' dir='ltr'><strong>[nob]is</strong></span> <span class='ocrx_word' id='word_1_217' title='bbox 2069 3080 2149 3145; x_wconf 90' lang='lat' dir='ltr'><strong>de</strong></span> 
     </span>
     <span class='ocr_line' id='line_1_32' title="bbox 240 3164 2149 3253; baseline -0.003 -18"><span class='ocrx_word' id='word_1_218' title='bbox 240 3191 301 3235; x_wconf 79' lang='lat' dir='ltr'><strong>ea</strong></span> <span class='ocrx_word' id='word_1_219' title='bbox 336 3193 403 3236; x_wconf 91' lang='lat' dir='ltr'><strong>re</strong></span> <span class='ocrx_word' id='word_1_220' title='bbox 446 3170 774 3237; x_wconf 87' lang='lat' dir='ltr'><strong>scribendi</strong></span> <span class='ocrx_word' id='word_1_221' title='bbox 809 3171 1026 3235; x_wconf 88' lang='lat' dir='ltr'><strong>oblata</strong></span> <span class='ocrx_word' id='word_1_222' title='bbox 1066 3180 1165 3234; x_wconf 89' lang='lat' dir='ltr'><strong>est</strong></span> <span class='ocrx_word' id='word_1_223' title='bbox 1207 3170 1474 3246; x_wconf 78' lang='lat' dir='ltr'><strong>occasio,</strong></span> <span class='ocrx_word' id='word_1_224' title='bbox 1518 3171 1626 3250; x_wconf 86' lang='lat' dir='ltr'><strong>qni</strong></span> <span class='ocrx_word' id='word_1_225' title='bbox 1674 3169 1832 3246; x_wconf 72' lang='lat' dir='ltr'><strong>[nist</strong></span> <span class='ocrx_word' id='word_1_226' title='bbox 1850 3164 2149 3253; x_wconf 65' lang='lat' dir='ltr'><strong>ovumqu-</strong></span> 
     </span>
     <span class='ocr_line' id='line_1_33' title="bbox 241 3253 2149 3338; baseline -0.003 -18"><span class='ocrx_word' id='word_1_227' title='bbox 241 3277 368 3321; x_wconf 87' lang='lat' dir='ltr'><strong>nem</strong></span> <span class='ocrx_word' id='word_1_228' title='bbox 420 3257 842 3322; x_wconf 86' lang='lat' dir='ltr'><strong>ecclesiarum</strong></span> <span class='ocrx_word' id='word_1_229' title='bbox 907 3275 1169 3321; x_wconf 86' lang='lat' dir='ltr'><strong>causam</strong></span> <span class='ocrx_word' id='word_1_230' title='bbox 1238 3254 1510 3338; x_wconf 87' lang='lat' dir='ltr'><strong>prodere</strong></span> <span class='ocrx_word' id='word_1_231' title='bbox 1583 3253 1816 3328; x_wconf 79' lang='lat' dir='ltr'><strong>velint,</strong></span> <span class='ocrx_word' id='word_1_232' title='bbox 1885 3271 2149 3334; x_wconf 87' lang='lat' dir='ltr'><strong>operam</strong></span> 
     </span>
     <span class='ocr_line' id='line_1_34' title="bbox 240 3340 1708 3428; baseline -0.004 -20"><span class='ocrx_word' id='word_1_233' title='bbox 240 3343 387 3419; x_wconf 66' lang='lat' dir='ltr'><strong>[aaut</strong></span> <span class='ocrx_word' id='word_1_234' title='bbox 426 3347 499 3408; x_wconf 70' lang='lat' dir='ltr'><strong>at</strong></span> <span class='ocrx_word' id='word_1_235' title='bbox 538 3340 720 3428; x_wconf 61' lang='lat' dir='ltr'><em>511]oe</em></span> <span class='ocrx_word' id='word_1_236' title='bbox 762 3341 1059 3423; x_wconf 85' lang='lat' dir='ltr'><strong>lupos¹¹)</strong></span> <span class='ocrx_word' id='word_1_237' title='bbox 1105 3362 1145 3405; x_wconf 88' lang='lat' dir='ltr'><strong>a</strong></span> <span class='ocrx_word' id='word_1_238' title='bbox 1187 3361 1385 3423; x_wconf 75' lang='lat' dir='ltr'><strong>grege</strong></span> <span class='ocrx_word' id='word_1_239' title='bbox 1428 3348 1708 3406; x_wconf 85' lang='lat' dir='ltr'><strong>arceant.</strong></span> 
     </span>
    </p>

    <p class='ocr_par' dir='ltr' id='par_1_5' title="bbox 238 3424 2154 4197">
     <span class='ocr_line' id='line_1_35' title="bbox 386 3424 2152 3508; baseline -0.005 -14"><span class='ocrx_word' id='word_1_240' title='bbox 386 3427 522 3494; x_wconf 77' lang='lat' dir='ltr'><strong>Sed</strong></span> <span class='ocrx_word' id='word_1_241' title='bbox 594 3425 781 3492; x_wconf 84' lang='lat' dir='ltr'><strong>video</strong></span> <span class='ocrx_word' id='word_1_242' title='bbox 834 3448 939 3491; x_wconf 87' lang='lat' dir='ltr'><strong>me</strong></span> <span class='ocrx_word' id='word_1_243' title='bbox 985 3475 1440 3491; x_wconf 92' lang='grc'><strong>........</strong></span> <span class='ocrx_word' id='word_1_244' title='bbox 1490 3424 1894 3508; x_wconf 80' lang='lat' dir='ltr'><strong>[lolngiorem</strong></span> <span class='ocrx_word' id='word_1_245' title='bbox 1957 3441 2152 3505; x_wconf 91' lang='lat' dir='ltr'><strong>quam</strong></span> 
     </span>
     <span class='ocr_line' id='line_1_36' title="bbox 240 3510 2149 3596; baseline -0.004 -19"><span class='ocrx_word' id='word_1_246' title='bbox 240 3512 455 3578; x_wconf 79' lang='lat' dir='ltr'><strong>vellem</strong></span> <span class='ocrx_word' id='word_1_247' title='bbox 473 3565 490 3590; x_wconf 91' lang='lat'><strong>,</strong></span> <span class='ocrx_word' id='word_1_248' title='bbox 546 3510 719 3596; x_wconf 88' lang='lat' dir='ltr'><strong>apud</strong></span> <span class='ocrx_word' id='word_1_249' title='bbox 764 3521 827 3576; x_wconf 89' lang='lat' dir='ltr'><strong>te</strong></span> <span class='ocrx_word' id='word_1_250' title='bbox 870 3512 1254 3595; x_wconf 87' lang='lat' dir='ltr'><strong>praesertim</strong></span> <span class='ocrx_word' id='word_1_251' title='bbox 1297 3512 1407 3594; x_wconf 90' lang='lat' dir='ltr'><strong>qui</strong></span> <span class='ocrx_word' id='word_1_252' title='bbox 1454 3557 2149 3575; x_wconf 90' lang='grc'><strong>............</strong></span> 
     </span>
     <span class='ocr_line' id='line_1_37' title="bbox 240 3596 2152 3679; baseline -0.003 -17"><span class='ocrx_word' id='word_1_253' title='bbox 240 3599 450 3662; x_wconf 87' lang='lat' dir='ltr'><strong>merito</strong></span> <span class='ocrx_word' id='word_1_254' title='bbox 495 3598 824 3674; x_wconf 89' lang='lat' dir='ltr'><strong>delectari,</strong></span> <span class='ocrx_word' id='word_1_255' title='bbox 872 3608 939 3661; x_wconf 91' lang='lat' dir='ltr'><strong>et</strong></span> <span class='ocrx_word' id='word_1_256' title='bbox 972 3596 1151 3661; x_wconf 89' lang='lat' dir='ltr'><strong>alind</strong></span> <span class='ocrx_word' id='word_1_257' title='bbox 1188 3597 1388 3662; x_wconf 87' lang='lat' dir='ltr'><strong>habes</strong></span> <span class='ocrx_word' id='word_1_258' title='bbox 1430 3596 1601 3679; x_wconf 91' lang='lat' dir='ltr'><strong>quod</strong></span> <span class='ocrx_word' id='word_1_259' title='bbox 1646 3641 2152 3661; x_wconf 91' lang='grc'><strong>.........</strong></span> 
     </span>
     <span class='ocr_line' id='line_1_38' title="bbox 238 3681 2151 3767; baseline -0.003 -19"><span class='ocrx_word' id='word_1_260' title='bbox 238 3683 383 3760; x_wconf 73' lang='lat' dir='ltr'><strong>vale,</strong></span> <span class='ocrx_word' id='word_1_261' title='bbox 428 3684 522 3748; x_wconf 90' lang='lat' dir='ltr'><strong>mi</strong></span> <span class='ocrx_word' id='word_1_262' title='bbox 564 3693 767 3767; x_wconf 87' lang='lat' dir='ltr'><strong>pater.</strong></span> <span class='ocrx_word' id='word_1_263' title='bbox 858 3683 1182 3747; x_wconf 85' lang='lat' dir='ltr'><strong>Dominus</strong></span> <span class='ocrx_word' id='word_1_264' title='bbox 1222 3681 1429 3760; x_wconf 87' lang='lat' dir='ltr'><strong>Iesus,</strong></span> <span class='ocrx_word' id='word_1_265' title='bbox 1472 3682 1584 3764; x_wconf 91' lang='lat' dir='ltr'><strong>qui</strong></span> <span class='ocrx_word' id='word_1_266' title='bbox 1625 3691 1691 3745; x_wconf 87' lang='lat' dir='ltr'><strong>te</strong></span> <span class='ocrx_word' id='word_1_267' title='bbox 1733 3681 1937 3745; x_wconf 82' lang='lat' dir='ltr'><strong>veluti</strong></span> <span class='ocrx_word' id='word_1_268' title='bbox 1972 3729 1987 3743; x_wconf 94' lang='lat'><strong>.</strong></span> <span class='ocrx_word' id='word_1_269' title='bbox 2028 3730 2041 3743; x_wconf 91' lang='lat'><strong>.</strong></span> <span class='ocrx_word' id='word_1_270' title='bbox 2083 3728 2096 3743; x_wconf 91' lang='lat'><strong>.</strong></span> <span class='ocrx_word' id='word_1_271' title='bbox 2138 3729 2151 3742; x_wconf 93' lang='lat'><strong>.</strong></span> 
     </span>
     <span class='ocr_line' id='line_1_39' title="bbox 244 3764 2151 3853; baseline -0.003 -21"><span class='ocrx_word' id='word_1_272' title='bbox 244 3764 352 3853; x_wconf 68' lang='lat' dir='ltr'><strong>[iu]</strong></span> <span class='ocrx_word' id='word_1_273' title='bbox 393 3790 587 3852; x_wconf 87' lang='lat' dir='ltr'><strong>quem</strong></span> <span class='ocrx_word' id='word_1_274' title='bbox 630 3768 910 3852; x_wconf 87' lang='lat' dir='ltr'><strong>improbi</strong></span> <span class='ocrx_word' id='word_1_275' title='bbox 953 3788 1178 3833; x_wconf 90' lang='lat' dir='ltr'><strong>omnes</strong></span> <span class='ocrx_word' id='word_1_276' title='bbox 1220 3768 1389 3833; x_wconf 90' lang='lat' dir='ltr'><strong>ictus</strong></span> <span class='ocrx_word' id='word_1_277' title='bbox 1432 3789 1584 3833; x_wconf 88' lang='lat' dir='ltr'><strong>suos</strong></span> <span class='ocrx_word' id='word_1_278' title='bbox 1626 3764 2044 3842; x_wconf 79' lang='lat' dir='ltr'><strong>destinarent,</strong></span> <span class='ocrx_word' id='word_1_279' title='bbox 2082 3813 2097 3828; x_wconf 92' lang='lat'><strong>.</strong></span> <span class='ocrx_word' id='word_1_280' title='bbox 2137 3812 2151 3828; x_wconf 91' lang='lat'><strong>.</strong></span> 
     </span>
     <span class='ocr_line' id='line_1_40' title="bbox 240 3853 2152 3936; baseline -0.002 -19"><span class='ocrx_word' id='word_1_281' title='bbox 240 3903 617 3919; x_wconf 91' lang='grc'><strong>.......</strong></span> <span class='ocrx_word' id='word_1_282' title='bbox 663 3853 921 3918; x_wconf 87' lang='lat' dir='ltr'><strong>roboret</strong></span> <span class='ocrx_word' id='word_1_283' title='bbox 963 3865 1188 3920; x_wconf 87' lang='lat' dir='ltr'><strong>sancto</strong></span> <span class='ocrx_word' id='word_1_284' title='bbox 1230 3873 1348 3919; x_wconf 89' lang='lat' dir='ltr'><strong>suo</strong></span> <span class='ocrx_word' id='word_1_285' title='bbox 1392 3853 1657 3936; x_wconf 86' lang='lat' dir='ltr'><strong>spiritu,</strong></span> <span class='ocrx_word' id='word_1_286' title='bbox 1702 3861 1779 3916; x_wconf 86' lang='lat' dir='ltr'><strong>ut</strong></span> <span class='ocrx_word' id='word_1_287' title='bbox 1822 3901 1835 3916; x_wconf 94' lang='lat'><strong>.</strong></span> <span class='ocrx_word' id='word_1_288' title='bbox 1884 3900 1899 3915; x_wconf 92' lang='lat'><strong>.</strong></span> <span class='ocrx_word' id='word_1_289' title='bbox 1948 3901 1961 3916; x_wconf 91' lang='lat'><strong>.</strong></span> <span class='ocrx_word' id='word_1_290' title='bbox 2009 3899 2024 3914; x_wconf 92' lang='lat'><strong>.</strong></span> <span class='ocrx_word' id='word_1_291' title='bbox 2073 3899 2087 3914; x_wconf 91' lang='lat'><strong>.</strong></span> <span class='ocrx_word' id='word_1_292' title='bbox 2138 3899 2152 3913; x_wconf 96' lang='lat'><strong>.</strong></span> 
     </span>
     <span class='ocr_line' id='line_1_41' title="bbox 241 3937 2151 4022; baseline -0.002 -21"><span class='ocrx_word' id='word_1_293' title='bbox 241 3940 348 4005; x_wconf 75' lang='lat' dir='ltr'><strong>atis</strong></span> <span class='ocrx_word' id='word_1_294' title='bbox 368 3961 576 4005; x_wconf 57' lang='lat' dir='ltr'><strong>auam</strong></span> <span class='ocrx_word' id='word_1_295' title='bbox 618 3941 687 4004; x_wconf 91' lang='lat' dir='ltr'><strong>in</strong></span> <span class='ocrx_word' id='word_1_296' title='bbox 733 3950 797 4003; x_wconf 89' lang='lat' dir='ltr'><strong>te</strong></span> <span class='ocrx_word' id='word_1_297' title='bbox 832 3940 1188 4022; x_wconf 88' lang='lat' dir='ltr'><strong>potentiam</strong></span> <span class='ocrx_word' id='word_1_298' title='bbox 1228 3937 1511 4004; x_wconf 82' lang='lat' dir='ltr'><strong>declaret</strong></span> <span class='ocrx_word' id='word_1_299' title='bbox 1514 3983 2151 4015; x_wconf 91' lang='grc'><strong>...........</strong></span> 
     </span>
     <span class='ocr_line' id='line_1_42' title="bbox 241 4024 2154 4108; baseline -0.004 -18"><span class='ocrx_word' id='word_1_300' title='bbox 241 4039 410 4108; x_wconf 81' lang='lat' dir='ltr'><strong>atque</strong></span> <span class='ocrx_word' id='word_1_301' title='bbox 453 4024 712 4090; x_wconf 89' lang='lat' dir='ltr'><strong>laudem</strong></span> <span class='ocrx_word' id='word_1_302' title='bbox 774 4045 1079 4090; x_wconf 88' lang='lat' dir='ltr'><strong>canamus</strong></span> <span class='ocrx_word' id='word_1_303' title='bbox 1134 4027 1201 4089; x_wconf 93' lang='lat' dir='ltr'><strong>in</strong></span> <span class='ocrx_word' id='word_1_304' title='bbox 1259 4033 1597 4089; x_wconf 88' lang='lat' dir='ltr'><strong>aeternum</strong></span> <span class='ocrx_word' id='word_1_305' title='bbox 1642 4068 2154 4087; x_wconf 91' lang='grc'><strong>.........</strong></span> 
     </span>
     <span class='ocr_line' id='line_1_43' title="bbox 241 4106 1407 4197; baseline -0.003 -22"><span class='ocrx_word' id='word_1_306' title='bbox 241 4106 669 4197; x_wconf 61' lang='lat' dir='ltr'><strong>[Lamnae]</strong></span> <span class='ocrx_word' id='word_1_307' title='bbox 718 4114 841 4174; x_wconf 71' lang='lat'><strong>21⁸.</strong></span> <span class='ocrx_word' id='word_1_308' title='bbox 890 4110 1179 4175; x_wconf 88' lang='lat' dir='ltr'><strong>Ianuarii</strong></span> <span class='ocrx_word' id='word_1_309' title='bbox 1230 4115 1407 4173; x_wconf 84' lang='lat'><strong>1552.</strong></span> 
     </span>
    </p>
   </div>
   <div class='ocr_carea' id='block_1_4' title="bbox 937 4246 1981 4330">
    <p class='ocr_par' dir='ltr' id='par_1_6' title="bbox 937 4246 1981 4330">
     <span class='ocr_line' id='line_1_44' title="bbox 937 4246 1981 4330; baseline -0.003 -20"><span class='ocrx_word' id='word_1_310' title='bbox 937 4247 1314 4312; x_wconf 80' lang='lat' dir='ltr'><strong>Theodorus</strong></span> <span class='ocrx_word' id='word_1_311' title='bbox 1358 4247 1532 4312; x_wconf 82' lang='lat' dir='ltr'><strong>Beza</strong></span> <span class='ocrx_word' id='word_1_312' title='bbox 1572 4246 1767 4330; x_wconf 91' lang='lat' dir='ltr'><strong>plane</strong></span> <span class='ocrx_word' id='word_1_313' title='bbox 1810 4253 1981 4308; x_wconf 88' lang='lat' dir='ltr'><strong>tuus.</strong></span> 
     </span>
    </p>
   </div>
   <div class='ocr_carea' id='block_1_5' title="bbox 248 4419 507 4428">
    <p class='ocr_par' dir='ltr' id='par_1_7' title="bbox 248 4419 507 4428">
     <span class='ocr_line' id='line_1_45' title="bbox 248 4419 507 4428; baseline 0.015 -4"><span class='ocrx_word' id='word_1_314' title='bbox 248 4419 345 4426; x_wconf 40' lang='grc' dir='ltr'><strong>ᾖ.</strong></span> <span class='ocrx_word' id='word_1_315' title='bbox 402 4421 507 4428; x_wconf 64' lang='grc'><strong>-..-</strong></span> 
     </span>
    </p>
   </div>
   <div class='ocr_carea' id='block_1_6' title="bbox 398 4533 2153 4811">
    <p class='ocr_par' dir='ltr' id='par_1_8' title="bbox 427 4533 1983 4601">
     <span class='ocr_line' id='line_1_46' title="bbox 427 4533 1983 4601; baseline -0.001 -13"><span class='ocrx_word' id='word_1_316' title='bbox 427 4535 486 4601; x_wconf 91' lang='grc'><strong>8)</strong></span> <span class='ocrx_word' id='word_1_317' title='bbox 528 4537 598 4591; x_wconf 88' lang='grc' dir='ltr'><strong>Ν.</strong></span> <span class='ocrx_word' id='word_1_318' title='bbox 636 4534 771 4590; x_wconf 81' lang='grc'><strong>1582</strong></span> <span class='ocrx_word' id='word_1_319' title='bbox 804 4541 915 4590; x_wconf 67' lang='lat' dir='ltr'><strong>not·</strong></span> <span class='ocrx_word' id='word_1_320' title='bbox 957 4533 1036 4589; x_wconf 84' lang='lat'><strong>10.</strong></span> <span class='ocrx_word' id='word_1_321' title='bbox 1976 4549 1983 4556; x_wconf 93' lang='lat'>·</span> 
     </span>
    </p>

    <p class='ocr_par' dir='ltr' id='par_1_9' title="bbox 398 4598 2109 4738">
     <span class='ocr_line' id='line_1_47' title="bbox 428 4598 2109 4674; baseline -0.001 -18"><span class='ocrx_word' id='word_1_322' title='bbox 428 4604 489 4670; x_wconf 80' lang='lat'><strong>9)</strong></span> <span class='ocrx_word' id='word_1_323' title='bbox 526 4605 739 4660; x_wconf 67' lang='lat' dir='ltr'><strong>Novam</strong></span> <span class='ocrx_word' id='word_1_324' title='bbox 772 4606 943 4674; x_wconf 65' lang='grc' dir='ltr'><strong>ἐρίων</strong></span> <span class='ocrx_word' id='word_1_325' title='bbox 976 4604 1471 4658; x_wconf 53' lang='lat' dir='ltr'><strong>resonantiam</strong></span> <span class='ocrx_word' id='word_1_326' title='bbox 1499 4609 1626 4672; x_wconf 73' lang='lat' dir='ltr'><strong>pou</strong></span> <span class='ocrx_word' id='word_1_327' title='bbox 1660 4602 1808 4657; x_wconf 69' lang='lat' dir='ltr'><strong>azam</strong></span> <span class='ocrx_word' id='word_1_328' title='bbox 1846 4601 1919 4656; x_wconf 86' lang='lat' dir='ltr'><strong>N.</strong></span> <span class='ocrx_word' id='word_1_329' title='bbox 1957 4598 2109 4656; x_wconf 88' lang='grc'><strong>1581.</strong></span> 
     </span>
     <span class='ocr_line' id='line_1_48' title="bbox 398 4671 1148 4738; baseline 0.001 -14"><span class='ocrx_word' id='word_1_330' title='bbox 398 4671 492 4738; x_wconf 85' lang='grc'><strong>10)</strong></span> <span class='ocrx_word' id='word_1_331' title='bbox 526 4689 634 4727; x_wconf 89' lang='grc'><strong>000</strong></span> <span class='ocrx_word' id='word_1_332' title='bbox 670 4674 925 4728; x_wconf 83' lang='lat' dir='ltr'><strong>ccclesiae</strong></span> <span class='ocrx_word' id='word_1_333' title='bbox 954 4688 1053 4727; x_wconf 66' lang='lat' dir='ltr'><strong>om.</strong></span> <span class='ocrx_word' id='word_1_334' title='bbox 1090 4671 1148 4725; x_wconf 90' lang='lat' dir='ltr'><strong>B.</strong></span> 
     </span>
    </p>

    <p class='ocr_par' dir='ltr' id='par_1_10' title="bbox 399 4738 2153 4811">
     <span class='ocr_line' id='line_1_49' title="bbox 399 4738 2153 4811; baseline -0.002 -18"><span class='ocrx_word' id='word_1_335' title='bbox 399 4740 489 4808; x_wconf 86' lang='lat'><strong>11)</strong></span> <span class='ocrx_word' id='word_1_336' title='bbox 526 4743 783 4797; x_wconf 70' lang='lat' dir='ltr'><strong>Boleeeue</strong></span> <span class='ocrx_word' id='word_1_337' title='bbox 832 4742 1049 4811; x_wconf 76' lang='lat' dir='ltr'><strong>Veqiaci</strong></span> <span class='ocrx_word' id='word_1_338' title='bbox 1080 4741 1140 4793; x_wconf 77' lang='lat' dir='ltr'><strong>in</strong></span> <span class='ocrx_word' id='word_1_339' title='bbox 1176 4739 1365 4792; x_wconf 67' lang='lat' dir='ltr'><strong>classis</strong></span> <span class='ocrx_word' id='word_1_340' title='bbox 1396 4739 1745 4794; x_wconf 72' lang='lat' dir='ltr'><strong>Tononiemit</strong></span> <span class='ocrx_word' id='word_1_341' title='bbox 1777 4738 1984 4793; x_wconf 52' lang='lat' dir='ltr'><strong>viauia</strong></span> <span class='ocrx_word' id='word_1_342' title='bbox 2018 4752 2153 4791; x_wconf 75' lang='lat' dir='ltr'><strong>com·</strong></span> 
     </span>
    </p>
   </div>
   <div class='ocr_carea' id='block_1_7' title="bbox 344 5405 1261 5488">
    <p class='ocr_par' dir='ltr' id='par_1_11' title="bbox 344 5405 1261 5488">
     <span class='ocr_line' id='line_1_50' title="bbox 344 5405 1261 5488; baseline -0.004 -27"><span class='ocrx_word' id='word_1_343' title='bbox 344 5485 349 5488; x_wconf 27' lang='grc'>-</span> <span class='ocrx_word' id='word_1_344' title='bbox 453 5408 659 5463; x_wconf 63' lang='lat' dir='ltr'><strong>ems·</strong></span> <span class='ocrx_word' id='word_1_345' title='bbox 688 5417 870 5476; x_wconf 65' lang='lat' dir='ltr'><strong>opera,</strong></span> <span class='ocrx_word' id='word_1_346' title='bbox 950 5406 1060 5461; x_wconf 70' lang='lat'><strong>701.</strong></span> <span class='ocrx_word' id='word_1_347' title='bbox 1103 5405 1261 5460; x_wconf 75' lang='lat' dir='ltr'><strong>x1v.</strong></span> 
     </span>
    </p>
   </div>
   <div class='ocr_carea' id='block_1_8' title="bbox 1846 414 2426 483">
    <p class='ocr_par' dir='ltr' id='par_1_12' title="bbox 1846 414 2426 483">
     <span class='ocr_line' id='line_1_51' title="bbox 1846 414 2426 483; baseline 0.009 -4"><span class='ocrx_word' id='word_1_348' title='bbox 1846 418 2007 479; x_wconf 81' lang='lat'>1552</span> <span class='ocrx_word' id='word_1_349' title='bbox 2049 414 2426 483; x_wconf 72' lang='lat' dir='ltr'>IANUAR</span> 
     </span>
    </p>
   </div>
   <div class='ocr_carea' id='block_1_9' title="bbox 2186 623 2219 5364">
    <p class='ocr_par' dir='ltr' id='par_1_13' title="bbox 2186 623 2219 5364">
     <span class='ocr_line' id='line_1_52' title="bbox 2186 623 2219 5364; baseline 0 0"><span class='ocrx_word' id='word_1_350' title='bbox 2186 623 2219 5364; x_wconf 95' lang='lat' dir='ltr'><strong> </strong></span> 
     </span>
    </p>
   </div>
   <div class='ocr_carea' id='block_1_10' title="bbox 4052 423 4182 486">
    <p class='ocr_par' dir='ltr' id='par_1_14' title="bbox 4052 423 4182 486">
     <span class='ocr_line' id='line_1_53' title="bbox 4052 423 4182 486; baseline 0.015 -2"><span class='ocrx_word' id='word_1_351' title='bbox 4052 423 4182 486; x_wconf 84' lang='grc'><strong>258</strong></span> 
     </span>
    </p>
   </div>
   <div class='ocr_carea' id='block_1_11' title="bbox 2282 606 4129 840">
    <p class='ocr_par' dir='ltr' id='par_1_15' title="bbox 2282 606 4129 840">
     <span class='ocr_line' id='line_1_54' title="bbox 3104 606 3295 676; baseline -0.016 -4"><span class='ocrx_word' id='word_1_352' title='bbox 3104 606 3295 676; x_wconf 71' lang='lat'><strong>1522.</strong></span> 
     </span>
     <span class='ocr_line' id='line_1_55' title="bbox 2282 756 4129 840; baseline 0.005 -18"><span class='ocrx_word' id='word_1_353' title='bbox 2282 756 2867 826; x_wconf 74' lang='lat' dir='ltr'>FRANOISOUS</span> <span class='ocrx_word' id='word_1_354' title='bbox 2912 762 2975 824; x_wconf 78' lang='lat' dir='ltr'>A</span> <span class='ocrx_word' id='word_1_355' title='bbox 3017 759 3649 840; x_wconf 77' lang='lat' dir='ltr'>BURGUNDIA1)</span> <span class='ocrx_word' id='word_1_356' title='bbox 3695 761 4129 831; x_wconf 78' lang='lat' dir='ltr'><strong>GALVINO.</strong></span> 
     </span>
    </p>
   </div>
   <div class='ocr_carea' id='block_1_12' title="bbox 2238 926 4184 1538">
    <p class='ocr_par' dir='ltr' id='par_1_16' title="bbox 2238 926 4184 1538">
     <span class='ocr_line' id='line_1_56' title="bbox 2412 926 4184 1016; baseline 0.003 -23"><span class='ocrx_word' id='word_1_357' title='bbox 2412 926 4184 1016; x_wconf 57' lang='lat' dir='ltr'><strong>FicsenarratexiucmProtatorisAnyliaehocip-ea</strong></span> 
     </span>
     <span class='ocr_line' id='line_1_57' title="bbox 2239 1013 4180 1097; baseline 0.003 -19"><span class='ocrx_word' id='word_1_358' title='bbox 2239 1013 2341 1078; x_wconf 77' lang='lat' dir='ltr'><strong>die</strong></span> <span class='ocrx_word' id='word_1_359' title='bbox 2381 1033 2502 1094; x_wconf 73' lang='lat' dir='ltr'><strong>quo</strong></span> <span class='ocrx_word' id='word_1_360' title='bbox 2542 1013 2755 1079; x_wconf 65' lang='lat' dir='ltr'><strong>scribit</strong></span> <span class='ocrx_word' id='word_1_361' title='bbox 2806 1014 3114 1097; x_wconf 74' lang='lat' dir='ltr'><strong>supplicio</strong></span> <span class='ocrx_word' id='word_1_362' title='bbox 3171 1016 3402 1097; x_wconf 74' lang='lat' dir='ltr'><strong>affecti,</strong></span> <span class='ocrx_word' id='word_1_363' title='bbox 3456 1018 3637 1083; x_wconf 76' lang='lat' dir='ltr'><strong>cuias</strong></span> <span class='ocrx_word' id='word_1_364' title='bbox 3689 1018 3878 1082; x_wconf 80' lang='lat' dir='ltr'><strong>etiam</strong></span> <span class='ocrx_word' id='word_1_365' title='bbox 3918 1019 4180 1086; x_wconf 69' lang='lat' dir='ltr'><strong>viv-tutes</strong></span> 
     </span>
     <span class='ocr_line' id='line_1_58' title="bbox 2238 1099 4181 1185; baseline 0.003 -21"><span class='ocrx_word' id='word_1_366' title='bbox 2238 1099 2887 1166; x_wconf 65' lang='lat' dir='ltr'><strong>dvitiamumerat.</strong></span> <span class='ocrx_word' id='word_1_367' title='bbox 2981 1100 4181 1185; x_wconf 64' lang='lat' dir='ltr'><strong>Tumquaeipsicr&#39;amampm-</strong></span> 
     </span>
     <span class='ocr_line' id='line_1_59' title="bbox 2240 1183 4180 1271; baseline 0.004 -24"><span class='ocrx_word' id='word_1_368' title='bbox 2240 1183 4180 1271; x_wconf 66' lang='lat' dir='ltr'><strong>rentitamt&#39;austaquamadversaacciderintemponit,abi</strong></span> 
     </span>
     <span class='ocr_line' id='line_1_60' title="bbox 2241 1269 4178 1358; baseline 0.004 -25"><span class='ocrx_word' id='word_1_369' title='bbox 2241 1270 2405 1334; x_wconf 69' lang='lat' dir='ltr'><strong>inter</strong></span> <span class='ocrx_word' id='word_1_370' title='bbox 2445 1269 2585 1335; x_wconf 79' lang='lat' dir='ltr'><strong>alia</strong></span> <span class='ocrx_word' id='word_1_371' title='bbox 2625 1269 2962 1353; x_wconf 76' lang='lat' dir='ltr'><strong>Baptistae</strong></span> <span class='ocrx_word' id='word_1_372' title='bbox 3000 1271 3330 1337; x_wconf 59' lang='lat' dir='ltr'><strong>eamdam</strong></span> <span class='ocrx_word' id='word_1_373' title='bbox 3381 1292 3701 1352; x_wconf 70' lang='lat' dir='ltr'><strong>perversos</strong></span> <span class='ocrx_word' id='word_1_374' title='bbox 3740 1279 4178 1358; x_wconf 67' lang='lat' dir='ltr'><strong>conatusper-</strong></span> 
     </span>
     <span class='ocr_line' id='line_1_61' title="bbox 2241 1353 4182 1439; baseline 0.004 -21"><span class='ocrx_word' id='word_1_375' title='bbox 2241 1353 2510 1437; x_wconf 70' lang='lat' dir='ltr'><strong>sbn’nyit.</strong></span> <span class='ocrx_word' id='word_1_376' title='bbox 2596 1354 2883 1437; x_wconf 75' lang='lat' dir='ltr'><strong>Denique</strong></span> <span class='ocrx_word' id='word_1_377' title='bbox 2925 1355 3350 1422; x_wconf 78' lang='lat' dir='ltr'><strong>Londincnsia</strong></span> <span class='ocrx_word' id='word_1_378' title='bbox 3391 1358 3700 1439; x_wconf 77' lang='lat' dir='ltr'><strong>quaedam</strong></span> <span class='ocrx_word' id='word_1_379' title='bbox 3741 1379 3864 1424; x_wconf 73' lang='lat' dir='ltr'><strong>sua</strong></span> <span class='ocrx_word' id='word_1_380' title='bbox 3905 1365 4043 1425; x_wconf 74' lang='lat' dir='ltr'><strong>ada</strong></span> <span class='ocrx_word' id='word_1_381' title='bbox 4080 1360 4182 1425; x_wconf 79' lang='lat' dir='ltr'><strong>de-</strong></span> 
     </span>
     <span class='ocr_line' id='line_1_62' title="bbox 2243 1439 4180 1538; baseline 0.003 -33"><span class='ocrx_word' id='word_1_382' title='bbox 2243 1439 2558 1538; x_wconf 35' lang='lat' dir='ltr'><strong>clarat-et</strong></span> <span class='ocrx_word' id='word_1_383' title='bbox 2615 1443 2933 1522; x_wconf 71' lang='lat' dir='ltr'><strong>operarios</strong></span> <span class='ocrx_word' id='word_1_384' title='bbox 2985 1442 3056 1506; x_wconf 76' lang='lat' dir='ltr'><strong>in</strong></span> <span class='ocrx_word' id='word_1_385' title='bbox 3111 1442 3292 1507; x_wconf 76' lang='lat' dir='ltr'><strong>illam</strong></span> <span class='ocrx_word' id='word_1_386' title='bbox 3346 1444 3594 1509; x_wconf 78' lang='lat' dir='ltr'><strong>vineam</strong></span> <span class='ocrx_word' id='word_1_387' title='bbox 3645 1445 3969 1510; x_wconf 76' lang='lat' dir='ltr'><strong>mittendos</strong></span> <span class='ocrx_word' id='word_1_388' title='bbox 4025 1447 4180 1510; x_wconf 69' lang='lat' dir='ltr'><strong>votis</strong></span> 
     </span>
    </p>
   </div>
   <div class='ocr_carea' id='block_1_13' title="bbox 2244 1694 4180 1971">
    <p class='ocr_par' dir='ltr' id='par_1_17' title="bbox 2248 1694 4180 1765">
     <span class='ocr_line' id='line_1_63' title="bbox 2248 1694 4180 1765; baseline 0.003 -17"><span class='ocrx_word' id='word_1_389' title='bbox 2248 1695 2359 1759; x_wconf 77' lang='lat' dir='ltr'><strong>(Ex</strong></span> <span class='ocrx_word' id='word_1_390' title='bbox 2394 1694 2729 1765; x_wconf 76' lang='lat' dir='ltr'><strong>autographo</strong></span> <span class='ocrx_word' id='word_1_391' title='bbox 2756 1695 2887 1750; x_wconf 89' lang='lat' dir='ltr'><strong>Ood.</strong></span> <span class='ocrx_word' id='word_1_392' title='bbox 2910 1697 3110 1751; x_wconf 69' lang='lat' dir='ltr'><strong>Gener.</strong></span> <span class='ocrx_word' id='word_1_393' title='bbox 3153 1695 3264 1761; x_wconf 82' lang='lat'>115,</span> <span class='ocrx_word' id='word_1_394' title='bbox 3301 1697 3391 1751; x_wconf 80' lang='lat' dir='ltr'><strong>fol.</strong></span> <span class='ocrx_word' id='word_1_395' title='bbox 3432 1696 3548 1752; x_wconf 80' lang='lat'><strong>150.</strong></span> <span class='ocrx_word' id='word_1_396' title='bbox 3605 1699 3780 1752; x_wconf 86' lang='lat' dir='ltr'><strong>Turici</strong></span> <span class='ocrx_word' id='word_1_397' title='bbox 3817 1718 3926 1754; x_wconf 89' lang='lat' dir='ltr'><strong>non</strong></span> <span class='ocrx_word' id='word_1_398' title='bbox 3947 1701 4180 1754; x_wconf 80' lang='lat' dir='ltr'><strong>vidimus</strong></span> 
     </span>
    </p>

    <p class='ocr_par' dir='ltr' id='par_1_18' title="bbox 2244 1764 4150 1837">
     <span class='ocr_line' id='line_1_64' title="bbox 2244 1764 4150 1837; baseline 0.005 -21"><span class='ocrx_word' id='word_1_399' title='bbox 2244 1764 2384 1817; x_wconf 79' lang='lat' dir='ltr'><strong>hanc</strong></span> <span class='ocrx_word' id='word_1_400' title='bbox 2457 1779 2558 1818; x_wconf 85' lang='lat' dir='ltr'><strong>uae</strong></span> <span class='ocrx_word' id='word_1_401' title='bbox 2591 1771 2772 1818; x_wconf 75' lang='lat' dir='ltr'><strong>tamen</strong></span> <span class='ocrx_word' id='word_1_402' title='bbox 2808 1765 2956 1818; x_wconf 82' lang='lat' dir='ltr'><strong>edita</strong></span> <span class='ocrx_word' id='word_1_403' title='bbox 2988 1773 3074 1819; x_wconf 86' lang='lat' dir='ltr'><strong>est</strong></span> <span class='ocrx_word' id='word_1_404' title='bbox 3107 1767 3174 1818; x_wconf 86' lang='lat' dir='ltr'><strong>ab</strong></span> <span class='ocrx_word' id='word_1_405' title='bbox 3210 1766 3398 1834; x_wconf 80' lang='lat' dir='ltr'><strong>Anglis</strong></span> <span class='ocrx_word' id='word_1_406' title='bbox 3445 1767 3613 1820; x_wconf 84' lang='lat' dir='ltr'><strong>latine</strong></span> <span class='ocrx_word' id='word_1_407' title='bbox 3648 1768 3701 1821; x_wconf 85' lang='lat' dir='ltr'><strong>in</strong></span> <span class='ocrx_word' id='word_1_408' title='bbox 3738 1769 3877 1837; x_wconf 81' lang='lat' dir='ltr'><strong>Epp.</strong></span> <span class='ocrx_word' id='word_1_409' title='bbox 3959 1769 3971 1780; x_wconf 87' lang='lat'><strong><em>&#39;</em></strong></span> <span class='ocrx_word' id='word_1_410' title='bbox 4081 1770 4093 1782; x_wconf 89' lang='lat'><strong>‘</strong></span> <span class='ocrx_word' id='word_1_411' title='bbox 4139 1771 4150 1782; x_wconf 85' lang='grc'><strong>”</strong></span> 
     </span>
    </p>

    <p class='ocr_par' dir='ltr' id='par_1_19' title="bbox 2247 1830 4180 1971">
     <span class='ocr_line' id='line_1_65' title="bbox 2247 1830 4180 1902; baseline 0.003 -19"><span class='ocrx_word' id='word_1_412' title='bbox 2247 1848 2300 1901; x_wconf 85' lang='lat' dir='ltr'><strong>p.</strong></span> <span class='ocrx_word' id='word_1_413' title='bbox 2348 1830 2415 1884; x_wconf 77' lang='lat'><strong>47</strong></span> <span class='ocrx_word' id='word_1_414' title='bbox 2504 1838 2561 1885; x_wconf 90' lang='lat' dir='ltr'><strong>et</strong></span> <span class='ocrx_word' id='word_1_415' title='bbox 2603 1834 2810 1902; x_wconf 77' lang='lat' dir='ltr'><strong>anglice</strong></span> <span class='ocrx_word' id='word_1_416' title='bbox 2857 1834 2912 1886; x_wconf 90' lang='lat' dir='ltr'><strong>in</strong></span> <span class='ocrx_word' id='word_1_417' title='bbox 2956 1834 3283 1888; x_wconf 76' lang='lat' dir='ltr'><strong>collectione</strong></span> <span class='ocrx_word' id='word_1_418' title='bbox 3330 1834 3446 1888; x_wconf 81' lang='lat' dir='ltr'><strong>Soc.</strong></span> <span class='ocrx_word' id='word_1_419' title='bbox 3501 1835 3866 1890; x_wconf 80' lang='lat' dir='ltr'><strong>Parksrianae</strong></span> <span class='ocrx_word' id='word_1_420' title='bbox 3997 1878 4008 1890; x_wconf 91' lang='lat'><strong>.</strong></span> <span class='ocrx_word' id='word_1_421' title='bbox 4061 1837 4180 1894; x_wconf 77' lang='lat'><strong>731.</strong></span> 
     </span>
     <span class='ocr_line' id='line_1_66' title="bbox 2868 1901 3569 1971; baseline 0 -16"><span class='ocrx_word' id='word_1_422' title='bbox 2868 1901 3155 1971; x_wconf 78' lang='lat' dir='ltr'><strong>Inscriptio</strong></span> <span class='ocrx_word' id='word_1_423' title='bbox 3190 1903 3569 1968; x_wconf 81' lang='lat' dir='ltr'><strong>desideratur.)</strong></span> 
     </span>
    </p>
   </div>
   <div class='ocr_carea' id='block_1_14' title="bbox 2249 2071 4200 4204">
    <p class='ocr_par' dir='ltr' id='par_1_20' title="bbox 2249 2071 4189 2564">
     <span class='ocr_line' id='line_1_67' title="bbox 2420 2071 4187 2156; baseline 0.002 -18"><span class='ocrx_word' id='word_1_424' title='bbox 2420 2071 2491 2138; x_wconf 77' lang='lat' dir='ltr'><strong>S.</strong></span> <span class='ocrx_word' id='word_1_425' title='bbox 2537 2072 2611 2136; x_wconf 92' lang='lat' dir='ltr'><strong>P.</strong></span> <span class='ocrx_word' id='word_1_426' title='bbox 2681 2072 2822 2136; x_wconf 89' lang='lat' dir='ltr'><strong>Nisi</strong></span> <span class='ocrx_word' id='word_1_427' title='bbox 2868 2072 3155 2138; x_wconf 88' lang='lat' dir='ltr'><strong>dolorem</strong></span> <span class='ocrx_word' id='word_1_428' title='bbox 3213 2075 3415 2139; x_wconf 90' lang='lat' dir='ltr'><strong>animi</strong></span> <span class='ocrx_word' id='word_1_429' title='bbox 3473 2074 3710 2138; x_wconf 87' lang='lat' dir='ltr'><strong>leniret</strong></span> <span class='ocrx_word' id='word_1_430' title='bbox 3765 2076 4187 2156; x_wconf 85' lang='lat' dir='ltr'><strong>querimonia,</strong></span> 
     </span>
     <span class='ocr_line' id='line_1_68' title="bbox 2249 2157 4188 2243; baseline 0.001 -20"><span class='ocrx_word' id='word_1_431' title='bbox 2249 2177 2327 2223; x_wconf 77' lang='lat' dir='ltr'><strong>ea</strong></span> <span class='ocrx_word' id='word_1_432' title='bbox 2361 2157 2744 2242; x_wconf 87' lang='lat' dir='ltr'><strong>praesertim</strong></span> <span class='ocrx_word' id='word_1_433' title='bbox 2780 2178 2946 2241; x_wconf 89' lang='lat' dir='ltr'><strong>quae</strong></span> <span class='ocrx_word' id='word_1_434' title='bbox 2978 2159 3049 2222; x_wconf 91' lang='lat' dir='ltr'><strong>in</strong></span> <span class='ocrx_word' id='word_1_435' title='bbox 3084 2160 3300 2224; x_wconf 89' lang='lat' dir='ltr'><strong>sinum</strong></span> <span class='ocrx_word' id='word_1_436' title='bbox 3334 2160 3527 2226; x_wconf 88' lang='lat' dir='ltr'><strong>amici</strong></span> <span class='ocrx_word' id='word_1_437' title='bbox 3564 2160 4028 2243; x_wconf 80' lang='lat' dir='ltr'><strong>christianique</strong></span> <span class='ocrx_word' id='word_1_438' title='bbox 4061 2161 4188 2225; x_wconf 85' lang='lat' dir='ltr'><strong>viri</strong></span> 
     </span>
     <span class='ocr_line' id='line_1_69' title="bbox 2250 2244 4188 2322; baseline 0.002 -15"><span class='ocrx_word' id='word_1_439' title='bbox 2250 2244 2637 2321; x_wconf 78' lang='lat' dir='ltr'><strong>iniicitur,²)</strong></span> <span class='ocrx_word' id='word_1_440' title='bbox 2698 2244 2761 2308; x_wconf 92' lang='lat' dir='ltr'><strong>lo</strong></span> <span class='ocrx_word' id='word_1_441' title='bbox 2931 2265 3108 2309; x_wconf 91' lang='grc'><strong>0000</strong></span> <span class='ocrx_word' id='word_1_442' title='bbox 3151 2244 3412 2310; x_wconf 89' lang='lat' dir='ltr'><strong>mallem</strong></span> <span class='ocrx_word' id='word_1_443' title='bbox 3433 2297 3448 2322; x_wconf 87' lang='lat'><strong>,</strong></span> <span class='ocrx_word' id='word_1_444' title='bbox 3492 2246 3596 2308; x_wconf 82' lang='lat' dir='ltr'><strong>vir</strong></span> <span class='ocrx_word' id='word_1_445' title='bbox 3638 2247 3854 2310; x_wconf 90' lang='lat' dir='ltr'><strong>animo</strong></span> <span class='ocrx_word' id='word_1_446' title='bbox 3893 2265 4037 2309; x_wconf 86' lang='lat' dir='ltr'><strong>mco</strong></span> <span class='ocrx_word' id='word_1_447' title='bbox 4080 2267 4188 2311; x_wconf 89' lang='lat' dir='ltr'><strong>ca-</strong></span> 
     </span>
     <span class='ocr_line' id='line_1_70' title="bbox 2250 2328 4187 2414; baseline 0.001 -19"><span class='ocrx_word' id='word_1_448' title='bbox 2250 2329 2505 2395; x_wconf 89' lang='lat' dir='ltr'><strong>rissime</strong></span> <span class='ocrx_word' id='word_1_449' title='bbox 2519 2379 2533 2406; x_wconf 91' lang='lat'><strong><em>,</em></strong></span> <span class='ocrx_word' id='word_1_450' title='bbox 2588 2350 2737 2394; x_wconf 91' lang='lat' dir='ltr'><strong>cum</strong></span> <span class='ocrx_word' id='word_1_451' title='bbox 2838 2328 3054 2392; x_wconf 91' lang='lat' dir='ltr'><strong>imone</strong></span> <span class='ocrx_word' id='word_1_452' title='bbox 3095 2329 3208 2395; x_wconf 89' lang='lat' dir='ltr'><strong>illo</strong></span> <span class='ocrx_word' id='word_1_453' title='bbox 3250 2330 3463 2414; x_wconf 89' lang='lat' dir='ltr'><strong>aliquo</strong></span> <span class='ocrx_word' id='word_1_454' title='bbox 3508 2330 3845 2396; x_wconf 88' lang='lat' dir='ltr'><strong>abstrusus</strong></span> <span class='ocrx_word' id='word_1_455' title='bbox 3888 2331 4187 2410; x_wconf 85' lang='lat' dir='ltr'><strong>obticere,</strong></span> 
     </span>
     <span class='ocr_line' id='line_1_71' title="bbox 2249 2413 4189 2564; baseline 0.001 -85"><span class='ocrx_word' id='word_1_456' title='bbox 2249 2434 2445 2564; x_wconf 52' lang='lat' dir='ltr'><strong>guam</strong></span> <span class='ocrx_word' id='word_1_457' title='bbox 2488 2413 2759 2479; x_wconf 82' lang='lat' dir='ltr'><strong>verbum</strong></span> <span class='ocrx_word' id='word_1_458' title='bbox 2802 2414 3013 2479; x_wconf 88' lang='lat' dir='ltr'><strong>ullum</strong></span> <span class='ocrx_word' id='word_1_459' title='bbox 3056 2415 3377 2499; x_wconf 88' lang='lat' dir='ltr'><strong>proloqui:</strong></span> <span class='ocrx_word' id='word_1_460' title='bbox 3446 2423 3561 2480; x_wconf 88' lang='lat' dir='ltr'><strong>aut</strong></span> <span class='ocrx_word' id='word_1_461' title='bbox 3613 2416 3668 2481; x_wconf 89' lang='lat' dir='ltr'><strong>si</strong></span> <span class='ocrx_word' id='word_1_462' title='bbox 3729 2415 3884 2497; x_wconf 90' lang='lat' dir='ltr'><strong>quid</strong></span> <span class='ocrx_word' id='word_1_463' title='bbox 3928 2424 4189 2481; x_wconf 87' lang='lat' dir='ltr'><strong>tentan-</strong></span> 
     </span>
    </p>

    <p class='ocr_par' dir='ltr' id='par_1_21' title="bbox 2250 2498 4200 4204">
     <span class='ocr_line' id='line_1_72' title="bbox 2295 2498 4191 2585; baseline 0.001 -20"><span class='ocrx_word' id='word_1_464' title='bbox 2295 2521 2406 2565; x_wconf 91' lang='lat' dir='ltr'><strong>um</strong></span> <span class='ocrx_word' id='word_1_465' title='bbox 2450 2499 2648 2579; x_wconf 89' lang='lat' dir='ltr'><strong>foret‚</strong></span> <span class='ocrx_word' id='word_1_466' title='bbox 2706 2498 2907 2583; x_wconf 78' lang='lat' dir='ltr'><strong>elegis</strong></span> <span class='ocrx_word' id='word_1_467' title='bbox 2964 2501 3180 2582; x_wconf 87' lang='lat' dir='ltr'><strong>potius</strong></span> <span class='ocrx_word' id='word_1_468' title='bbox 3233 2500 3590 2566; x_wconf 88' lang='lat' dir='ltr'><strong>scribendis</strong></span> <span class='ocrx_word' id='word_1_469' title='bbox 3645 2521 3839 2584; x_wconf 91' lang='lat' dir='ltr'><strong>quam</strong></span> <span class='ocrx_word' id='word_1_470' title='bbox 3883 2502 4191 2585; x_wconf 88' lang='lat' dir='ltr'><strong>epistolae</strong></span> 
     </span>
     <span class='ocr_line' id='line_1_73' title="bbox 2250 2584 4191 2670; baseline 0 -18"><span class='ocrx_word' id='word_1_471' title='bbox 2250 2584 2574 2652; x_wconf 86' lang='lat' dir='ltr'><strong>calamum</strong></span> <span class='ocrx_word' id='word_1_472' title='bbox 2620 2584 3053 2650; x_wconf 83' lang='lat' dir='ltr'><strong>admoverem.</strong></span> <span class='ocrx_word' id='word_1_473' title='bbox 3127 2586 3379 2651; x_wconf 89' lang='lat' dir='ltr'><strong>Verum</strong></span> <span class='ocrx_word' id='word_1_474' title='bbox 3421 2607 3624 2670; x_wconf 90' lang='lat' dir='ltr'><strong>quum</strong></span> <span class='ocrx_word' id='word_1_475' title='bbox 3670 2593 3738 2651; x_wconf 89' lang='lat' dir='ltr'><strong>te</strong></span> <span class='ocrx_word' id='word_1_476' title='bbox 3780 2606 3857 2651; x_wconf 90' lang='lat' dir='ltr'><strong>eo</strong></span> <span class='ocrx_word' id='word_1_477' title='bbox 3900 2586 4040 2652; x_wconf 91' lang='lat' dir='ltr'><strong>loco</strong></span> <span class='ocrx_word' id='word_1_478' title='bbox 4079 2588 4191 2652; x_wconf 82' lang='lat' dir='ltr'><strong>ha-</strong></span> 
     </span>
     <span class='ocr_line' id='line_1_74' title="bbox 2252 2670 4191 2752; baseline 0.001 -16"><span class='ocrx_word' id='word_1_479' title='bbox 2252 2672 2440 2736; x_wconf 89' lang='lat' dir='ltr'><strong>beam</strong></span> <span class='ocrx_word' id='word_1_480' title='bbox 2484 2679 2559 2735; x_wconf 92' lang='lat' dir='ltr'><strong>ut</strong></span> <span class='ocrx_word' id='word_1_481' title='bbox 2600 2671 2711 2752; x_wconf 91' lang='lat' dir='ltr'><strong>qui</strong></span> <span class='ocrx_word' id='word_1_482' title='bbox 2752 2670 3171 2736; x_wconf 86' lang='lat' dir='ltr'><strong>christianius</strong></span> <span class='ocrx_word' id='word_1_483' title='bbox 3227 2672 3614 2737; x_wconf 87' lang='lat' dir='ltr'><strong>afflictorum</strong></span> <span class='ocrx_word' id='word_1_484' title='bbox 3667 2670 3857 2737; x_wconf 89' lang='lat' dir='ltr'><strong>malis</strong></span> <span class='ocrx_word' id='word_1_485' title='bbox 3911 2670 4191 2738; x_wconf 89' lang='lat' dir='ltr'><strong>indoles-</strong></span> 
     </span>
     <span class='ocr_line' id='line_1_75' title="bbox 2252 2756 4189 2840; baseline 0.001 -19"><span class='ocrx_word' id='word_1_486' title='bbox 2252 2765 2355 2821; x_wconf 82' lang='lat' dir='ltr'><strong>cat</strong></span> <span class='ocrx_word' id='word_1_487' title='bbox 2396 2767 2620 2839; x_wconf 89' lang='lat' dir='ltr'><strong>putem</strong></span> <span class='ocrx_word' id='word_1_488' title='bbox 2663 2776 2804 2821; x_wconf 84' lang='lat' dir='ltr'><strong>esse</strong></span> <span class='ocrx_word' id='word_1_489' title='bbox 2839 2756 3187 2834; x_wconf 87' lang='lat' dir='ltr'><strong>neminem,</strong></span> <span class='ocrx_word' id='word_1_490' title='bbox 3228 2758 3466 2840; x_wconf 88' lang='lat' dir='ltr'><strong>partim</strong></span> <span class='ocrx_word' id='word_1_491' title='bbox 3512 2758 3711 2822; x_wconf 84' lang='lat' dir='ltr'><strong>etiam</strong></span> <span class='ocrx_word' id='word_1_492' title='bbox 3747 2778 3980 2823; x_wconf 80' lang='lat' dir='ltr'><strong>verear</strong></span> <span class='ocrx_word' id='word_1_493' title='bbox 4012 2779 4189 2823; x_wconf 89' lang='grc'><strong>0000</strong></span> 
     </span>
     <span class='ocr_line' id='line_1_76' title="bbox 2252 2841 4191 2909; baseline 0.001 -3"><span class='ocrx_word' id='word_1_494' title='bbox 2252 2842 2350 2906; x_wconf 90' lang='lat' dir='ltr'><strong>tui</strong></span> <span class='ocrx_word' id='word_1_495' title='bbox 2392 2842 2664 2908; x_wconf 89' lang='lat' dir='ltr'><strong>suborta</strong></span> <span class='ocrx_word' id='word_1_496' title='bbox 2705 2841 3148 2907; x_wconf 89' lang='lat' dir='ltr'><strong>recordatione</strong></span> <span class='ocrx_word' id='word_1_497' title='bbox 3189 2863 3274 2907; x_wconf 92' lang='lat' dir='ltr'><strong>ne</strong></span> <span class='ocrx_word' id='word_1_498' title='bbox 3316 2844 3387 2907; x_wconf 87' lang='lat' dir='ltr'><strong>in</strong></span> <span class='ocrx_word' id='word_1_499' title='bbox 3431 2842 3755 2909; x_wconf 84' lang='lat' dir='ltr'><strong>scribendi</strong></span> <span class='ocrx_word' id='word_1_500' title='bbox 3810 2842 3892 2907; x_wconf 87' lang='lat' dir='ltr'><strong>ad</strong></span> <span class='ocrx_word' id='word_1_501' title='bbox 3938 2851 4004 2907; x_wconf 91' lang='lat' dir='ltr'><strong>te</strong></span> <span class='ocrx_word' id='word_1_502' title='bbox 4046 2842 4191 2908; x_wconf 86' lang='lat' dir='ltr'><strong>offi-</strong></span> 
     </span>
     <span class='ocr_line' id='line_1_77' title="bbox 2252 2925 4194 3009; baseline 0.001 -17"><span class='ocrx_word' id='word_1_503' title='bbox 2252 2928 2351 2992; x_wconf 91' lang='lat' dir='ltr'><strong>cio</strong></span> <span class='ocrx_word' id='word_1_504' title='bbox 2396 2925 2640 2991; x_wconf 84' lang='lat' dir='ltr'><strong>tardior</strong></span> <span class='ocrx_word' id='word_1_505' title='bbox 2682 2947 2884 3009; x_wconf 90' lang='lat' dir='ltr'><strong>aequo</strong></span> <span class='ocrx_word' id='word_1_506' title='bbox 2926 2927 3160 2992; x_wconf 81' lang='lat' dir='ltr'><strong>fuerim</strong></span> <span class='ocrx_word' id='word_1_507' title='bbox 3205 2927 3523 2994; x_wconf 86' lang='lat' dir='ltr'><strong>hactenus</strong></span> <span class='ocrx_word' id='word_1_508' title='bbox 3539 2979 3553 3005; x_wconf 89' lang='lat'>‚</span> <span class='ocrx_word' id='word_1_509' title='bbox 3598 2927 3760 2991; x_wconf 91' lang='lat' dir='ltr'><strong>mihi</strong></span> <span class='ocrx_word' id='word_1_510' title='bbox 3804 2928 4020 2993; x_wconf 79' lang='lat' dir='ltr'><strong>visum</strong></span> <span class='ocrx_word' id='word_1_511' title='bbox 4066 2927 4194 2993; x_wconf 89' lang='lat' dir='ltr'><strong>fuit</strong></span> 
     </span>
     <span class='ocr_line' id='line_1_78' title="bbox 2254 3011 4193 3096; baseline 0.001 -20"><span class='ocrx_word' id='word_1_512' title='bbox 2254 3011 2600 3078; x_wconf 89' lang='lat' dir='ltr'><strong>tacendum</strong></span> <span class='ocrx_word' id='word_1_513' title='bbox 2659 3032 2795 3077; x_wconf 89' lang='lat' dir='ltr'><strong>non</strong></span> <span class='ocrx_word' id='word_1_514' title='bbox 2839 3033 2979 3078; x_wconf 88' lang='grc'><strong>0000</strong></span> <span class='ocrx_word' id='word_1_515' title='bbox 3023 3012 3282 3079; x_wconf 85' lang='lat' dir='ltr'><strong>diutius.</strong></span> <span class='ocrx_word' id='word_1_516' title='bbox 3373 3015 3604 3096; x_wconf 89' lang='lat' dir='ltr'><strong>Itaque</strong></span> <span class='ocrx_word' id='word_1_517' title='bbox 3662 3021 3734 3077; x_wconf 90' lang='lat' dir='ltr'><strong>ut</strong></span> <span class='ocrx_word' id='word_1_518' title='bbox 3790 3013 4008 3079; x_wconf 91' lang='lat' dir='ltr'><strong>luctus</strong></span> <span class='ocrx_word' id='word_1_519' title='bbox 4060 3015 4193 3079; x_wconf 88' lang='lat' dir='ltr'><strong>mei</strong></span> 
     </span>
     <span class='ocr_line' id='line_1_79' title="bbox 2251 3096 4191 3182; baseline 0.001 -19"><span class='ocrx_word' id='word_1_520' title='bbox 2251 3117 2514 3163; x_wconf 89' lang='lat' dir='ltr'><strong>causam</strong></span> <span class='ocrx_word' id='word_1_521' title='bbox 2537 3096 2655 3163; x_wconf 91' lang='lat' dir='ltr'><strong>tibi</strong></span> <span class='ocrx_word' id='word_1_522' title='bbox 2688 3098 2991 3182; x_wconf 89' lang='lat' dir='ltr'><strong>inprimis</strong></span> <span class='ocrx_word' id='word_1_523' title='bbox 3027 3099 3329 3181; x_wconf 88' lang='lat' dir='ltr'><strong>aperiam,</strong></span> <span class='ocrx_word' id='word_1_524' title='bbox 3375 3099 3528 3163; x_wconf 90' lang='lat' dir='ltr'><strong>hinc</strong></span> <span class='ocrx_word' id='word_1_525' title='bbox 3548 3106 3808 3163; x_wconf 88' lang='lat' dir='ltr'><strong>nostrae</strong></span> <span class='ocrx_word' id='word_1_526' title='bbox 3840 3098 4191 3182; x_wconf 82' lang='lat' dir='ltr'><strong>lacrymae,</strong></span> 
     </span>
     <span class='ocr_line' id='line_1_80' title="bbox 2254 3182 4191 3267; baseline 0 -19"><span class='ocrx_word' id='word_1_527' title='bbox 2254 3183 2412 3248; x_wconf 87' lang='lat' dir='ltr'><strong>haec</strong></span> <span class='ocrx_word' id='word_1_528' title='bbox 2457 3190 2682 3248; x_wconf 84' lang='lat' dir='ltr'><strong>nostra</strong></span> <span class='ocrx_word' id='word_1_529' title='bbox 2742 3182 2850 3246; x_wconf 89' lang='lat' dir='ltr'><strong>hic</strong></span> <span class='ocrx_word' id='word_1_530' title='bbox 2906 3184 3198 3247; x_wconf 90' lang='lat' dir='ltr'><strong>omnium</strong></span> <span class='ocrx_word' id='word_1_531' title='bbox 3250 3184 3385 3249; x_wconf 89' lang='lat' dir='ltr'><strong>fere</strong></span> <span class='ocrx_word' id='word_1_532' title='bbox 3438 3184 3800 3249; x_wconf 89' lang='lat' dir='ltr'><strong>communis</strong></span> <span class='ocrx_word' id='word_1_533' title='bbox 3853 3182 4191 3267; x_wconf 83' lang='lat' dir='ltr'><strong>aegritudo</strong></span> 
     </span>
     <span class='ocr_line' id='line_1_81' title="bbox 2253 3266 4193 3351; baseline -0.001 -16"><span class='ocrx_word' id='word_1_534' title='bbox 2253 3277 2371 3346; x_wconf 84' lang='lat' dir='ltr'><strong>est,</strong></span> <span class='ocrx_word' id='word_1_535' title='bbox 2418 3266 2592 3351; x_wconf 88' lang='lat' dir='ltr'><strong>quod</strong></span> <span class='ocrx_word' id='word_1_536' title='bbox 2636 3269 2760 3333; x_wconf 91' lang='lat' dir='ltr'><strong>hoc</strong></span> <span class='ocrx_word' id='word_1_537' title='bbox 2793 3269 2932 3351; x_wconf 87' lang='lat' dir='ltr'><strong>ipso</strong></span> <span class='ocrx_word' id='word_1_538' title='bbox 2976 3267 3098 3344; x_wconf 86' lang='lat' dir='ltr'><strong>die,</strong></span> <span class='ocrx_word' id='word_1_539' title='bbox 3119 3272 3178 3342; x_wconf 79' lang='lat'><strong>⁸)</strong></span> <span class='ocrx_word' id='word_1_540' title='bbox 3223 3268 3344 3334; x_wconf 88' lang='lat' dir='ltr'><strong>sub</strong></span> <span class='ocrx_word' id='word_1_541' title='bbox 3379 3270 3610 3335; x_wconf 89' lang='lat' dir='ltr'><strong>horam</strong></span> <span class='ocrx_word' id='word_1_542' title='bbox 3643 3270 3898 3335; x_wconf 88' lang='lat' dir='ltr'><strong>circiter</strong></span> <span class='ocrx_word' id='word_1_543' title='bbox 3930 3289 4193 3347; x_wconf 89' lang='lat' dir='ltr'><strong>nonam,</strong></span> 
     </span>
     <span class='ocr_line' id='line_1_82' title="bbox 2253 3352 4197 3438; baseline 0.001 -21"><span class='ocrx_word' id='word_1_544' title='bbox 2253 3354 2401 3437; x_wconf 88' lang='lat' dir='ltr'><strong>piae</strong></span> <span class='ocrx_word' id='word_1_545' title='bbox 2443 3354 2794 3419; x_wconf 89' lang='lat' dir='ltr'><strong>memoriae</strong></span> <span class='ocrx_word' id='word_1_546' title='bbox 2842 3352 3210 3419; x_wconf 64' lang='lat' dir='ltr'><strong>Somersothi</strong></span> <span class='ocrx_word' id='word_1_547' title='bbox 3267 3354 3402 3420; x_wconf 83' lang='lat' dir='ltr'><strong>dux</strong></span> <span class='ocrx_word' id='word_1_548' title='bbox 3419 3407 3435 3434; x_wconf 90' lang='lat'>,</span> <span class='ocrx_word' id='word_1_549' title='bbox 3488 3353 3556 3420; x_wconf 91' lang='lat' dir='ltr'><strong>id</strong></span> <span class='ocrx_word' id='word_1_550' title='bbox 3614 3362 4029 3438; x_wconf 84' lang='lat' dir='ltr'><strong>exspectante</strong></span> <span class='ocrx_word' id='word_1_551' title='bbox 4082 3362 4197 3420; x_wconf 90' lang='lat' dir='ltr'><strong>aut</strong></span> 
     </span>
     <span class='ocr_line' id='line_1_83' title="bbox 2256 3438 4198 3517; baseline -0.001 -12"><span class='ocrx_word' id='word_1_552' title='bbox 2256 3438 2701 3505; x_wconf 87' lang='lat' dir='ltr'><strong>subolescente</strong></span> <span class='ocrx_word' id='word_1_553' title='bbox 2744 3440 2879 3503; x_wconf 88' lang='lat' dir='ltr'><strong>fere</strong></span> <span class='ocrx_word' id='word_1_554' title='bbox 2923 3440 3204 3517; x_wconf 90' lang='lat' dir='ltr'><strong>nemine,</strong></span> <span class='ocrx_word' id='word_1_555' title='bbox 3249 3441 3319 3505; x_wconf 93' lang='lat' dir='ltr'><strong>in</strong></span> <span class='ocrx_word' id='word_1_556' title='bbox 3364 3441 3696 3505; x_wconf 87' lang='lat' dir='ltr'><strong>theatrum</strong></span> <span class='ocrx_word' id='word_1_557' title='bbox 3784 3439 4069 3507; x_wconf 90' lang='lat' dir='ltr'><strong>ublicum</strong></span> <span class='ocrx_word' id='word_1_558' title='bbox 4113 3439 4198 3504; x_wconf 85' lang='lat' dir='ltr'><strong>ad</strong></span> 
     </span>
     <span class='ocr_line' id='line_1_84' title="bbox 2255 3524 4044 3609; baseline 0 -19"><span class='ocrx_word' id='word_1_559' title='bbox 2255 3524 2488 3608; x_wconf 90' lang='lat' dir='ltr'><strong>capitis</strong></span> <span class='ocrx_word' id='word_1_560' title='bbox 2532 3524 2924 3608; x_wconf 89' lang='lat' dir='ltr'><strong>supplicium</strong></span> <span class='ocrx_word' id='word_1_561' title='bbox 2966 3533 3197 3608; x_wconf 87' lang='lat' dir='ltr'><strong>raptus</strong></span> <span class='ocrx_word' id='word_1_562' title='bbox 3240 3526 3454 3592; x_wconf 80' lang='lat' dir='ltr'><strong>fuerit.</strong></span> <span class='ocrx_word' id='word_1_563' title='bbox 3544 3526 3714 3609; x_wconf 85' lang='lat' dir='ltr'><strong>Equi</strong></span> <span class='ocrx_word' id='word_1_564' title='bbox 3762 3547 3866 3590; x_wconf 91' lang='lat' dir='ltr'><strong>em</strong></span> <span class='ocrx_word' id='word_1_565' title='bbox 3909 3525 3971 3590; x_wconf 90' lang='lat' dir='ltr'><strong>ei</strong></span> <span class='ocrx_word' id='word_1_566' title='bbox 4012 3547 4044 3590; x_wconf 90' lang='lat' dir='ltr'><strong>s</strong></span> 
     </span>
     <span class='ocr_line' id='line_1_85' title="bbox 2257 3609 4195 3693; baseline -0.001 -18"><span class='ocrx_word' id='word_1_567' title='bbox 2257 3609 2474 3675; x_wconf 85' lang='lat' dir='ltr'><strong>taculo</strong></span> <span class='ocrx_word' id='word_1_568' title='bbox 2533 3631 2664 3675; x_wconf 92' lang='lat' dir='ltr'><strong>non</strong></span> <span class='ocrx_word' id='word_1_569' title='bbox 2724 3612 2862 3693; x_wconf 90' lang='lat' dir='ltr'><strong>ipse</strong></span> <span class='ocrx_word' id='word_1_570' title='bbox 2917 3611 3182 3676; x_wconf 80' lang='lat' dir='ltr'><strong>interfui</strong></span> <span class='ocrx_word' id='word_1_571' title='bbox 3248 3613 3330 3678; x_wconf 93' lang='lat' dir='ltr'><strong>ob</strong></span> <span class='ocrx_word' id='word_1_572' title='bbox 3373 3619 3581 3677; x_wconf 89' lang='lat' dir='ltr'><strong>certas</strong></span> <span class='ocrx_word' id='word_1_573' title='bbox 3625 3631 3886 3688; x_wconf 87' lang='lat' dir='ltr'><strong>causas,</strong></span> <span class='ocrx_word' id='word_1_574' title='bbox 3951 3630 4022 3674; x_wconf 90' lang='lat' dir='ltr'><strong>se</strong></span> <span class='ocrx_word' id='word_1_575' title='bbox 4111 3629 4195 3674; x_wconf 83' lang='lat' dir='ltr'><strong>ex</strong></span> 
     </span>
     <span class='ocr_line' id='line_1_86' title="bbox 2257 3694 4198 3780; baseline -0.001 -20"><span class='ocrx_word' id='word_1_576' title='bbox 2257 3696 2502 3761; x_wconf 87' lang='lat' dir='ltr'><strong>nostris</strong></span> <span class='ocrx_word' id='word_1_577' title='bbox 2544 3696 2908 3780; x_wconf 89' lang='lat' dir='ltr'><strong>complures</strong></span> <span class='ocrx_word' id='word_1_578' title='bbox 2951 3696 3068 3760; x_wconf 90' lang='lat' dir='ltr'><strong>tibi</strong></span> <span class='ocrx_word' id='word_1_579' title='bbox 3114 3697 3382 3762; x_wconf 91' lang='lat' dir='ltr'><strong>minime</strong></span> <span class='ocrx_word' id='word_1_580' title='bbox 3425 3696 3632 3780; x_wconf 79' lang='lat' dir='ltr'><strong>ignoti</strong></span> <span class='ocrx_word' id='word_1_581' title='bbox 3667 3697 3889 3761; x_wconf 87' lang='lat' dir='ltr'><strong>statim</strong></span> <span class='ocrx_word' id='word_1_582' title='bbox 3933 3694 4041 3760; x_wconf 92' lang='lat' dir='ltr'><strong>ubi</strong></span> <span class='ocrx_word' id='word_1_583' title='bbox 4091 3715 4198 3759; x_wconf 89' lang='lat' dir='ltr'><strong>res</strong></span> 
     </span>
     <span class='ocr_line' id='line_1_87' title="bbox 2259 3780 4200 3866; baseline 0.001 -22"><span class='ocrx_word' id='word_1_584' title='bbox 2259 3790 2520 3864; x_wconf 81' lang='lat' dir='ltr'><strong>peracta</strong></span> <span class='ocrx_word' id='word_1_585' title='bbox 2561 3781 2685 3845; x_wconf 83' lang='lat' dir='ltr'><strong>fuit</strong></span> <span class='ocrx_word' id='word_1_586' title='bbox 2728 3781 2892 3844; x_wconf 88' lang='lat' dir='ltr'><strong>mihi</strong></span> <span class='ocrx_word' id='word_1_587' title='bbox 2933 3781 3190 3846; x_wconf 85' lang='lat' dir='ltr'><strong>obviam</strong></span> <span class='ocrx_word' id='word_1_588' title='bbox 3233 3783 3304 3846; x_wconf 93' lang='lat' dir='ltr'><strong>in</strong></span> <span class='ocrx_word' id='word_1_589' title='bbox 3348 3782 3562 3866; x_wconf 88' lang='lat' dir='ltr'><strong>platea</strong></span> <span class='ocrx_word' id='word_1_590' title='bbox 3598 3800 3855 3857; x_wconf 87' lang='lat' dir='ltr'><strong>venere,</strong></span> <span class='ocrx_word' id='word_1_591' title='bbox 3900 3781 4013 3862; x_wconf 91' lang='lat' dir='ltr'><strong>qui</strong></span> <span class='ocrx_word' id='word_1_592' title='bbox 4057 3780 4200 3846; x_wconf 81' lang='lat' dir='ltr'><strong>visa</strong></span> 
     </span>
     <span class='ocr_line' id='line_1_88' title="bbox 2257 3864 4196 3948; baseline -0.002 -17"><span class='ocrx_word' id='word_1_593' title='bbox 2257 3877 2451 3948; x_wconf 88' lang='lat' dir='ltr'><strong>atque</strong></span> <span class='ocrx_word' id='word_1_594' title='bbox 2496 3865 2722 3931; x_wconf 86' lang='lat' dir='ltr'><strong>audita</strong></span> <span class='ocrx_word' id='word_1_595' title='bbox 2763 3887 2896 3930; x_wconf 93' lang='lat' dir='ltr'><strong>non</strong></span> <span class='ocrx_word' id='word_1_596' title='bbox 2939 3867 3125 3932; x_wconf 88' lang='lat' dir='ltr'><strong>siccis</strong></span> <span class='ocrx_word' id='word_1_597' title='bbox 3168 3867 3369 3932; x_wconf 87' lang='lat' dir='ltr'><strong>oculis</strong></span> <span class='ocrx_word' id='word_1_598' title='bbox 3412 3888 3494 3930; x_wconf 85' lang='lat' dir='ltr'><strong>ex</strong></span> <span class='ocrx_word' id='word_1_599' title='bbox 3539 3865 3767 3930; x_wconf 90' lang='lat' dir='ltr'><strong>ordine</strong></span> <span class='ocrx_word' id='word_1_600' title='bbox 3810 3864 4196 3944; x_wconf 83' lang='lat' dir='ltr'><strong>retulerunt,</strong></span> 
     </span>
     <span class='ocr_line' id='line_1_89' title="bbox 2256 3949 4197 4034; baseline 0 -19"><span class='ocrx_word' id='word_1_601' title='bbox 2256 3953 2429 4016; x_wconf 88' lang='lat' dir='ltr'><strong>inter</strong></span> <span class='ocrx_word' id='word_1_602' title='bbox 2490 3972 2650 4033; x_wconf 89' lang='lat' dir='ltr'><strong>quos</strong></span> <span class='ocrx_word' id='word_1_603' title='bbox 2719 3952 2866 4034; x_wconf 88' lang='lat' dir='ltr'><strong>pius</strong></span> <span class='ocrx_word' id='word_1_604' title='bbox 2936 3959 3157 4017; x_wconf 89' lang='lat' dir='ltr'><strong>noster</strong></span> <span class='ocrx_word' id='word_1_605' title='bbox 3215 3952 3616 4017; x_wconf 83' lang='lat' dir='ltr'><strong>ecclesiastes</strong></span> <span class='ocrx_word' id='word_1_606' title='bbox 3673 3949 3758 4014; x_wconf 92' lang='lat' dir='ltr'><strong>D.</strong></span> <span class='ocrx_word' id='word_1_607' title='bbox 3818 3949 4197 4028; x_wconf 74' lang='lat' dir='ltr'><strong>Richardue‚</strong></span> 
     </span>
     <span class='ocr_line' id='line_1_90' title="bbox 2273 4035 4198 4119; baseline -0.002 -15"><span class='ocrx_word' id='word_1_608' title='bbox 2273 4035 2668 4115; x_wconf 66' lang='lat' dir='ltr'><strong>Utenhovius,</strong></span> <span class='ocrx_word' id='word_1_609' title='bbox 2693 4042 2749 4112; x_wconf 86' lang='lat'><strong>⁴)</strong></span> <span class='ocrx_word' id='word_1_610' title='bbox 2806 4038 3072 4119; x_wconf 83' lang='lat' dir='ltr'><strong>eiusque</strong></span> <span class='ocrx_word' id='word_1_611' title='bbox 3117 4045 3309 4101; x_wconf 89' lang='lat' dir='ltr'><strong>notae</strong></span> <span class='ocrx_word' id='word_1_612' title='bbox 3351 4035 3646 4118; x_wconf 88' lang='lat' dir='ltr'><strong>plurimi,</strong></span> <span class='ocrx_word' id='word_1_613' title='bbox 3713 4056 3986 4118; x_wconf 90' lang='lat' dir='ltr'><strong>quorum</strong></span> <span class='ocrx_word' id='word_1_614' title='bbox 4030 4056 4198 4101; x_wconf 91' lang='lat' dir='ltr'><strong>non-</strong></span> 
     </span>
     <span class='ocr_line' id='line_1_91' title="bbox 2259 4119 4197 4204; baseline -0.002 -17"><span class='ocrx_word' id='word_1_615' title='bbox 2259 4122 2425 4187; x_wconf 88' lang='lat' dir='ltr'><strong>nulli</strong></span> <span class='ocrx_word' id='word_1_616' title='bbox 2472 4124 2746 4187; x_wconf 90' lang='lat' dir='ltr'><strong>scientes</strong></span> <span class='ocrx_word' id='word_1_617' title='bbox 2791 4121 3155 4187; x_wconf 86' lang='lat' dir='ltr'><strong>britannice</strong></span> <span class='ocrx_word' id='word_1_618' title='bbox 3199 4122 3396 4185; x_wconf 83' lang='lat' dir='ltr'><strong>verba</strong></span> <span class='ocrx_word' id='word_1_619' title='bbox 3429 4141 3635 4204; x_wconf 85' lang='lat' dir='ltr'><strong>paene</strong></span> <span class='ocrx_word' id='word_1_620' title='bbox 3678 4119 3937 4204; x_wconf 78' lang='lat' dir='ltr'><strong>sing-ula</strong></span> <span class='ocrx_word' id='word_1_621' title='bbox 3972 4122 4197 4185; x_wconf 89' lang='lat' dir='ltr'><strong>statim</strong></span> 
     </span>
    </p>
   </div>
   <div class='ocr_carea' id='block_1_15' title="bbox 2136 4205 4198 4292">
    <p class='ocr_par' dir='ltr' id='par_1_22' title="bbox 2136 4205 4198 4292">
     <span class='ocr_line' id='line_1_92' title="bbox 2136 4205 4198 4292; baseline -0.001 -19"><span class='ocrx_word' id='word_1_622' title='bbox 2136 4220 2146 4229; x_wconf 82' lang='lat'><strong>‘</strong></span> <span class='ocrx_word' id='word_1_623' title='bbox 2258 4208 2561 4273; x_wconf 90' lang='lat' dir='ltr'><strong>morituri</strong></span> <span class='ocrx_word' id='word_1_624' title='bbox 2595 4207 2945 4292; x_wconf 83' lang='lat' dir='ltr'><strong>diligenter</strong></span> <span class='ocrx_word' id='word_1_625' title='bbox 2980 4205 3418 4271; x_wconf 79' lang='lat' dir='ltr'><strong>adverterant.</strong></span> <span class='ocrx_word' id='word_1_626' title='bbox 3490 4207 3702 4271; x_wconf 85' lang='lat' dir='ltr'><strong>Aiunt</strong></span> <span class='ocrx_word' id='word_1_627' title='bbox 3735 4207 3907 4271; x_wconf 85' lang='lat' dir='ltr'><strong>inter</strong></span> <span class='ocrx_word' id='word_1_628' title='bbox 3940 4212 4198 4272; x_wconf 87' lang='lat' dir='ltr'><strong>caetera</strong></span> 
     </span>
    </p>
   </div>
   <div class='ocr_carea' id='block_1_16' title="bbox 2257 4291 4200 4547">
    <p class='ocr_par' dir='ltr' id='par_1_23' title="bbox 2257 4291 4200 4547">
     <span class='ocr_line' id='line_1_93' title="bbox 2257 4291 4199 4375; baseline -0.001 -17"><span class='ocrx_word' id='word_1_629' title='bbox 2257 4293 2500 4359; x_wconf 78' lang='lat' dir='ltr'><strong>dixisse</strong></span> <span class='ocrx_word' id='word_1_630' title='bbox 2533 4295 2747 4375; x_wconf 86' lang='lat' dir='ltr'><strong>ipsum</strong></span> <span class='ocrx_word' id='word_1_631' title='bbox 2782 4292 3225 4366; x_wconf 87' lang='lat' dir='ltr'><strong>circumstanti</strong></span> <span class='ocrx_word' id='word_1_632' title='bbox 3260 4291 3524 4375; x_wconf 89' lang='lat' dir='ltr'><strong>populo:</strong></span> <span class='ocrx_word' id='word_1_633' title='bbox 3571 4292 3680 4356; x_wconf 85' lang='lat' dir='ltr'><strong>En</strong></span> <span class='ocrx_word' id='word_1_634' title='bbox 3714 4292 3977 4369; x_wconf 88' lang='lat' dir='ltr'><strong>morior,</strong></span> <span class='ocrx_word' id='word_1_635' title='bbox 4014 4311 4199 4375; x_wconf 89' lang='lat' dir='ltr'><strong>spec-</strong></span> 
     </span>
     <span class='ocr_line' id='line_1_94' title="bbox 2258 4376 4200 4462; baseline -0.002 -18"><span class='ocrx_word' id='word_1_636' title='bbox 2258 4387 2504 4444; x_wconf 88' lang='lat' dir='ltr'><strong>tatores</strong></span> <span class='ocrx_word' id='word_1_637' title='bbox 2546 4378 2807 4462; x_wconf 90' lang='lat' dir='ltr'><strong>optimi,</strong></span> <span class='ocrx_word' id='word_1_638' title='bbox 2855 4398 2930 4442; x_wconf 87' lang='lat' dir='ltr'><strong>ac</strong></span> <span class='ocrx_word' id='word_1_639' title='bbox 2972 4378 3112 4440; x_wconf 89' lang='lat' dir='ltr'><strong>iure</strong></span> <span class='ocrx_word' id='word_1_640' title='bbox 3155 4378 3515 4459; x_wconf 88' lang='lat' dir='ltr'><strong>meritoque</strong></span> <span class='ocrx_word' id='word_1_641' title='bbox 3557 4398 3702 4442; x_wconf 91' lang='lat' dir='ltr'><strong>meo</strong></span> <span class='ocrx_word' id='word_1_642' title='bbox 3746 4376 3911 4441; x_wconf 90' lang='lat' dir='ltr'><strong>mori</strong></span> <span class='ocrx_word' id='word_1_643' title='bbox 3954 4397 4060 4441; x_wconf 91' lang='lat' dir='ltr'><strong>me</strong></span> <span class='ocrx_word' id='word_1_644' title='bbox 4103 4376 4200 4441; x_wconf 83' lang='lat' dir='ltr'><strong>fa-</strong></span> 
     </span>
     <span class='ocr_line' id='line_1_95' title="bbox 2258 4462 4198 4547; baseline -0.001 -19"><span class='ocrx_word' id='word_1_645' title='bbox 2258 4475 2433 4541; x_wconf 88' lang='lat' dir='ltr'><strong>teor,</strong></span> <span class='ocrx_word' id='word_1_646' title='bbox 2478 4462 2647 4545; x_wconf 90' lang='lat' dir='ltr'><strong>quod</strong></span> <span class='ocrx_word' id='word_1_647' title='bbox 2693 4465 2764 4528; x_wconf 92' lang='lat' dir='ltr'><strong>in</strong></span> <span class='ocrx_word' id='word_1_648' title='bbox 2803 4462 2981 4546; x_wconf 77' lang='lat' dir='ltr'><strong>leg-es</strong></span> <span class='ocrx_word' id='word_1_649' title='bbox 3026 4463 3271 4543; x_wconf 87' lang='lat' dir='ltr'><strong>patrias</strong></span> <span class='ocrx_word' id='word_1_650' title='bbox 3315 4464 3658 4547; x_wconf 84' lang='lat' dir='ltr'><strong>regiasque</strong></span> <span class='ocrx_word' id='word_1_651' title='bbox 3700 4462 4198 4527; x_wconf 88' lang='lat' dir='ltr'><strong>constitutiones</strong></span> 
     </span>
    </p>
   </div>
   <div class='ocr_carea' id='block_1_17' title="bbox 2258 4699 4201 5388">
    <p class='ocr_par' dir='ltr' id='par_1_24' title="bbox 2258 4699 4199 4840">
     <span class='ocr_line' id='line_1_96' title="bbox 2258 4699 4199 4770; baseline -0.003 -12"><span class='ocrx_word' id='word_1_652' title='bbox 2258 4703 2434 4758; x_wconf 69' lang='lat'><strong>1⁵02.</strong></span> <span class='ocrx_word' id='word_1_653' title='bbox 2477 4704 2530 4764; x_wconf 77' lang='lat'><strong>1)</strong></span> <span class='ocrx_word' id='word_1_654' title='bbox 2574 4701 2740 4770; x_wconf 68' lang='lat' dir='ltr'><strong>Qum</strong></span> <span class='ocrx_word' id='word_1_655' title='bbox 2801 4703 3033 4766; x_wconf 70' lang='lat' dir='ltr'><strong>fratrent</strong></span> <span class='ocrx_word' id='word_1_656' title='bbox 3103 4699 3336 4754; x_wconf 73' lang='lat' dir='ltr'><strong>Falleoii</strong></span> <span class='ocrx_word' id='word_1_657' title='bbox 3382 4699 3559 4764; x_wconf 66' lang='lat' dir='ltr'><strong>fuisse</strong></span> <span class='ocrx_word' id='word_1_658' title='bbox 3622 4706 3849 4756; x_wconf 71' lang='lat' dir='ltr'><strong>constat.</strong></span> <span class='ocrx_word' id='word_1_659' title='bbox 3936 4699 4199 4754; x_wconf 56' lang='lat' dir='ltr'><strong>Editor&amp;</strong></span> 
     </span>
     <span class='ocr_line' id='line_1_97' title="bbox 2260 4768 3970 4840; baseline -0.003 -15"><span class='ocrx_word' id='word_1_660' title='bbox 2260 4773 2433 4840; x_wconf 69' lang='lat' dir='ltr'><strong>Anyti</strong></span> <span class='ocrx_word' id='word_1_661' title='bbox 2471 4768 2588 4826; x_wconf 82' lang='lat' dir='ltr'><strong>Soc.</strong></span> <span class='ocrx_word' id='word_1_662' title='bbox 2625 4769 2854 4824; x_wconf 73' lang='lat' dir='ltr'><strong>Parker.</strong></span> <span class='ocrx_word' id='word_1_663' title='bbox 2890 4784 3010 4822; x_wconf 75' lang='lat' dir='ltr'><strong>eum</strong></span> <span class='ocrx_word' id='word_1_664' title='bbox 3049 4768 3288 4824; x_wconf 72' lang='lat' dir='ltr'><strong>Francis</strong></span> <span class='ocrx_word' id='word_1_665' title='bbox 3322 4768 3647 4837; x_wconf 71' lang='lat' dir='ltr'><strong>Bourqcyne</strong></span> <span class='ocrx_word' id='word_1_666' title='bbox 3680 4770 3970 4837; x_wconf 74' lang='lat' dir='ltr'><strong>appellant.</strong></span> 
     </span>
    </p>

    <p class='ocr_par' dir='ltr' id='par_1_25' title="bbox 2258 4834 4196 4974">
     <span class='ocr_line' id='line_1_98' title="bbox 2352 4834 4196 4961; baseline -0.003 -69"><span class='ocrx_word' id='word_1_667' title='bbox 2352 4908 2414 4961; x_wconf 44' lang='lat' dir='ltr'><strong>d·</strong></span> <span class='ocrx_word' id='word_1_668' title='bbox 2461 4838 2535 4920; x_wconf 34' lang='lat'><strong>2).</strong></span> <span class='ocrx_word' id='word_1_669' title='bbox 2564 4837 2710 4920; x_wconf 61' lang='lat' dir='ltr'><strong>Qtu‘d</strong></span> <span class='ocrx_word' id='word_1_670' title='bbox 2738 4839 2885 4960; x_wconf 53' lang='lat' dir='ltr'><strong>inger</strong></span> <span class='ocrx_word' id='word_1_671' title='bbox 2923 4836 3290 4959; x_wconf 56' lang='lat' dir='ltr'><strong>Calpimnztet</strong></span> <span class='ocrx_word' id='word_1_672' title='bbox 3327 4836 3581 4892; x_wconf 75' lang='lat' dir='ltr'><strong>Iacobum</strong></span> <span class='ocrx_word' id='word_1_673' title='bbox 3611 4838 3840 4902; x_wconf 79' lang='lat' dir='ltr'><strong>fratrem</strong></span> <span class='ocrx_word' id='word_1_674' title='bbox 3878 4852 4052 4903; x_wconf 77' lang='lat' dir='ltr'><strong>nuper</strong></span> <span class='ocrx_word' id='word_1_675' title='bbox 4086 4834 4196 4888; x_wconf 73' lang='lat' dir='ltr'><strong>dio·</strong></span> 
     </span>
     <span class='ocr_line' id='line_1_99' title="bbox 2258 4905 3244 4974; baseline -0.007 -12"><span class='ocrx_word' id='word_1_676' title='bbox 2258 4925 2351 4962; x_wconf 83' lang='lat' dir='ltr'><strong>cor</strong></span> <span class='ocrx_word' id='word_1_677' title='bbox 2390 4924 2478 4961; x_wconf 69' lang='lat' dir='ltr'><strong>tae</strong></span> <span class='ocrx_word' id='word_1_678' title='bbox 2513 4907 2769 4963; x_wconf 66' lang='lat' dir='ltr'><strong>menda-tt</strong></span> <span class='ocrx_word' id='word_1_679' title='bbox 2838 4905 2979 4960; x_wconf 61' lang='lat' dir='ltr'><strong>dkac</strong></span> <span class='ocrx_word' id='word_1_680' title='bbox 3011 4922 3172 4974; x_wconf 67' lang='lat' dir='ltr'><strong>synar</strong></span> <span class='ocrx_word' id='word_1_681' title='bbox 3235 4946 3244 4955; x_wconf 90' lang='lat'><strong>.</strong></span> 
     </span>
    </p>

    <p class='ocr_par' dir='ltr' id='par_1_26' title="bbox 2258 4968 4201 5235">
     <span class='ocr_line' id='line_1_100' title="bbox 2461 4968 4196 5040; baseline -0.003 -11"><span class='ocrx_word' id='word_1_682' title='bbox 2461 4975 2519 5040; x_wconf 83' lang='lat'><strong>3)</strong></span> <span class='ocrx_word' id='word_1_683' title='bbox 2554 4974 2639 5029; x_wconf 78' lang='lat'><strong>22.</strong></span> <span class='ocrx_word' id='word_1_684' title='bbox 2691 4976 2968 5030; x_wconf 73' lang='lat' dir='ltr'><strong>Ianuarii.</strong></span> <span class='ocrx_word' id='word_1_685' title='bbox 3046 4972 3127 5040; x_wconf 76' lang='lat' dir='ltr'><strong>Of.</strong></span> <span class='ocrx_word' id='word_1_686' title='bbox 3173 4974 3361 5028; x_wconf 78' lang='lat' dir='ltr'><strong>Weber</strong></span> <span class='ocrx_word' id='word_1_687' title='bbox 3401 4973 3590 5028; x_wconf 72' lang='lat' dir='ltr'><strong>Gesch.</strong></span> <span class='ocrx_word' id='word_1_688' title='bbox 3644 4974 3741 5027; x_wconf 71' lang='lat' dir='ltr'><strong>der</strong></span> <span class='ocrx_word' id='word_1_689' title='bbox 3786 4973 3968 5026; x_wconf 69' lang='lat' dir='ltr'><strong>abath.</strong></span> <span class='ocrx_word' id='word_1_690' title='bbox 4027 4968 4100 5023; x_wconf 80' lang='lat' dir='ltr'><strong>K.</strong></span> <span class='ocrx_word' id='word_1_691' title='bbox 4146 4985 4196 5024; x_wconf 80' lang='grc' dir='ltr'><strong>υ.</strong></span> 
     </span>
     <span class='ocr_line' id='line_1_101' title="bbox 2266 5039 4201 5114; baseline -0.004 -15"><span class='ocrx_word' id='word_1_692' title='bbox 2266 5045 2519 5100; x_wconf 66' lang='grc' dir='ltr'><strong>Θνοεοῠτ.</strong></span> <span class='ocrx_word' id='word_1_693' title='bbox 2555 5045 2621 5098; x_wconf 93' lang='lat'><strong>11.</strong></span> <span class='ocrx_word' id='word_1_694' title='bbox 2660 5043 2724 5097; x_wconf 79' lang='lat'><strong>71</strong></span> <span class='ocrx_word' id='word_1_695' title='bbox 2744 5060 2820 5114; x_wconf 73' lang='lat' dir='ltr'><strong>sq.</strong></span> <span class='ocrx_word' id='word_1_696' title='bbox 2877 5042 3087 5112; x_wconf 75' lang='lat' dir='ltr'><strong>Strype,</strong></span> <span class='ocrx_word' id='word_1_697' title='bbox 3126 5042 3288 5097; x_wconf 81' lang='lat' dir='ltr'><strong>Mem.</strong></span> <span class='ocrx_word' id='word_1_698' title='bbox 3324 5043 3396 5107; x_wconf 79' lang='lat' dir='ltr'><strong>of.</strong></span> <span class='ocrx_word' id='word_1_699' title='bbox 3439 5041 3701 5097; x_wconf 71' lang='lat' dir='ltr'><strong>Cramer</strong></span> <span class='ocrx_word' id='word_1_700' title='bbox 3735 5044 3777 5096; x_wconf 93' lang='lat'><strong>1.</strong></span> <span class='ocrx_word' id='word_1_701' title='bbox 3812 5041 3931 5104; x_wconf 85' lang='lat'>381,</span> <span class='ocrx_word' id='word_1_702' title='bbox 3968 5039 4201 5107; x_wconf 75' lang='lat' dir='ltr'><strong>Burnet,</strong></span> 
     </span>
     <span class='ocr_line' id='line_1_102' title="bbox 2258 5106 4194 5178; baseline -0.004 -11"><span class='ocrx_word' id='word_1_703' title='bbox 2258 5113 2352 5167; x_wconf 89' lang='lat'><strong>111.</strong></span> <span class='ocrx_word' id='word_1_704' title='bbox 2386 5113 2489 5166; x_wconf 77' lang='lat'><strong>233</strong></span> <span class='ocrx_word' id='word_1_705' title='bbox 2525 5128 2594 5166; x_wconf 73' lang='lat'><strong>88.</strong></span> <span class='ocrx_word' id='word_1_706' title='bbox 2640 5111 2744 5165; x_wconf 75' lang='lat'><strong>243</strong></span> <span class='ocrx_word' id='word_1_707' title='bbox 2779 5126 2849 5166; x_wconf 73' lang='lat'><strong>⁸⁸.</strong></span> <span class='ocrx_word' id='word_1_708' title='bbox 2920 5113 3096 5166; x_wconf 65' lang='lat' dir='ltr'><strong>Aaou.</strong></span> <span class='ocrx_word' id='word_1_709' title='bbox 3145 5111 3221 5166; x_wconf 76' lang='lat' dir='ltr'><strong>ad</strong></span> <span class='ocrx_word' id='word_1_710' title='bbox 3255 5111 3497 5178; x_wconf 62' lang='lat' dir='ltr'><strong>Butam.</strong></span> <span class='ocrx_word' id='word_1_711' title='bbox 3543 5112 3604 5164; x_wconf 78' lang='lat' dir='ltr'><strong>in</strong></span> <span class='ocrx_word' id='word_1_712' title='bbox 3639 5111 3842 5164; x_wconf 70' lang='lat' dir='ltr'><strong>Zur-ich</strong></span> <span class='ocrx_word' id='word_1_713' title='bbox 3877 5109 4089 5163; x_wconf 69' lang='lat' dir='ltr'><strong>Lmen</strong></span> <span class='ocrx_word' id='word_1_714' title='bbox 4121 5106 4194 5160; x_wconf 87' lang='grc' dir='ltr'><strong>ΙΙ.</strong></span> 
     </span>
     <span class='ocr_line' id='line_1_103' title="bbox 2260 5178 3505 5235; baseline -0.004 -1"><span class='ocrx_word' id='word_1_715' title='bbox 2260 5181 2376 5235; x_wconf 77' lang='grc'><strong>728.</strong></span> <span class='ocrx_word' id='word_1_716' title='bbox 2450 5183 2534 5235; x_wconf 90' lang='lat' dir='ltr'><strong>Io.</strong></span> <span class='ocrx_word' id='word_1_717' title='bbox 2569 5183 2639 5235; x_wconf 84' lang='lat' dir='ltr'><strong>ab</strong></span> <span class='ocrx_word' id='word_1_718' title='bbox 2685 5178 2855 5235; x_wconf 68' lang='lat' dir='ltr'><strong>Ulnia</strong></span> <span class='ocrx_word' id='word_1_719' title='bbox 2887 5181 2964 5235; x_wconf 80' lang='lat' dir='ltr'><strong>ad</strong></span> <span class='ocrx_word' id='word_1_720' title='bbox 2995 5179 3155 5234; x_wconf 70' lang='lat' dir='ltr'><strong>eund.</strong></span> <span class='ocrx_word' id='word_1_721' title='bbox 3193 5181 3262 5235; x_wconf 72' lang='grc' dir='ltr'><strong>ὦ.</strong></span> <span class='ocrx_word' id='word_1_722' title='bbox 3301 5181 3350 5234; x_wconf 94' lang='grc' dir='ltr'><strong>Ι.</strong></span> <span class='ocrx_word' id='word_1_723' title='bbox 3387 5178 3505 5232; x_wconf 85' lang='grc'><strong>267.</strong></span> 
     </span>
    </p>

    <p class='ocr_par' dir='ltr' id='par_1_27' title="bbox 2258 5243 4200 5388">
     <span class='ocr_line' id='line_1_104' title="bbox 2466 5243 4200 5314; baseline -0.003 -11"><span class='ocrx_word' id='word_1_724' title='bbox 2466 5249 2524 5314; x_wconf 78' lang='lat'><strong>4)</strong></span> <span class='ocrx_word' id='word_1_725' title='bbox 2567 5248 2757 5305; x_wconf 68' lang='lat' dir='ltr'><strong>Editio</strong></span> <span class='ocrx_word' id='word_1_726' title='bbox 2797 5248 3265 5313; x_wconf 55' lang='lat' dir='ltr'><strong>(lautam-‘aiensis</strong></span> <span class='ocrx_word' id='word_1_727' title='bbox 3299 5249 3408 5302; x_wconf 76' lang='lat' dir='ltr'><strong>duo</strong></span> <span class='ocrx_word' id='word_1_728' title='bbox 3443 5251 3552 5302; x_wconf 68' lang='lat' dir='ltr'><strong>ista</strong></span> <span class='ocrx_word' id='word_1_729' title='bbox 3604 5247 3825 5300; x_wconf 75' lang='lat' dir='ltr'><strong>nomina</strong></span> <span class='ocrx_word' id='word_1_730' title='bbox 3863 5260 3974 5299; x_wconf 69' lang='lat' dir='ltr'><strong>non</strong></span> <span class='ocrx_word' id='word_1_731' title='bbox 4002 5243 4200 5298; x_wconf 56' lang='lat' dir='ltr'><strong>dictin-</strong></span> 
     </span>
     <span class='ocr_line' id='line_1_105' title="bbox 2258 5315 4124 5388; baseline -0.004 -15"><span class='ocrx_word' id='word_1_732' title='bbox 2258 5321 2391 5388; x_wconf 72' lang='lat' dir='ltr'><strong>9u2‘t‚</strong></span> <span class='ocrx_word' id='word_1_733' title='bbox 2430 5319 2511 5372; x_wconf 75' lang='lat' dir='ltr'><strong>ita</strong></span> <span class='ocrx_word' id='word_1_734' title='bbox 2545 5334 2611 5372; x_wconf 67' lang='lat' dir='ltr'><strong>ex</strong></span> <span class='ocrx_word' id='word_1_735' title='bbox 2652 5317 2808 5373; x_wconf 69' lang='lat' dir='ltr'><strong>Rich.</strong></span> <span class='ocrx_word' id='word_1_736' title='bbox 2861 5317 3123 5373; x_wconf 68' lang='lat' dir='ltr'><strong>Vanvillio</strong></span> <span class='ocrx_word' id='word_1_737' title='bbox 3158 5324 3208 5372; x_wconf 77' lang='lat' dir='ltr'><strong>et</strong></span> <span class='ocrx_word' id='word_1_738' title='bbox 3242 5315 3326 5373; x_wconf 86' lang='lat'><strong>10.</strong></span> <span class='ocrx_word' id='word_1_739' title='bbox 3371 5316 3662 5370; x_wconf 73' lang='lat' dir='ltr'><strong>Utenhovio</strong></span> <span class='ocrx_word' id='word_1_740' title='bbox 3695 5331 3864 5368; x_wconf 64' lang='lat' dir='ltr'><strong>unum</strong></span> <span class='ocrx_word' id='word_1_741' title='bbox 3896 5315 4124 5380; x_wconf 76' lang='lat' dir='ltr'><strong>faciem.</strong></span> 
     </span>
    </p>
   </div>
  </div>
 </body>
</html>
