4900 6167
2195 1549 2528 1635 MDLI.

1240 1833 1429 1906 1427.

579 1985 1050 2058 GALVINUS
1094 1987 1549 2057 mlsrno
1593 1989 2022 2058 BURENSI.
2051 1991 2101 2075 ι)

536 2159 639 2226 De
681 2160 993 2245 abroyatis
1045 2160 1263 2227 diebus
1320 2162 1499 2244 festis
1556 2163 1626 2228 in
1668 2161 1923 2228 ecclesia
1974 2160 2316 2227 Genevensi

336 2247 515 2330 quid
552 2247 683 2311 veri
723 2246 877 2328 quid
915 2245 1072 2329 falsi
1102 2248 1356 2328 passim
1397 2253 1758 2331 sparyatur,
1804 2251 1861 2312 et
1902 2267 2063 2329 quae
2106 2247 2316 2329 ipsius

340 2335 423 2397 in
471 2332 587 2398 hoc
630 2333 863 2417 neyotio
899 2337 1113 2415 partes
1144 2333 1386 2413 fuerint
1427 2335 1696 2416 exponit.

346 2504 549 2570 (Manu
587 2503 791 2570 scripta
824 2519 931 2556 non
980 2509 1175 2557 exstat.
1246 2503 1435 2557 Edidit
1470 2504 1613 2558 Besa
1647 2503 1783 2558 Gon.
1821 2520 1873 2573 p.
1920 2502 2029 2565 102,
2067 2503 2224 2555 Laus.
2260 2518 2313 2571 p.

560 2569 680 2635 225,
718 2570 925 2625 Hanov.
962 2588 1013 2640 p.
1052 2570 1170 2639 ⁶252,
1206 2572 1417 2626 Chonet
1449 2590 1501 2641 p.
1539 2571 1659 2637 187,
1694 2573 1868 2626 Amat.
1902 2588 1956 2641 p.
1996 2569 2107 2628 62.)

540 2741 609 2807 S.
659 2743 742 2807 D.
832 2740 1026 2823 Quod
1067 2742 1318 2807 frivolis
1362 2742 1491 2807 illis
1550 2741 1959 2809 sermonibus
2003 2741 2083 2807 de
2127 2740 2315 2806 abro-

348 2841 522 2914 gato
579 2826 754 2910 apud
799 2847 919 2892 nos
971 2826 1077 2893 die
1137 2828 1480 2895 Dominico
1539 2829 1732 2894 fidem
1794 2848 1928 2893 non
1989 2825 2314 2904 habueris,

347 2914 726 3000 prudenter
768 2914 882 2979 abs
930 2926 997 2978 te
1053 2913 1297 2980 factum
1337 2924 1463 2992 est..
1544 2915 1715 2979 Nam
1773 2912 2088 2979 eiusmodi
2132 2913 2318 2978 fabu-

348 3002 580 3066 larum
641 2999 959 3082 portentis
1018 3018 1138 3064 sua
1181 2998 1553 3066 absurditas
1598 2997 1791 3065 fidem
1837 3019 2099 3064 omnem
2136 2998 2318 3063 doro·

354 3099 497 3171 gat.
590 3083 781 3164 Quod
840 3094 1057 3150 autem
1116 3084 1351 3152 fiducia
1408 3096 1670 3151 nostrae
1712 3085 2065 3150 modestiae
2110 3085 2316 3149 fretus

358 3172 666 3256 graviter
708 3171 1005 3254 repulisti
1041 3171 1440 3236 calumniam
1484 3192 1650 3254 quae
1681 3170 1869 3236 nobis
1912 3170 2313 3246 inurebatur,

364 3260 443 3321 in
501 3276 575 3321 eo
631 3257 822 3322 amici
880 3268 945 3320 et
1014 3256 1236 3321 fratris
1305 3257 1586 3322 officium
1658 3256 1845 3322 nobis
1916 3255 2315 3340 praestitisti.

369 3342 549 3407 Nam
586 3352 756 3407 certo
801 3342 952 3425 plus
996 3362 1191 3425 quam
1239 3344 1513 3407 insanus
1549 3363 1780 3417 essem,
1827 3342 1884 3408 si
1926 3342 2152 3425 inepta
2192 3340 2316 3405 hac

360 3439 441 3494 et
488 3428 710 3492 frivola
754 3428 1045 3493 novitate
1088 3427 1417 3493 turbarem
1466 3430 1684 3500 bonos.
1729 3426 2059 3511 improbos
2102 3446 2315 3491 arma-2

362 3534 542 3592 rem,
597 3514 887 3579 omnium
949 3534 1054 3578 me
1110 3534 1501 3596 exponerem
1559 3511 1859 3578 ludibrio,
1883 3517 1941 3589 ²)
2029 3513 2119 3576 Et
2160 3509 2318 3594 quid

359 3700 635 3764 14221)
678 3701 888 3755 Nomen
922 3701 1034 3754 viri
1068 3702 1228 3754 etiam
1268 3700 1577 3755 Bachaias»
1612 3702 1707 3770 (V.
1741 3699 1873 3766 440)
1919 3702 2200 3768 t’qnorasse
2234 3701 2314 3750 vi-

355 3773 542 3825 detur.
615 3769 805 3824 Bizren
839 3772 993 3823 vicus
1034 3776 1113 3822 est
1157 3768 1233 3822 ad
1266 3767 1502 3823 Araren
1547 3775 1688 3823 situs
1721 3772 1865 3823 inter
1904 3768 2232 3823 Salodurum
2268 3773 2318 3820 et

354 3840 726 3907 Aarberqam,
761 3839 990 3893 ditionis
1026 3837 1342 3892 Bernensis.
1398 3838 1659 3892 Minister
1691 3839 1779 3893 hic
1813 3838 1890 3891 ad
1930 3837 1989 3891 C.
2024 3843 2317 3905 scripserat

356 3909 747 3962 sciscitaturus
784 3923 911 3959 num
948 3906 1083 3976 quid
1118 3908 1231 3960 veri
1264 3906 1497 3962 habeant
1529 3922 1792 3972 rumores,
1829 3906 1896 3959 de
1931 3907 2193 3974 abroqato
2230 3906 2317 3958 «lie

360 3975 663 4030 ,Dominico
699 3975 850 4044 apud
890 3973 1234 4038 Gener-enses,
1264 3976 1473 4044 passim
1509 3975 1711 4044 sparsi.

576 4044 634 4106 2)
675 4044 797 4097 Iam
836 4060 902 4096 m.
924 4044 1110 4110 Aprili
1136 4042 1270 4096 1538
1302 4060 1419 4100 cun
1452 4044 1823 4098 Βᾶτε-Μῶμε
1864 4042 2159 4097 Genevates
2193 4057 2315 4096 con·

354 4119 627 4169 veneram
661 4112 730 4167 de
763 4120 997 4183 quatuor
1033 4112 1222 4167 diebus
1254 4114 1413 4179 festis
1447 4120 1666 4182 praeter
1691 4111 1932 4167 Sabbata
1966 4110 2316 4175 celebrandis,

356 4181 484 4237 sea.
523 4184 886 4245 domionis,
928 4181 1344 4236 lacau-nationis
1389 4197 1430 4235 s.
1482 4182 1951 4237 Annunciationis
1996 4180 2092 4244 (de
2125 4196 2229 4249 quo
2263 4196 2311 4232 v.

358 4250 559 4319 Piper,
593 4266 671 4304 ev.
707 4249 900 4305 Jahrb.
938 4248 1076 4304 1856
1108 4269 1163 4319 p.
1202 4250 1295 4310 41)
1340 4247 1785 4306 circumcisionis
1818 4256 1869 4303 et
1908 4247 2132 4303 Natalis
2196 4249 2314 4317 qui-

358 4321 471 4375 bus
517 4322 654 4373 cives
702 4320 1027 4374 iubebantur
1080 4333 1117 4372 a
1168 4320 1398 4388 nepotiis
1454 4320 1687 4387 publicis
1741 4319 2024 4374 abstinere.
2100 4285 2315 4386 (hoya,

358 4387 521 4442 Hist.
558 4388 625 4440 de
664 4388 797 4443 Gen.
822 4387 870 4440 1.
892 4386 1033 4455 107.)
1108 4385 1265 4453 Quod
1298 4403 1464 4457 quus·
1490 4402 1694 4457 parum
1731 4391 1982 4442 accurate
2013 4387 2318 4442 obsanare-

359 4464 463 4512 Μ
497 4461 547 4509 et
617 4459 889 4526 urumque
922 4456 1150 4509 nonnisi
1183 4461 1416 4524 tempore
1449 4459 1713 4510 sermonis
1746 4456 2004 4509 matutini
2056 4454 2319 4509 Calvinus

356 4528 488 4595 ipse
522 4540 550 4578 e
588 4527 752 4580 mus·
786 4541 982 4581 novum
1016 4525 1342 4580 sollicitavit.
1396 4525 1648 4590 (Ruchat
1695 4525 1753 4580 V.
1787 4522 1905 4577 425.
1967 4523 2104 4591 Opp.
2146 4523 2203 4577 T.
2244 4523 2316 4576 X.

451 4609 506 4647 rs
540 4592 590 4657 2,
623 4611 676 4662 p.
718 4593 837 4661 191,
874 4593 998 4648 Art.
1037 4592 1115 4658 3.)
1194 4591 1341 4660 Quid
1385 4599 1563 4649 autem
1608 4596 1722 4661 ipse
1757 4591 1989 4647 adserit
2023 4592 2107 4647 vel
2141 4607 2206 4646 ea·
2243 4591 2315 4645 si·

354 4609 535 4718 gutia
568 4662 633 4717 de
667 4662 753 4718 lois
787 4663 975 4718 diebus
1007 4664 1070 4715 in
1093 4659 1338 4716 ordonn.
1372 4663 1495 4717 ecel.
1532 4669 1645 4719 tam
1670 4659 1803 4714 1541
1841 4675 2004 4730 quam
2042 4658 2176 4714 1561
2212 4660 2316 4715 col·

403 4733 415 4743 '
509 4747 537 4784 e
642 4734 783 4786 teris.
858 4731 1003 4786 Ecce
1072 4744 1176 4785 uae
1295 4731 1485 4787 aebeat
1526 4729 1906 4786 commentarii
1937 4734 2158 4784 senam
2204 4729 2316 4783 Vol.

358 4733 507 4865 Ὺ
491 4747 724 4865 [0190195
760 4799 835 4853 ad
872 4800 954 4853 11.
991 4748 1137 4855 ffov.
1178 4800 1201 4852 1
1322 4818 1336 4852 t
1385 4799 1488 4854 Sus
1531 4816 1594 4854 ce
1642 4816 1746 4869 qne
1793 4799 1866 4852 M.
1917 4798 2105 4853 Calvia
2154 4816 2186 4852 a
2234 4815 2316 4851 re·

360 4875 613 4923 monstro
650 4869 717 4922 de
766 4871 819 4923 la
867 4869 1127 4923 diversite
1172 4870 1245 4923 dn
1291 4885 1395 4939 pen
1436 4868 1489 4922 le
1535 4876 1706 4937 quant
1748 4885 1854 4922 aux
1889 4867 2055 4920 scates
2091 4884 2124 4920 a
2158 4881 2317 4920 causo

361 4938 443 4992 de
477 4953 539 4991 ce
576 4953 679 5005 que
715 4939 904 4992 aulona
1484 4936 1664 5006 tiques
1698 4938 1778 4991 lca
1796 4937 1997 4992 anltres
2016 4952 2124 4989 non
2161 4940 2321 5004 quest

360 5022 478 5060 nna
512 5006 744 5060 division
781 5023 907 5060 acan
981 5006 1148 5060 llense
1151 5043 1365 5071 .....
1403 5011 1489 5060 eat
1520 5011 1729 5060 arrecto
1801 5022 1867 5059 nc
1886 5005 1983 5058 des
2017 5008 2103 5075 icy
2139 5021 2172 5057 a
2204 5003 2319 5057 lad-

359 5075 531 5128 venir
565 5075 721 5128 telles
758 5075 921 5129 restes
956 5093 1024 5128 ne
1061 5091 1118 5128 se
1154 5075 1361 5129 fussent
1393 5076 1515 5145 plus
1550 5080 1643 5129 ete.
1720 5074 1762 5128 I
1907 5079 2090 5129 ratum
2123 5073 2319 5128 habue-

360 5150 505 5199 rant
540 5142 785 5199 Ducena·
815 5143 1000 5198 triduo
1031 5150 1171 5213 post,
1205 5149 1254 5198 ei
1287 5142 1436 5212 plebs
1470 5143 1815 5210 confirmavit
1858 5148 1984 5199 voto
2014 5141 2231 5210 publico
2266 5141 2320 5196 d.

362 5211 458 5266 16.
496 5211 639 5267 Nov.
690 5213 1024 5283 Abrogation
1059 5212 1129 5266 de
1162 5217 1344 5266 tontes
1378 5212 1458 5267 les
1491 5212 1655 5267 festos
1690 5216 1974 5266 reservant
2008 5213 2059 5265 le
2092 5212 2215 5265 ionr
2249 5210 2318 5264 de

363 5282 657 5335 dimanche
704 5298 911 5336 comme
962 5282 1001 5334 il
1061 5286 1145 5335 cst
1190 5282 1434 5336 ordonna
1483 5281 1550 5336 de
1598 5281 1732 5336 Dian
1781 5278 1945 5348 (Ray.
1980 5279 2048 5335 de
2083 5279 2139 5335 la
2186 5278 2313 5335 Ve'n.

368 5348 557 5419 Gomp.
596 5351 665 5402 A.
696 5366 751 5419 p.
788 5348 902 5416 95).

588 5434 807 5490 calvini
838 5450 1023 5505 opera.
1110 5435 1220 5491 Vol.
1259 5435 1423 5493 XIV.

1004 4943 1199 4992 ovrent
1230 4938 1378 4992 leurs

2364 4381 2371 4500 -.0—--
2366 4343 2369 4354 -

2421 1836 2503 1903 de
2547 1859 2653 1903 me
2686 1836 2959 1920 loquor?
3031 1836 3386 1903 Hominem
3433 1838 3540 1904 hic
3583 1858 3665 1903 ex
3707 1837 3901 1905 turba
3937 1838 4191 1905 nullum
4232 1860 4378 1906 esse

2420 1922 2582 1988 adeo
2625 1925 3075 2006 importunum
3117 1922 3398 1989 arbitror
3414 1974 3430 2000 ,
3474 1923 3590 2007 qui
3632 1923 3755 1989 hoc
3798 1944 4088 2008 unquam
4131 1926 4376 1991 somni-

2421 2009 2648 2075 averit.
2737 2008 2882 2093 Ego
2925 2015 3151 2074 tamen
3208 2007 3341 2073 iam
3400 2009 3595 2094 longo
3635 2030 3759 2075 usu
3802 2018 4218 2076 contemnere
4261 2031 4375 2075 ru-

2419 2113 2635 2160 mores
2668 2094 2831 2160 istos
2875 2092 3089 2171 didici,
3137 2093 3244 2159 vel
3288 2093 3522 2160 saltem
3566 2095 3867 2178 aequiore
3903 2098 4121 2162 animo
4167 2096 4369 2162 ferre:

2420 2177 2593 2263 qnod
2624 2178 2794 2244 mihi
2838 2179 3152 2244 hactenus
3186 2179 3658 2263 propemodum
3691 2180 3891 2247 fatale
3935 2180 4079 2260 fuit,
4127 2181 4374 2265 putidis

2420 2264 2527 2330 his
2571 2263 2915 2331 calumniis
2960 2263 3246 2348 quotidie
3289 2267 3564 2331 onerari.
4325 2325 4332 2338 ,

2590 2351 2925 2417 Fortassis
2982 2370 3087 2416 res
3145 2369 3280 2416 una
3335 2351 3594 2416 fabulae
3651 2352 3996 2417 materiam
4052 2351 4371 2434 praebuit,

2418 2435 2589 2520 quod
2633 2437 2842 2503 festus
2886 2434 3056 2512 dies,
3103 2437 3216 2520 qui
3255 2435 3509 2503 Christi
3551 2437 3757 2502 natali
3800 2435 4054 2504 dicatus
4097 2447 4256 2516 erat,
4301 2438 4375 2502 in

2416 2522 2796 2604 proximum
2819 2522 2993 2588 diem
3017 2521 3435 2587 Dominioum
3461 2522 3819 2588 translatus
3853 2525 4039 2599 est.⁸)
4085 2523 4375 2590 Rectene

2422 2623 2522 2674 an*
2555 2628 2773 2685 secus,
2831 2628 2963 2673 non
3009 2628 3225 2672 meum
3271 2616 3371 2672 est
3423 2610 3877 2691 pronunciare.
3969 2609 4067 2674 Ac
4193 2631 4228 2674 r
4270 2629 4376 2674 me

2420 2693 2606 2770 licet,
2675 2700 2748 2756 ut
2801 2693 3004 2758 libere
3072 2705 3186 2758 tuo
3252 2693 3320 2758 id
3375 2692 3613 2759 iudicio
3657 2695 4001 2777 improbes.
4093 2629 4376 2775 &ando

2423 2778 2599 2843 enim
2646 2776 2895 2844 factum
2938 2786 3040 2843 est
3081 2799 3188 2843 me
3253 2799 3375 2845 nec
3433 2788 3662 2845 autore
3707 2801 3825 2845 nec
3868 2781 4156 2856 conscio,
4211 2779 4376 2845 mihi

2421 2865 2737 2945 imputari
2782 2885 2913 2929 non
2958 2863 3169 2929 debet.
3261 2864 3603 2931 Miraberis
3622 2917 3636 2942 ‚
3697 2879 3954 2932 nostros
3993 2865 4377 2932 inconsultis

2422 2947 2792 3031 pastoribus
2837 2958 3177 3032 receptum
3229 2950 3301 3014 in
3359 2951 3633 3018 ecclesia
3689 2951 3984 3016 ordinem
4025 2953 4120 3016 ita
4162 2950 4375 3017 subito

2421 3045 2727 3100 mutasse.
2830 3033 3082 3099 Verum
3149 3033 3214 3098 id
3285 3056 3536 3119 quoque
3605 3036 4086 3102 inadvertentia
4157 3037 4374 3120 potius

2421 3140 2617 3203 quam
2662 3120 3032 3204 pervicacia
3072 3118 3320 3185 accidit.

2597 3209 2968 3289 Antequam
3005 3203 3234 3269 urbem
3273 3204 3443 3271 hanc
3478 3205 3690 3287 primo
3714 3205 3999 3272 adventu
4033 3207 4374 3291 ingressus

2421 3311 2649 3368 essem,
2695 3292 2988 3375 abrogati
3034 3297 3223 3354 erant
3267 3289 3404 3356 dies
3449 3289 3599 3356 festi
3640 3312 3886 3371 omnes,
3929 3303 4190 3376 praeter
4234 3293 4372 3357 Do-

2421 3378 2753 3443 minicum.
2801 3376 3057 3443 Farello
3100 3384 3166 3441 et
3205 3375 3411 3443 Vireto
3444 3376 3570 3442 hoc
3604 3376 3766 3443 utile
3811 3379 4030 3444 visum
4065 3379 4295 3443 fuerat.
4316 3379 4374 3455 ⁴)

2420 3462 2568 3546 Ego
2611 3471 2910 3546 receptae
2952 3461 3407 3528 consuetudini
3451 3462 3733 3528 libenter
3788 3465 4102 3547 acquievi.
4192 3463 4373 3529 Ean-

2421 3547 2568 3613 dem
2635 3569 2890 3632 quoquc
2946 3549 3262 3613 rationem
3331 3567 3502 3613 nova
3561 3548 3720 3613 haec
3772 3549 4160 3614 Bernatium
4221 3570 4372 3632 pro-

2421 3633 2636 3699 vincia
2672 3640 2946 3717 sequuta
2989 3634 3175 3698 initio
3221 3634 3453 3698 fuerat.
3527 3632 3834 3700 Surrexit
3877 3634 3958 3699 N.
3985 3639 4034 3713 ⁵)
4083 3654 4205 3700 nec
4250 3637 4371 3700 mi-

2421 3741 2547 3784 nus
2589 3719 2987 3784 tumultuose
3030 3739 3147 3801 pro
3192 3717 3419 3784 diebus
3464 3720 3663 3796 foetis,
3709 3740 3905 3802 quam
3950 3720 4104 3785 olim
4140 3721 4375 3788 Victor

2418 3805 2760 3869 Romanus
2804 3824 2922 3888 pro
2967 3825 3087 3869 sno
3133 3803 3456 3869 Paschate
3501 3807 3837 3888 pugnavit.
3922 3806 4029 3871 Ex
4072 3827 4204 3889 qno
4250 3827 4370 3871 au-

2420 3901 2554 3954 tem
2591 3891 2834 3955 fuimus
2868 3889 3142 3972 expulsi,
3188 3897 3467 3973 quatuor
3504 3890 3652 3955 festi
3689 3890 3826 3955 dies
3862 3913 4009 3957 oum
4048 3892 4192 3957 aliis
4226 3894 4371 3974 qui-

2420 3974 2692 4042 busdam
2740 3975 2974 4040 ritibus
3018 3976 3300 4040 instituti
3347 3987 3520 4041 sunt.
3602 3976 3954 4052 Reversus,
3991 3997 4193 4059 quum
4233 3998 4372 4043 mo·

2417 4073 2640 4125 mento
2678 4082 2931 4143 possem
2969 4059 3278 4143 quidquid
3314 4082 3419 4126 me
3455 4061 3722 4126 absente
3758 4075 3974 4127 actum
4012 4071 4154 4127 erat
4188 4084 4372 4147 mag-

2421 4168 2545 4211 nae
2588 4148 2795 4230 partis
2840 4147 3158 4229 applausu
3202 4145 3589 4223 convellere,
3635 4147 3886 4229 placide
3931 4149 4178 4230 quievi:
4240 4148 4372 4213 nisi

2419 4232 2592 4314 quod
2639 4231 3054 4298 dissimulare
3091 4253 3221 4295 non
3257 4244 3569 4314 poteram.
3610 4245 4021 4316 praepostere
4057 4233 4370 4300 celebrari

2626 4522 2686 4586 3)
2737 4523 2870 4576 Vide
2901 4528 3013 4576 not.
3047 4520 3467 4588 praecedentem.
3538 4520 3659 4575 Ima
3693 4522 3954 4575 decremm
3989 4523 4101 4586 fuit
4134 4530 4372 4592 quamm-

2422 4592 2539 4645 dies
2570 4592 2740 4657 festos
2784 4593 3004 4645 omnino
3051 4591 3321 4658 abroqare
3364 4599 3413 4643 et.
3459 4604 3678 4645 coenam
3730 4606 3868 4658 quae
3913 4592 3975 4643 in
4012 4590 4211 4646 Natali
4244 4593 4370 4647 cele-

2420 4660 2580 4715 brari
2611 4661 2812 4716 solebat
2844 4659 2907 4712 in
2937 4659 3247 4727 proximam
3265 4656 3617 4713 Dominicam
3654 4660 3969 4723 transferre.
4030 4659 4189 4715 Patet
4223 4660 4290 4714 N
4286 4676 4368 4714 os-

2420 4734 2564 4783 trum
2600 4729 2689 4783 hic
2720 4743 2830 4782 rem
2863 4727 3031 4795 paulo
3065 4727 3224 4781 aliter
3256 4741 3524 4808 exponere
3558 4743 3625 4781 ac
3655 4727 3807 4792 sacta
3841 4733 3935 4781 est.

2626 4795 2688 4864 4)
2730 4796 2988 4852 Edictum
3023 4796 3129 4850 tale
3161 4811 3194 4848 r
3259 4810 3401 4850 erire
3434 4811 3546 4849 aon
3578 4797 3868 4864 potuimus.
3927 4795 4200 4851 Ruchatio
4219 4795 4372 4851 Besa

2421 4865 2570 4920 solus
2603 4868 2754 4920 testis
2789 4871 2895 4930 est,
2944 4863 3151 4946 Rogata
3188 4865 3248 4930 (.
3283 4863 3315 4918 l.
3356 4862 3405 4916 1.
3443 4863 3500 4930 9)
3546 4869 3736 4919 nostra
3781 4864 3912 4919 haec
3954 4866 4078 4932 ipsa
4126 4865 4370 4932 epistola.

2421 4933 2590 4988 Anno
2625 4931 2761 4988 1535
2793 4935 2930 4988 civis
2964 4933 3167 5003 aliquis
3212 4934 3274 4987 in
3317 4947 3585 4989 carcerem
3619 4931 3729 4997 fuit
3774 4934 4045 4988 coniectus
4113 4936 4210 4987 uia
4250 4933 4367 4989 Gal.

2423 5002 2718 5057 Ianum-iis
2750 5004 3030 5058 tabernam
3075 5017 3232 5056 suam
3279 5006 3588 5069 aperuerat.
3657 5001 3889 5070 (Royet,
3937 5003 4011 5055 les
4101 5002 4273 5056 uisses
4319 5009 4374 5058 et

2427 5070 2636 5127 Genese
2673 5072 2757 5125 II.
2794 5070 2910 5125 128.
2982 5069 3382 5139 Kampschuue,
3422 5071 3471 5124 I.
3502 5067 3648 5134 158.)
3722 5073 3789 5124 Δ.
3829 5069 3963 5125 1536
3999 5069 4065 5124 de
4097 5070 4214 5125 sola
4250 5069 4367 5127 Do-

2421 5142 2624 5196 minica
2662 5141 2899 5194 severior
2934 5138 3113 5195 edicta
3148 5145 3226 5194 est
3262 5138 3574 5207 disciplina.
3650 5137 3899 5204 (Rue-hat
3936 5137 3972 5191 1
3984 5137 4041 5192 V.
4081 5138 4195 5193 108.
4255 5139 4367 5196 Ga-

2420 5209 2562 5264 berel
2598 5209 2644 5264 1.
2683 5207 2795 5261 279.
2872 5207 3005 5277 Rea.
3043 5207 3120 5262 du
3159 5207 3386 5263 Comeil.
3429 5208 3509 5262 16.
3544 5206 3671 5261 lan.
3709 5206 3887 5272 1537.)

2523 5349 2545 5412 )
2625 5277 2684 5344 5)
2727 5276 3009 5333 Consentius
3071 5276 3161 5344 (cf.
3223 5292 3303 5346 ep.
3360 5275 3440 5331 ad
3497 5276 3777 5330 Hallerum
3836 5277 4085 5344 proxime
4151 5292 4370 5347 sequen-

2416 5351 2517 5402 tem
2551 5386 2564 5400 .
