4900 6167
765 438 888 500 271

763 621 1211 706 philosophiae
1252 619 1583 704 praeclara
1635 619 1751 686 illa
1803 620 2141 687 sententia.
2227 619 2331 685 Ne
2348 643 2355 648 ·
2371 626 2562 702 putes
2603 621 2700 686 ita

764 728 873 772 me
913 708 1137 773 vivere
1178 707 1250 771 in
1292 706 1473 771 omni
1512 727 1733 772 rerum
1776 704 2175 771 abundantia
2213 717 2290 770 ut
2329 704 2414 770 ad
2447 726 2555 770 me
2597 707 2697 769 ni-

763 792 863 857 hil
919 797 1045 858 ista
1096 793 1479 875 pertineant.
1581 791 1707 856 Est
1760 790 1923 855 mihi
1983 790 2156 873 quod
2221 791 2406 857 satis:
2468 791 2697 855 luxum

764 891 833 944 et
886 876 1353 944 abundantiam
1407 878 1501 941 ita
1554 885 1873 959 temperat
1916 876 2240 941 Dominus
2255 928 2272 954 ,
2325 886 2403 941 ut
2458 876 2698 941 horum

765 963 934 1028 nihil
992 975 1241 1028 crescat
1294 962 1659 1027 accessione
1714 962 2005 1027 muneris
2046 961 2306 1044 publici.
2330 965 2380 1042 ¹)
2468 961 2697 1043 Neque

765 1050 945 1114 enim
991 1047 1097 1112 vel
1134 1056 1411 1130 augetur
1444 1047 1548 1112 vel
1597 1045 1911 1113 decrescit
1958 1048 2419 1129 patrimonium
2462 1045 2697 1111 hucus-

765 1155 913 1217 que,
950 1134 1042 1198 ita
1073 1143 1147 1197 ut
1179 1134 1521 1217 plerosque
1554 1131 1815 1197 audiam
1850 1131 2136 1198 dicentes
2170 1153 2275 1197 me
2308 1131 2697 1216 grandinem

764 1231 833 1285 et
895 1219 1197 1303 pruinam
1274 1219 1562 1283 omnium
1627 1216 1987 1283 officiorum
2048 1217 2460 1301 publicorum
2535 1236 2694 1292 esse,

763 1325 929 1388 quae
991 1303 1137 1369 aliis
1191 1322 1430 1387 magno
1486 1303 1729 1368 fuerint
1786 1302 2237 1368 emolumento.
2325 1301 2462 1368 Sed
2496 1301 2694 1385 quid?

764 1392 822 1456 si
866 1410 999 1454 non
1044 1386 1395 1455 succedunt
1434 1387 1594 1454 haec
1633 1390 1759 1454 nisi
1803 1387 2182 1467 ambitiosis,
2227 1408 2348 1472 ego
2381 1398 2695 1471 perpetuo

765 1474 989 1542 eodem
1032 1485 1183 1539 utar
1224 1473 1609 1551 calendario,
1652 1494 1862 1557 neque
1906 1474 2066 1538 vitio
2110 1473 2273 1537 mihi
2307 1473 2694 1538 vertendum

766 1560 1166 1637 existimabo,
1211 1560 1266 1623 si
1312 1559 1413 1624 his
1454 1560 1681 1642 opibus
1720 1571 1786 1623 et
1827 1578 1949 1642 ego
1993 1567 2062 1622 et
2102 1560 2232 1623 mei
2274 1560 2692 1636 caruerimus,

768 1666 932 1729 quae
974 1666 1121 1711 meo
1163 1646 1329 1709 luxu
1368 1653 1435 1710 et
1475 1645 1714 1710 inertia
1755 1665 1885 1710 non
1931 1645 2256 1726 perierint.

937 1731 1356 1813 Hieronymus
1407 1730 1517 1795 ille
1569 1741 1787 1796 vester
1827 1732 2270 1796 contentiosus
2311 1728 2417 1795 hic
2462 1729 2588 1793 fuit
2629 1740 2697 1793 et

765 1816 975 1882 multa
1015 1837 1271 1883 mecum
1313 1813 1395 1880 de
1439 1816 1631 1881 rebus
1683 1817 1854 1880 inter
1910 1836 2027 1880 vos
2082 1817 2520 1881 controversis
2565 1814 2695 1878 dis-

766 1903 1039 1986 putavit.
1060 1901 1117 1987 ²)
1203 1901 1349 1984 Ego
1392 1902 1719 1967 hominem
1762 1900 2066 1966 admonui
2112 1910 2187 1965 ut
2228 1902 2368 1983 paci
2412 1910 2480 1964 et
2521 1911 2698 1965 tran·

768 1987 1073 2071 quillitati
1122 1997 1189 2052 et
1244 2008 1399 2051 suae
1451 1998 1519 2050 et
1558 1986 1977 2052 ecclesiarum
2030 1986 2350 2051 consulat:
2410 2006 2596 2050 suam
2640 1986 2695 2049 si

765 2072 932 2138 velit
964 2072 1353 2138 sententiam
1388 2074 1589 2154 sequi,
1632 2070 1701 2134 id
1736 2072 1897 2136 citra
1930 2073 2484 2154 perturbationem
2522 2081 2696 2136 recte

762 2159 1217 2224 institutarum
1280 2157 1699 2222 ecclesiarum
1762 2156 1981 2222 faciat:
2062 2179 2145 2221 ne
2209 2156 2372 2220 mihi
2433 2155 2696 2238 quidem

768 2245 1076 2328 pleraque
1131 2242 1503 2308 satisfacere
1566 2262 1731 2323 quae
1783 2242 1954 2306 ultro
2006 2244 2293 2325 citroque
2337 2241 2417 2306 de
2463 2240 2697 2306 abditis

764 2329 897 2395 illis
959 2329 1285 2412 mysteriis
1350 2327 1475 2391 Dei
1537 2328 1739 2392 variis
1802 2327 1986 2392 libris
2048 2327 2505 2411 invulgantur,
2583 2324 2698 2392 sed

766 2415 943 2481 nolle
981 2415 1281 2497 cuiquam
1327 2421 1673 2497 propterea
1713 2414 2221 2478 controversiam
2257 2413 2497 2477 facere:
2539 2414 2698 2477 satis

762 2499 953 2565 nobis
992 2497 1289 2564 omnibus
1330 2499 1575 2582 negotii
1618 2518 1762 2563 esse
1818 2500 1886 2562 in
1929 2498 2108 2562 cultu
2150 2496 2278 2562 Dei
2321 2509 2388 2562 et
2427 2498 2698 2563 caritate

768 2586 1050 2670 proximi
1119 2583 1527 2661 exercendis,
1595 2581 1899 2665 quamdiu
1963 2586 2036 2648 in
2106 2584 2228 2650 hoc
2282 2581 2697 2648 tabernaculo

772 2671 1052 2752 agimus:
1140 2670 1497 2734 Dominum
1568 2668 1942 2751 propediem
2007 2668 2446 2734 revelaturum
2511 2670 2698 2734 nobis

767 2756 955 2820 oculo
998 2754 1077 2818 ad
1122 2755 1377 2820 oculum
1420 2774 1586 2838 quae
1628 2775 1804 2818 nunc
1860 2755 2184 2820 cernimus
2227 2763 2540 2835 tanquam
2581 2774 2699 2838 per

762 2840 1103 2924 speculum
1126 2842 1193 2905 in
1222 2841 1615 2924 aenigmate:
1659 2847 1988 2923 praestare
2011 2838 2134 2904 hac
2164 2841 2568 2905 confessione
2597 2840 2696 2922 ig-

763 2926 1101 2990 norantiae
1126 2946 1244 2990 nos
1267 2925 1613 2990 humiliare
1647 2945 1841 3007 quam
1874 2926 1950 2989 in
1983 2924 2176 2989 rebus
2210 2933 2348 2991 tam
2381 2924 2696 2991 abstrusis

762 3011 1079 3086 lascivire,
1103 3022 1170 3075 et
1188 3011 1435 3094 ingenii
1450 3011 1656 3076 nostri
1677 3010 2072 3093 petulantiae
2096 3009 2453 3094 indulgere.
2496 3010 2697 3075 Visus

766 3107 867 3162 est
908 3096 1205 3162 nonnihil
1248 3096 1353 3161 his
1387 3096 1770 3161 ratiunculis
1810 3107 2186 3174 commotus,
2231 3097 2362 3160 imo
2410 3095 2694 3171 sedatus,

764 3182 881 3249 sed
924 3183 1123 3247 nolim
1166 3181 1287 3246 hoc
1328 3181 1729 3247 confidenter
1769 3201 2057 3247 asserere
2074 3232 2090 3259 ,
2134 3201 2342 3263 neque
2384 3179 2697 3244 iudicium

761 3289 984 3333 meum
1028 3266 1107 3331 de
1150 3266 1271 3333 hoc
1314 3267 1577 3332 homine
1618 3268 2078 3352 praecipitare,
2132 3267 2245 3349 qui
2288 3266 2451 3330 mihi
2497 3266 2696 3331 semel

764 3360 1021 3417 tantum
1064 3352 1244 3417 visus
1286 3374 1407 3418 nec
1448 3354 1609 3418 satis
1650 3352 1962 3436 ‘cognitus
2014 3358 2146 3428 est,
2211 3352 2339 3416 nisi
2390 3350 2560 3433 quod
2603 3351 2698 3415 vi-

766 3438 962 3503 detur
1016 3458 1155 3502 esse
1218 3437 1543 3502 obstinato
1610 3448 1677 3502 et
1745 3439 1846 3503 sui
1905 3436 2348 3502 amantissimo
2410 3437 2695 3520 ingenio.

765 3523 954 3588 Vale.
1044 3522 1277 3588 Saluta
1338 3522 1652 3587 Teum-em
1707 3531 1773 3586 et
1824 3523 2058 3587 fratres
2099 3542 2342 3587 omnes.
2428 3522 2696 3605 Raptim

766 3609 1027 3675 Bernae
1070 3613 1169 3672 26.
1216 3607 1505 3673 Ianuarii
1556 3611 1735 3671 1552.

1743 3742 1872 3807 Tui
1913 3743 2525 3810 observantissimus

1756 3827 2062 3895 Nicolaus
2105 3829 2499 3895 Zerchintes.

1538 4122 1583 4129 -ο
1608 4121 1859 4129 ——-—.——..--·

1630 4340 1821 4410 15⁹6.

1246 4473 2205 4547 GALVINUSFARELLO.

933 4645 1182 4709 Acriter
1234 4645 1540 4709 invehitur
1601 4647 2085 4713 inTurioenoes
2140 4650 2405 4716 dalios
2459 4654 2693 4733 quiin

766 4730 1259 4796 Bozsoeioausa
1314 4732 1550 4794 cinon
1606 4751 1728 4812 pro
1796 4736 1953 4797 votis
2018 4733 2371 4815 adfuerunt.
2473 4736 2694 4802 Βίωνι

771 4813 2696 4903 (γὀκουαεαΒωπαοοκσιῑίαεῶίοοιώναήαεεεεᾳαοήων.

763 4985 939 5043 uso.
964 4985 1023 5049 1)
1062 4984 1209 5038 Erat
1240 4985 1715 5051 mmmmm*
1745 4985 2176 5044 canisiano-di
2206 4995 2258 5044 et
2290 4992 2693 5046 mamarius

994 5055 1002 5064 ‘
1062 5052 1996 5124 indiuouBa-mmqamca.

966 5121 1027 5188 2)
1064 5119 1284 5176 Gaison
1337 5123 1531 5176 dadas
1592 5123 1653 5175 in
1704 5122 2071 5206 Ber-nm·
2299 5141 2409 5249 ⁸⁰16

2225 430 2744 499 EPISTOLAE
2796 435 3211 498 1595—1597

4570 442 4674 504 272

2801 619 4682 701 IpsumvoeoFareumnoerioadmonetnaesibiania-ia

2800 706 2872 769 in
2910 706 3319 772 concionando
3375 711 3430 770 et
3470 706 3718 789 publice
3748 709 4061 790 procando
4089 709 4451 792 prolioeimte
4486 718 4680 778 ωυαιι.

2801 858 3218 921 (Authenticum
3254 860 3529 929 exemplar
3575 861 3721 929 qnod
3762 862 3938 916 solum
3984 867 4164 916 exstat
4195 864 4460 928 reponim-
4489 865 4543 917 in
4572 863 4687 918 God-

2799 926 3005 982 Gensv.
3043 926 3184 992 107⁸,
3219 927 3313 981 fol.
3345 926 3430 980 5⁶.
3482 926 3647 982 Ouius
3678 931 3855 983 ultimi
3872 946 4060 983 versus
4092 935 4306 984 taum
4321 931 4522 986 calvini
4549 949 4688 986 mauu

2798 996 2988 1065 scripti
3011 996 3544 1118 ‘mt'hfflfifb
3555 998 3712 1120 1131ss
3713 998 3914 1120 5:3¹
3974 998 4137 1051 Patet
4168 998 4318 1052 aliud
4351 1000 4688 1122 Fmtull-b'

2797 1080 2947 1186 frua.
2983 1132 3081 1186 ΠΙ.
3112 1104 3257 1202 ’App
3293 1150 3344 1202 p.
3379 1131 3463 1187 22.
3534 1134 4001 1268 Anqllioeaigsam
4035 1135 4278 1189 invenies
4323 1138 4377 1190 in
4410 1137 4489 1190 ed.
4521 1085 4691 1191 ὦ

2967 1354 3135 1420 Sero
3179 1365 3504 1421 venerunt
3553 1356 3784 1422 literae
3841 1369 3992 1423 tuae
4047 1357 4282 1441 quibus
4338 1359 4598 1443 rogabas
4635 1370 4696 1422 ut

2799 1441 3107 1506 iniuriam
3150 1461 3191 1505 a
3233 1440 3465 1508 vicinis
3507 1444 3748 1509 factam
3805 1444 4039 1510 tacitus
4095 1465 4416 1510 vorarem.
4672 1480 4696 1492 ·

2799 1535 2942 1591 tum
2985 1525 3070 1591 ad
3111 1526 3488 1610 'rig-urinas,
3548 1528 3763 1594 triduo
3812 1537 3966 1595 ante
4020 1530 4190 1596 iacta
4244 1530 4455 1595 fuerat
4492 1528 4633 1594 alea
4657 1533 4697 1606 ¹)

2798 1611 3036 1677 Adhuc
3078 1611 3339 1694 quidem
3386 1613 3458 1677 in
3501 1634 3701 1679 manu
3759 1625 3901 1679 erat
3939 1613 4319 1680 mmedium.
4405 1612 4533 1679 Sed
4569 1613 4695 1679 lite-

2797 1718 2904 1762 ras
2945 1698 3078 1761 iam
3121 1698 3390 1763 emissas
3431 1720 3738 1765 revocare
3773 1721 3906 1765 non
3939 1700 4196 1782 placuit.
4267 1700 4376 1766 Ad
4406 1698 4695 1766 Basilian-

2799 1804 2903 1848 ses
2946 1793 3170 1866 postea
3208 1781 3623 1849 scribendum
3679 1785 3802 1850 fuit
3855 1788 4247 1851 necessario:
4308 1804 4570 1870 quorum
4608 1805 4694 1847 re-

2801 1888 3115 1950 sponsum
3173 1868 3359 1933 initio
3408 1881 3536 1934 tam
3601 1869 3918 1954 frigidum
3962 1881 4029 1936 et
4083 1872 4283 1937 inane
4326 1870 4546 1936 videns
4583 1890 4695 1934 non

2797 1953 3030 2019 leviter
3093 1954 3379 2020 offensus
3435 1955 3546 2020 fui.
3647 1955 3782 2021 Sed
3848 1978 4014 2039 quae
4072 1967 4298 2040 postea
4360 1956 4441 2021 ab
4507 1955 4694 2032 aliis2)

2797 2038 3087 2122 profecta
3127 2049 3283 2106 sunt
3315 2049 3572 2105 tantum
3614 2039 3941 2108 habebant
3981 2041 4394 2126 indignitatis
4424 2048 4497 2106 ut
4534 2038 4696 2105 facile

2797 2123 2929 2189 illis
2969 2125 3263 2207 placatus
3303 2125 3558 2190 fuerim.
3632 2125 3824 2207 Quod
3859 2128 4105 2209 priores
4143 2128 4293 2193 illos
4334 2133 4558 2210 sponte
4595 2124 4695 2188 ali·

2799 2210 3054 2291 quando
3073 2213 3128 2288 ⁸)
3171 2231 3478 2275 sensuros
3511 2221 3704 2295 putas
3739 2211 3892 2295 quid
3927 2214 4274 2295 peccarint,
4318 2212 4504 2296 longe
4540 2207 4695 2274 falle-

2800 2297 2908 2359 ris.
2994 2295 3224 2360 Potius
3282 2306 3585 2379 exspecta
3638 2295 3798 2362 dum
3849 2297 4233 2364 electionem
4285 2297 4415 2363 Dei
4466 2313 4697 2379 prorsus

2801 2381 3144 2464 abnegent.
3214 2382 3560 2448 Mirificam
3604 2383 3731 2447 Dei
3775 2383 4248 2466 providentiam
4287 2385 4358 2449 in
4401 2404 4474 2448 eo
4505 2398 4699 2446 sumus

2800 2467 3085 2548 experti,
3138 2465 3310 2549 quod
3362 2467 3527 2532 nihil
3584 2468 3715 2533 tale
3755 2470 4048 2551 cogitans
4089 2490 4203 2536 eos
4245 2470 4318 2533 in
4358 2463 4698 2534 concordias

2801 2562 3062 2616 nostrae
3105 2552 3382 2617 formula
3422 2554 3763 2632 obstrinxi,
3809 2574 3894 2618 ne
3937 2575 4202 2637 prorsus
4246 2552 4331 2620 ad
4369 2547 4697 2618 nocendum

2799 2658 2974 2702 nunc
3029 2637 3227 2702 soluti
3289 2649 3524 2703 essent
3615 2639 4009 2706 Admonitus
4061 2641 4238 2705 enim
4292 2659 4438 2704 sum
4489 2657 4527 2701 a
4564 2651 4697 2717 quo·

2800 2719 2949 2786 dam
2989 2722 3243 2787 futuros
3284 2722 3524 2805 alioqui
3571 2724 3936 2808 Hieronymi
3977 2735 4287 2807 patronos
4331 2723 4536 2788 fuisse.
4597 2718 4698 2781 Pa·

2800 2828 2950 2872 rum
3023 2807 3220 2872 etiam
3285 2807 3489 2906 abfuit
3556 2811 3714 2890 quin
3771 2810 4149 2876 Bibliander
4211 2808 4431 2877 subito
4482 2808 4697 2954 imffotu

2800 2901 3134 2975 correptus
3187 2902 3412 2958 statim
3479 2913 3600 2958 nos
3668 2905 4120 2979 oppugnatum
4172 2895 4441 2961 venerit.
4590 2905 4695 2953 unc

2799 2979 3080 3043 scribere
3137 2976 3374 3043 dicitur
3427 2980 3642 3045 nescio
3698 2980 3871 3062 quid.
3893 2985 3947 3058 ⁴)
4047 2982 4194 3046 Nisi
4249 2991 4468 3046 tamen
4517 2972 4694 3046 fallor,

2801 3063 2968 3128 nihil
3010 3063 3079 3127 in
3121 3063 3286 3127 meis
3327 3063 3533 3128 literis
3578 3065 3708 3128 nisi
3752 3065 3941 3132 valdo
3983 3066 4389 3132 moderatum
4429 3058 4694 3144 reperies·

2801 3148 2993 3214 Oerte
3034 3148 3104 3213 in
3149 3146 3433 3213 sedando
3474 3171 3601 3231 quo
3645 3163 3798 3217 tunc
3842 3151 4146 3217 ardebam
4189 3151 4407 3218 dolore
4447 3144 4696 3214 multum

2798 3234 2962 3299 mihi
3000 3233 3128 3298 fuit
3167 3235 3426 3316 negotii.
4622 3312 4633 3326 ⁹

2972 3318 3148 3399 Quid
3207 3319 3453 3385 Virdus
3496 3323 3706 3387 tertiis
3723 3323 3780 3406 ⁵)
3817 3323 4142 3408 agendum
4175 3320 4472 3389 consulat
4502 3312 4694 3380 audies

2801 3424 2885 3468 ex
2933 3403 3377 3484 Chrishwhoro.
3467 3406 3640 3487 Quia
3693 3408 3953 3474 animus
3974 3409 4027 3493 ⁶)
4083 3430 4125 3473 a
4179 3403 4456 3492 petenda
4505 3400 4694 3466 Berua

2797 3490 3064 3638 penitus
3105 3488 3428 3567 abhorret,
3472 3492 3637 3557 nihil
3681 3494 3930 3577 proprii
3970 3494 4226 3560 consilii
4271 3492 4491 3559 habeo.
4571 3481 4692 3548 Ma·

2822 3595 3007 3639 crum
3051 3583 3271 3639 tamen
3314 3576 3545 3658 quibus
3588 3599 3900 3662 urgemur
3955 3579 4258 3646 atrocitas
4300 3570 4533 3658 aliquid
4572 3575 4693 3630 ten·

2798 3669 2939 3725 tare
3002 3660 3192 3744 cogit.
3293 3661 3386 3725 Et
3443 3683 3616 3728 nunc
3689 3673 3918 3729 exorta
3987 3675 4088 3731 est
4142 3664 4225 3731 de
4292 3658 4494 3728 nihilo
4544 3667 4694 3744 nov}

2798 3743 3168 3829 tragoediae
3225 3747 3519 3813 materia.
3607 3749 3988 3816 Praefectus
4043 3750 4222 3816 enim
4278 3743 4694 3813 Terniaoenm

2797 3831 2968 3914 quod
3009 3830 3248 3896 falsum
3289 3845 3371 3896 .et
3414 3841 3655 3899 temere
3699 3834 3982 3900 delatum
4040 3845 4180 3900 erat
4219 3831 4410 3901 avide
4451 3845 4559 3911 pro
4595 3836 4693 3885 811⁰

2798 3935 2980 3981 more
3022 3916 3329 4000 arripuit,
3385 3917 3703 3984 loannem
3761 3942 3801 3984 a
3846 3919 4069 3986 Sancto
4109 3921 4371 3986 Anam
4412 3930 4524 3998 pro
4561 3923 4693 3972 0⁰¹¹·

2796 4003 2980 4066 oione
3022 4000 3293 4066 dixisse:
3339 4004 3706 4087 quicunque
3750 4024 4018 4069 coenam
4062 4004 4335 4070 Domini
4377 4000 4480 4065 dio
4521 3991 4576 4059 N
4577 3997 4691 4054 δῦ*

2793 4171 3049 4235 moal)
3097 4171 4039 4242 Videqmamotaoinusadlv'.
4076 4172 4227 4240 1590,
4262 4178 4371 4230 not.
4409 4167 4486 4220 11.
4667 4220 4676 4232 .

2995 4240 3048 4321 2)
3087 4239 3454 4295 Bemmsibus
3485 4247 3636 4309 puta.
3712 4241 3990 4297 Caeterum
4025 4243 4155 4299 haec
4184 4244 4247 4297 in
4280 4238 4516 4297 versione
4546 4223 4692 4292 ⁰⁸0¹*

2791 4323 2935 4361 cana
2987 4323 3067 4362 stc
3113 4314 3341 4363 mant.-
3389 4310 3500 4362 But
3543 4310 3698 4363 those
3741 4311 3925 4380 things
3973 4310 4250 4365 advanoed
4297 4311 4368 4378 by
4413 4304 4494 4359 the
4533 4294 4691 4350 offiflffl

2795 4392 3202 4446 weresovery
3241 4377 3516 4432 mortum
3559 4378 3962 4448 thattksydid
3999 4364 4690 4434 notoausememuchss·

2795 4461 3060 4576 noymog')
3097 4513 3425 4594 aliquamdiu
3461 4514 3535 4566 H.

3000 4582 3062 4648 4)
3099 4582 3329 4636 Ham
3376 4581 3684 4648 (suumn
3727 4583 3795 4636 11.
3843 4583 3910 4637 47
3955 4586 4094 4648 m.)
4149 4582 4345 4638 laudat
4389 4577 4512 4630 hooc
4553 4560 4691 4619 ΜΝ

2797 4650 2853 4702 Β
2940 4649 2952 4661 “
3099 4651 3109 4663 ”
3158 4651 3235 4705 ad
3283 4649 3594 4704 Gavium.-
3651 4651 3842 4722 Neque
3884 4661 4019 4722 puto
4063 4651 4430 4706 Bibliandrum
4475 4640 4690 4710 nomam

2794 4719 2961 4771 ullum
3066 4720 3196 4772 bere
3231 4719 3287 4770 in
3321 4719 3568 4772 manibus
3588 4721 3787 4774 librum
3809 4727 3996 4774 eontra
4027 4728 4084 4772 te
4117 4719 4384 4773 hostilem·
4435 4708 4690 4781 ΔΝΜ.

2795 4786 2936 4840 forte
2970 4787 3115 4857 apud
3149 4795 3206 4839 te
3234 4786 3475 4840 referunt
3508 4790 3724 4857 quidam
3761 4807 3920 4859 quam
3953 4805 4056 4858 pro
4088 4787 4377 4869 prudentia
4408 4786 4464 4833 et
4492 4769 4688 4838 ΜΨ

2795 4855 3163 4928 conservanda
3196 4854 3469 4909 deberent.
3540 4857 3663 4911 Scio
3695 4874 3853 4911 voees
3888 4857 4031 4910 ultro
4065 4867 4315 4926 citroque
4349 4851 4561 4906 iactam
4592 4846 4686 4910 ’,ω’

2794 4941 2910 5004 mos
2945 4924 3252 5003 disiungere
3287 4932 3381 4976 aut
3413 4925 3718 4979 abalienare
3756 4925 3985 4978 maxime
4020 4942 4184 5045 quum
4200 4922 4374 5003 hoefip
4407 4901 4688 5016 0⁰⁰⁰⁰¹d¹22

2792 4993 3028 5046 hbenter
3076 4991 3324 5060 frigidam
3369 4994 3653 5048 suffundat.
3722 4993 4020 5061 Temperan
4057 5010 4147 5046 um
4191 4995 4382 5048 animm
4415 4989 4606 5062 ⁰⁰2¹¹⁰⁰⁰³

2794 5078 2858 5114 ea
2893 5060 3133 5113 arbitror
3179 5058 3511 5116 humanitate
3556 5061 3857 5132 praeditum
3907 5062 4277 5116 Bibliandrum
4322 5065 4384 5112 ut
4425 5068 4479 5130 ⁸1·

2791 5131 2841 5181 ei
2879 5130 3067 5181 literas
3101 5130 3365 5182 scriberes
3399 5147 3504 5183 non
3540 5146 3632 5184 eas
3669 5130 3969 5197 repelleret„
4049 5128 4156 5184 mn·
4184 5133 4291 5185 tals
4379 5124 4391 5136 ⁶

2787 5197 3028 5265 potuerit
3073 5201 3350 5252 ηοεοὲπιιιε.

2997 5262 3060 5328 5)
3099 5265 3479 5321 Barnous-aua.
3551 5264 3634 5328 ΟΥ.
3669 5265 3872 5318 Βααιιι
3910 5265 3982 5319 Ν.
4020 5264 4167 5332 1591,
4202 5270 4308 5321 not.
4343 5259 4393 5311 8-

3001 5333 4242 5404 mmouuoelutpatateaevamffloet
4277 5332 4309 5384 1.
