4900 6167
255 467 359 527 457

1110 651 1298 722 1⁶⁹5.

660 788 1224 857 BLAURERUS
1264 788 1698 858 OALVINO.

406 957 555 1025 Post
606 959 904 1027 nonnulla
959 961 1038 1026 dc
1093 960 1371 1043 epistolis
1421 981 1621 1044 nuper
1673 962 1838 1029 ultro
1894 964 2169 1046 citroque

249 1047 722 1113 „sesamam
772 1050 862 1113 est
913 1047 986 1111 in
1039 1046 1418 1129 deplorando
1461 1046 2167 1131 Constantcaeadoeqw

254 1130 2167 1217 ominentimstatmnoquealiampiismozationm

247 1217 2167 1305 mecreditnisimeincodestireynopromissa

247 1305 321 1368 110
357 1309 732 1369 asserum.
825 1299 1075 1369 calvini
1125 1302 1365 1370 labores
1426 1307 1754 1389 eoeeyeticos
1804 1325 2167 1390 maynopere

550 1559 663 1621 (Ex
699 1560 1037 1631 autographo
1071 1559 1200 1615 cod.
1235 1559 1370 1614 Gen.
1410 1560 1529 1629 110,
1564 1561 1658 1616 sol.
1695 1561 1839 1628 140.)

394 1731 672 1798 Summo
710 1733 835 1798 Dei
880 1733 1023 1798 viro
1064 1733 1680 1819 incomparabilique
1717 1733 2017 1819 theologo
2057 1733 2163 1799 Io·

239 1815 685 1918 anni-Calvino·
712 1818 904 1919 fratri
939 1839 1060 1884 suo
1098 1839 1250 1885 cum
1286 1820 1512 1903 primis
1555 1817 1927 1887 venerando
1970 1819 2163 1905 longe

237 1924 511 1969 omnium
557 1923 890 1970 carissimo

1650 1991 1978 2059 Genevae.

389 2125 700 2193 Salutem
762 2128 833 2192 iu
903 2126 1112 2194 solida
1167 2127 1375 2195 salute
1425 2135 1650 2194 nostra
1707 2127 1977 2195 Christo
2045 2129 2161 2213 qui

236 2210 337 2276 u‘bi
381 2219 663 2297 tuaeque
721 2211 944 2280 domui
993 2214 1283 2280 ineuntis
1339 2214 1493 2279 anni
1549 2213 1705 2279 felix
1742 2214 2159 2299 faustumque

237 2298 582 2382 auspicium
615 2298 954 2399 largiatur.
1020 2302 1254 2366 Amen.
1322 2300 1585 2366 Literas
1693 2302 1829 2383 as¹)
1862 2299 2159 2367 omnium

235 2381 255 2445 l
478 2383 889 2468 gratissimas
959 2385 1054 2468 iiij
1110 2383 1379 2451 Galend.
1434 2386 1499 2451 D
1682 2386 1819 2452 bris
1876 2385 2158 2452 Ioannes

231 2466 302 2532 ab
513 2471 525 2483 '
579 2468 637 2554 ²)
694 2470 1069 2552 carissimus
1125 2471 1347 2536 affinis
1399 2492 1586 2538 meus
1639 2492 1722 2537 ex
1764 2471 2012 2557 Anglia
2053 2493 2158 2539 re-

231 2573 451 2620 versus
494 2554 666 2621 bona
719 2554 883 2620 mihi
944 2554 1071 2622 fide
1125 2553 1406 2622 reddidit
1420 2607 1438 2634 ‚
1494 2577 1662 2640 quae
1717 2578 1854 2623 non
1908 2556 2156 2637 credas,

230 2640 310 2704 mi
353 2642 458 2706 vir
496 2639 628 2706 Dei
671 2641 945 2708 simulac
990 2641 1360 2707 venerande
1403 2643 1474 2707 in
1517 2641 1672 2709 Iesu
1716 2642 1982 2709 christo
2022 2642 2156 2709 fra-

231 2735 336 2806 ter,
371 2746 566 2809 quam
589 2742 900 2794 cunctum
933 2748 1042 2792 me
1075 2726 1525 2807 exhilararint,
1565 2750 1695 2795 non
1718 2736 1856 2795 tam
1892 2737 2157 2813 propter

230 2821 677 2897 argumentum
711 2812 860 2897 0100
894 2814 1055 2880 satis
1088 2812 1378 2897 profecto
1412 2813 1708 2900 lugubre,
1753 2835 1948 2898 quam
1984 2813 2155 2899 quod

228 2903 286 2960 01
322 2897 572 2981 primae
615 2919 777 2981 quas
821 2897 938 2964 abs
981 2907 1046 2964 te
1089 2899 1308 2982 accepi
1364 2907 1430 2965 et
1483 2921 1619 2966 non
1664 2899 1953 2986 vulgaris
1996 2921 2157 2985 erga

224 3002 318 3048 me
372 2984 613 3050 amoris
673 2984 769 3049 tui
823 2993 1023 3050 testes
1086 2984 1372 3051 fuerunt.
1474 2986 1789 3053 servator
1844 2985 2155 3053 Christus

223 3076 280 3133 te
320 3076 596 3154 tuosque
641 3078 981 3135 aeternum
1025 3068 1261 3155 diligat
1303 3070 1510 3156 deque
1551 3070 1942 3138 inexhausto
1985 3069 2153 3136 divi·

223 3154 451 3220 tiarum
496 3175 767 3220 suarum
826 3157 1047 3241 copiae
1089 3178 1292 3223 cornu
1336 3161 1406 3223 in
1449 3158 1709 3224 afflictis
1753 3157 1914 3225 adeo
1956 3158 2152 3224 rebus

222 3259 348 3305 nun
397 3262 555 3307 uam
595 3261 730 3306 non
771 3240 1087 3308 refocillet
1130 3264 1206 3309 ac
1247 3242 1411 3309 beet.
1500 3242 1711 3309 Rem
1750 3245 1954 3309 miror
1994 3241 2151 3326 quid

220 3328 342 3393 acci
469 3329 535 3405 ·t,
581 3326 752 3410 quod
797 3347 919 3394 nes
960 3348 1162 3412 quum
1205 3328 1377 3412 apud
1411 3329 1733 3396 Bernates
1774 3328 1975 3395 fuerit
2015 3349 2152 3394 000

221 3412 455 3479 invisit.
480 3413 535 3499 ⁸)
636 3412 1047 3498 Scripseram
1106 3413 1188 3480 ad
1255 3435 1408 3480 eum
1472 3435 1602 3481 000
1672 3414 1834 3482 adeo
1893 3412 2149 3498 pridem

220 3507 359 3563 mte
401 3506 702 3583 acceptas
744 3506 893 3567 tuas
934 3499 1178 3576 literas,
1223 3499 1338 3566 sed
1379 3499 1553 3566 nihil
1585 3500 1700 3566 ille
1730 3521 2003 3585 prorsus
2044 3502 2150 3566 in·

219 3590 385 3649 terea
479 3584 563 3650 ad
655 3605 792 3664 me,
885 3593 963 3651 ut
1048 3606 1279 3653 verear
1370 3606 1455 3652 00
1543 3588 1711 3652 forte
1799 3608 1935 3653 non
2017 3587 2153 3653 sint

219 3665 303 3731 illi
356 3668 653 3736 redditae
669 3723 683 3746 ,
755 3678 823 3737 et
894 3671 1204 3738 Volmarii
1258 3673 1502 3739 veteris
1556 3673 1750 3740 amici
1766 3677 1827 3754 ⁴)
1896 3674 2029 3739 mei
2083 3678 2153 3737 et

218 3773 390 3822 meae
411 3755 644 3821 literae
666 3756 799 3823 illis
842 3758 1252 3825 coniunctae:
1298 3777 1690 3842 quamquam
1723 3757 1896 3825 nihil
1927 3757 2151 3824 damni

219 3839 361 3906 fecit
428 3843 487 3906 si
551 3863 729 3907 meas
787 3865 917 3910 000
976 3846 1253 3926 accepit,
1321 3843 1676 3927 plurimum
1736 3844 2033 3911 fortassis
2091 3845 2151 3909 si

216 3924 388 3993 illius
430 3948 656 3995 carere
691 3938 1002 4013 oporteat,
1070 3930 1246 3996 Tuas
1290 3950 1444 3995 vero
1477 3928 1690 3996 Besae
1730 3931 1925 3998 inseri
1973 3938 2076 3996 tas
2091 3932 2149 4014 ⁸)

217 4011 498 4081 studioso
540 4014 796 4082 cuidam
832 4014 1233 4082 adulescenti
1292 4016 1404 4099 qui
1449 4016 1809 4083 Lausanna
1954 4018 2152 4082 mium

211 4117 422 4165 meum
466 4098 596 4166 huc
638 4120 718 4166 us
762 4121 846 4167 00
883 4101 1230 4168 comitatus
1263 4107 1381 4181 est,
1424 4122 1581 4168 mox
1623 4101 1783 4170 illuc
1827 4124 2148 4178 reversus,

83 4207 92 4222 ·
210 4194 451 4332 quanta
490 4187 674 4270 potui
768 4186 1066 4271 'ligentia
1106 4195 1182 4254 ut
1226 4185 1433 4254 Besae
1476 4187 1779 4253 redderet
1819 4209 2148 4256 commen-

249 4272 384 4352 avi,
445 4292 567 4338 nec
622 4272 977 4357 quidquam
1045 4272 1357 4338 addubito
1421 4274 1580 4358 quin
1622 4274 1866 4340 fecerit.
1955 4272 2147 4356 Quod

77 4607 80 4674 ἒ
208 4559 875 4756 lm‘ssfflffl,
912 4646 957 4687 ε.
1001 4630 1212 4697 mmor,
1253 4631 1710 4703 mmmm,
1758 4631 2148 4701 sodomama

206 5182 687 5252 madentis
720 5199 766 5241 0.
800 5199 1012 5241 mmm
1047 5120 1746 5256 Imm&
1779 5199 2005 5255 operam
2036 5200 2142 5240 aa·

205 5259 382 5309 rma
436 5253 575 5310 alter
606 5254 834 5310 Ber-nae
880 5258 933 5311 et
967 5253 1510 5393 Pario-‘iemvmm
1542 5272 1595 5310 a.
1633 5254 1785 5310 ,1535
1836 5259 2062 5324 neterque
2106 5271 2145 5309 a

1938 469 2094 532 1553
2139 465 2509 534 IANUAR.
2564 519 2567 522 .

4068 473 4197 535 458

2267 656 2516 739 patriae
2560 661 2707 720 tuae
2750 663 3078 739 superstes
3122 657 3310 736 vivis,
3330 657 3387 739 ⁰)
3429 655 3626 740 idque
3668 663 3803 722 tam
3846 654 4196 742 deploratis

2269 740 2655 819 rationibus,
2720 760 2839 824 ego
2895 748 3079 808 tuam
3136 752 3205 809 et
3260 741 3437 809 illius
3493 741 3705 808 vicem
3757 745 3907 809 totis
3961 743 4202 810 animis

2270 825 2483 906 doleo,
2540 827 2680 910 ipse
2723 825 2989 892 interim
3032 847 3166 893 non
3221 827 3415 911 paulo
3471 827 3822 907 infelicior,
3867 829 3976 914 qui
4016 850 4213 913 meae,

2266 911 2521 996 patriae
2555 931 2721 995 quae
2757 911 2990 978 vivens
3024 914 3381 980 etiamnum
3416 923 3677 979 mortua
3710 922 3830 994 est,
3864 925 4196 998 superstes

2267 998 2444 1063 vivo.
2531 994 2646 1063 Sic
2703 996 2880 1062 euim
2934 997 3052 1064 illa
3092 997 3559 1065 exsecrandum
3614 999 3685 1064 in
3728 998 3990 1066 modum
4034 999 4197 1066 deli-

2265 1082 2488 1161 tiatur,
2533 1082 2628 1150 sic
2668 1103 2745 1147 su
2831 1083 3257 1161 rstitionibus,
3301 1093 3677 1168 contemptu
3712 1083 3978 1166 Christi,
4023 1105 4199 1153 scor-

2267 1168 2640 1249 tationibus,
2687 1190 2726 1233 a
2771 1168 3039 1248 ulteriis,
3095 1171 3330 1248 000110,
3392 1170 3570 1247 luxu,
3626 1179 4198 1254 quantumcunque

2267 1254 2490 1320 ferunt
2532 1254 2873 1320 facultates
2889 1305 2905 1332 ,
2945 1255 3365 1339 blasphemiis
3380 1307 3396 1334 ,
3459 1254 3600 1321 alea
3614 1307 3630 1334 ,
3692 1258 4083 1340 caeterisque
4126 1255 4197 1322 id

2266 1359 2474 1425 genus
2516 1360 2648 1405 non
2690 1339 2975 1405 ferendis
3017 1341 3602 1408 abominationibus
3642 1341 3903 1422 insanit,
3949 1351 4022 1407 ut
4060 1363 4200 1407 om-

2267 1444 2420 1490 nem
2464 1425 2753 1491 omnium
2808 1425 3215 1510 flagellorum
3258 1423 3528 1493 Domini
3579 1447 3846 1492 sensum
3906 1427 4198 1495 amisisse

2265 1507 2597 1590 videatur,
2659 1511 2896 1594 vixque
2951 1511 3333 1596 paucissimi
3392 1512 3625 1597 reliqui
3682 1513 3817 1579 sint
3857 1513 3969 1596 001
4012 1521 4199 1578 tauto

2267 1615 2338 1661 se
2381 1597 2586 1661 furori
2644 1604 3006 1680 opponant,
3064 1616 3344 1681 quorum
3398 1605 3620 1663 tamen
3664 1598 3875 1682 gratia
3916 1598 4201 1684 compel-

2264 1680 2461 1746 lenda
2515 1681 2729 1749 adhuc
2785 1682 2949 1747 mihi
3021 1681 3278 1748 videtur
3335 1681 3592 1749 divina·
3626 1684 4029 1769 benignitas,
4100 1684 4202 1750 uti

2265 1765 2530 1834 illorum
2574 1767 2852 1834 vinculis
2894 1766 3234 1834 subveniat
3293 1776 3407 1834 aut
3460 1776 3633 1835 certe
3678 1776 3752 1835 ut
3794 1770 4011 1835 firmet
4052 1768 4201 1835 illo-

2267 1873 2413 1918 rum
2460 1854 2727 1934 animos,
2771 1874 2897 1937 quo
2932 1855 3183 1919 ratione
3216 1854 3480 1920 tandem
3526 1853 3744 1939 aliqua
3788 1855 4039 1939 potenti
4081 1876 4202 1921 sua

2264 1958 2466 2004 manu
2486 1938 2679 2005 malis
2720 1940 2865 2005 istis
2900 1960 3093 2023 quam
3131 1941 3420 2023 primum
3454 1941 3861 2006 eximantur:
3905 1939 4201 2025 quando-

2263 2023 2527 2107 quidem
2551 2023 2631 2091 de
2652 2025 2813 2091 urbe
2843 2026 2986 2109 ipsa
3007 2023 3272 2091 Christo
3293 2024 3700 2092 restituenda
3743 2047 3825 2091 ne
3869 2025 4200 2092 tantillum

2262 2106 2525 2194 quidem
2550 2111 2689 2195 spei
2709 2109 2835 2177 reli
2876 2132 3033 2177 uum
3056 2109 3221 2176 mihi
3241 2112 3397 2177 facit
3416 2108 3814 2179 incredibilis
3836 2103 3963 2178 ista
3984 2123 4050 2176 et
4094 2111 4200 2177 cui

2261 2194 2377 2260 vix
2397 2194 2751 2280 quidquam
2868 2195 2932 2262 di
2954 2197 3177 2280 possit,
3221 2195 3291 2262 in
3326 2216 3519 2281 quam
3541 2197 3754 2281 magis
3772 2203 3967 2281 atque
3988 2198 4198 2281 magis

2262 2279 2606 2362 delabitur,
2650 2283 2967 2366 impietas.
3049 2280 3254 2349 Cuius
3296 2282 3496 2348 etiam
3545 2291 3789 2348 statum
3833 2292 4025 2367 atque
4069 2281 4194 2346 mi-

2261 2366 2500 2433 seriam
2546 2366 2768 2433 audivi
2787 2419 2802 2446 ,
2860 2367 3231 2435 venerande
3281 2365 3552 2445 Calvino,
3599 2376 3673 2433 ut
3715 2388 3922 2452 nuper
3965 2368 4195 2434 adum-

2258 2451 2470 2518 brarit
2501 2453 2663 2520 civis
2697 2452 3035 2520 cuiusdam
3055 2474 3240 2531 uxor,
3277 2473 3440 2538 quae
3461 2462 3721 2521 uterum
3744 2454 3961 2520 ferens
3996 2474 4198 2537 quum

2259 2538 2537 2603 sentiret
2601 2539 3121 2605 vehementiores
3192 2540 3376 2623 pueri
3456 2539 3525 2604 in
3596 2547 3780 2605 utero
3851 2538 4201 2625 singultus,

2259 2643 2642 2708 germanam
2686 2645 2974 2691 sororem
3020 2645 3212 2709 quam
3258 2633 3399 2690 tum
3442 2625 3607 2690 forte
3640 2645 3860 2691 secum
3895 2624 4197 2702 habebat,

2259 2708 2398 2775 0100
2440 2711 2538 2776 101
2578 2709 2946 2789 admonuit,
2991 2732 3156 2795 quae
3199 2731 3352 2776 mox
3397 2711 3713 2777 infantem
3760 2733 3801 2777 v
3890 2712 3903 2725 '
4025 2709 4201 2776 mul-

2259 2801 2532 2879 tumque
2589 2795 2768 2862 velut
2825 2796 3173 2862 lamentari
3229 2795 3585 2862 clarissime
3649 2795 3916 2863 audivit.
4004 2794 4202 2878 Quod

2258 2878 2416 2964 quid
2458 2889 2650 2966 putas
2691 2882 2868 2948 aliud
2902 2881 3235 2965 portendit
3269 2902 3463 2966 quam
3501 2883 3752 2965 pat-riae
3788 2903 3970 2948 meae
4005 2881 4200 2966 longe

2257 2967 2551 3033 omnium
2594 2967 3075 3035 infelicissimae
3117 2965 3329 3032 multo
3365 2967 3686 3052 graviora,
3776 2988 3926 3033 uam
3972 2967 4197 3035 haete-

2255 3072 2380 3117 nus
2436 3073 2742 3138 perpessa
2800 3062 2930 3133 est,
2986 3054 3162 3119 mala
3217 3051 3630 3137 impendere?
3795 3073 3918 3119 uae
3983 3053 4202 3118 omnia

2255 3137 2508 3223 quoties
2579 3136 2921 3223 diligenter
2983 3161 3241 3207 mecum
3305 3137 3635 3222 expende,
3702 3138 3880 3204 varie
3947 3159 4021 3204 ac
4072 3139 4197 3203 mi-

2254 3244 2403 3289 rum
2447 3224 2521 3290 in
2555 3225 2818 3291 modum
2875 3224 3133 3291 afficior.
3217 3222 3353 3291 Sed
3410 3245 3542 3291 000
3597 3231 3698 3290 001
3751 3245 3867 3290 001
3924 3224 4050 3290 1010
4095 3245 4200 3291 re-

2254 3309 2579 3377 censendo
2660 3310 2808 3392 tibi,
2889 3310 3127 3395 alioqui
3206 3310 3358 3394 plus
3429 3310 3592 3376 satis
3660 3310 3932 3388 afflicte,
4017 3330 4198 3376 meas

2253 3396 2902 3565 Qiqessssemmssffiffi
2937 3394 3692 3568 ss'effln'fflffimdffi
3745 3394 4200 3548 imma?

2217 3568 2427 3633 .votis
2471 3568 2964 3653 interpellemus
3018 3577 3093 3636 ut
3146 3569 3483 3635 meliorem
3546 3588 3741 3651 seque
3804 3568 4014 3651 magis
4059 3565 4198 3651 dig-

2254 3674 2408 3720 nam
2466 3653 2881 3722 ecclesiarum
2939 3655 3169 3722 faciem
3237 3650 3586 3739 aliquando
3651 3651 4015 3732 videamus,
4082 3659 4197 3717 aut

2254 3760 2448 3823 quam
2491 3740 2777 3823 primum
2824 3763 2906 3806 ex
2948 3739 3530 3808 immedicabilibus
3572 3738 3717 3804 istis
3751 3737 3942 3803 malis
3986 3737 4199 3821 erepti

2254 3828 2326 3891 10
2367 3825 2786 3910 tranquillam
2823 3846 2899 3892 ac
2933 3846 3091 3893 vere
3133 3826 3390 3893 beatam
3430 3824 3717 3890 filiorum
3739 3822 3870 3888 Dei
3902 3825 4197 3907 requiem

2254 3912 2743 3980 transferamur.

2423 3998 2530 4065 De
2574 3997 2718 4065 aliis
2762 3997 3162 4065 Germaniae
3206 4005 3467 4062 nostrae
3501 3995 4048 4079 desperatissimis
4091 4016 4195 4061 re-

2256 4082 2380 4151 bus
2443 4105 2575 4150 non
2630 4083 2839 4150 habeo
2916 4083 3086 4168 quod
3153 4082 3432 4149 scribam
3488 4081 3618 4147 nisi
3679 4080 3851 4165 quod
3916 4089 4192 4148 cunctus

2255 4190 2448 4255 saepe
2492 4177 2722 4254 stupeo
2783 4168 2866 4235 ad
2922 4168 3280 4236 aestuarias
3339 4167 3537 4236 hasce
3591 4166 3768 4233 vices
3821 4176 3889 4232 et
3944 4167 4190 4233 subitas

2251 4253 2711 4339 mirandasque
2755 4276 2974 4321 rerum
3016 4254 3441 4333 mutationeS,
3490 4250 3789 4337 quodque
3847 4252 4018 4319 hanc
4075 4272 4193 4317 00-

2250 4343 2530 4421 tionem,
2590 4347 2852 4426 praeter
2903 4348 3191 4407 caeteras
3248 4340 3370 4405 hoc
3426 4340 3720 4417 nomine,
3776 4336 3947 4422 quod
4006 4336 4196 4404 datae

2250 4426 2454 4493 semel
2497 4425 2650 4493 fidei
2693 4434 3009 4511 perpetuo
3052 4445 3327 4492 servans
3371 4435 3572 4503 esset,
3632 4425 3765 4490 iam
3824 4423 3981 4490 olim
4027 4425 4195 4491 cele-

2250 4511 2500 4579 bratam
2518 4563 2534 4592 ,
2590 4512 2687 4578 ita
2728 4533 2904 4579 nunc
2949 4510 3297 4597 depuduit,
3357 4519 3431 4577 ut
3474 4512 3671 4576 etiam
3714 4531 3832 4593 pro
3874 4510 4031 4576 ludo
4072 4508 4192 4574 ha-

2247 4599 2404 4665 bere
2444 4595 2752 4664 videatur
2788 4597 3154 4664 inauditam
3209 4617 3395 4664 suam
3451 4595 3793 4681 perfidiam
3808 4647 3826 4678 ,
3884 4594 4192 4681 periuria,

2248 4683 2647 4768 proditiones
2662 4736 2679 4763 ,
2724 4681 3013 4764 fraudes,
3070 4682 3325 4768 aliaque
3368 4679 3436 4746 id
3479 4702 3690 4783 genus
3729 4680 4003 4767 indigna
4045 4700 4193 4764 ger-

2247 4792 2447 4836 mana
2488 4770 2918 4855 ingenuitate,
2963 4769 3199 4854 quibus
3240 4768 3416 4834 ultro
3461 4766 3585 4835 sibi
3627 4767 3756 4853 ipsi
3801 4788 4031 4833 manus
4075 4786 4187 4862 00-

2247 4855 2448 4923 sarias
2491 4855 2703 4922 adfert
2757 4878 2833 4923 ac
2878 4857 3055 4922 intra
3097 4877 3216 4922 sua
3273 4855 3525 4922 viscera
3566 4853 4012 4922 crudelissime
4056 4849 4188 4915 dis-

2248 4943 2568 5027 cerpitur,
2614 4953 2691 5007 ut
2732 4942 2902 5007 nihil
2945 4962 3104 5008 sane
3148 4939 3325 5008 aliud
3371 4941 3619 5007 centies
3665 4940 3943 5005 miserae
3986 4956 4187 5034 quam

2245 5027 2646 5095 horrendum
2691 5038 3188 5111 extremumque
3242 5028 3512 5092 exitium
3570 5025 3914 5090 imminere
3956 5028 4192 5087 merito

2248 5114 2565 5181 videatur.
2656 5112 2763 5179 Ad
2816 5135 2923 5181 me
2978 5122 3201 5181 tamen
3258 5134 3460 5197 quum
3515 5109 3709 5176 redeo
3763 5117 3832 5174 et
3885 5128 4190 5192 praesen-

2454 5389 2514 5455 6)
2553 5387 2887 5446 Noviodemo
2922 5389 3181 5447 incendio
3215 5388 3402 5446 deleto·
