4900 6167
718 401 850 465 291

718 587 852 654 tari
894 585 978 651 ad
1019 603 1137 652 nos
1179 583 1556 650 adventum.
1641 578 1908 648 Interea
1946 600 2121 660 vero,
2166 577 2325 646 dum
2367 598 2491 665 ego
2534 577 2665 645 dis·

722 671 965 740 suadeo
986 677 1054 736 et
1072 678 1261 736 tuum
1296 676 1600 753 exspecto
1635 666 2003 746 consilium,
2042 685 2189 733 ecce
2223 666 2362 749 ipse
2396 664 2600 732 adest.
2617 667 2666 744 ¹)

724 756 927 823 Venit
959 755 1136 822 enim
1169 754 1302 820 huc
1350 757 1446 820 17.
1480 752 1848 819 Februarii.
1920 751 2138 819 Causa
2169 759 2435 837 propter
2468 771 2667 835 quam

718 840 1078 909 maturavit
1116 839 1301 906 illam
1334 859 1523 906 suam
1566 837 1650 904 ad
1692 859 1815 906 nos
1848 838 2316 923 profectionem
2357 837 2485 905 fuit
2516 856 2666 920 cap-

716 928 945 996 tivitas
1001 926 1290 993 ministri
1359 922 1704 993 cuiusdam
1894 925 1909 939 ⁰
1973 921 2410 1001 Genevensis,
2428 923 2485 1002 ²)
2554 921 2666 1005 qui

720 1015 904 1081 iussu
958 1022 1223 1080 senatus
1273 1010 1488 1084 nostri
1542 1031 1583 1076 a
1653 945 1977 1093 praeaglto
2032 1008 2311 1092 quodam
2375 1015 2666 1074 nostrate

719 1107 949 1184 captus
991 1108 1056 1165 et
1088 1098 1162 1164 in
1201 1096 1465 1165 vincula
1496 1094 1826 1162 coniectus
1861 1102 1982 1174 est,
2025 1094 2178 1179 quia
2210 1093 2495 1160 relatum
2526 1101 2668 1160 erat

718 1183 907 1251 illum
961 1202 1081 1268 pro
1186 1181 1400 1248 ublica
1435 1182 1743 1249 concione
1788 1179 2063 1259 dixisse,
2129 1200 2356 1246 omnes
2397 1200 2510 1247 eos
2550 1179 2666 1264 qui

718 1270 790 1335 in
826 1267 930 1335 die
963 1268 1169 1335 natali
1202 1275 1540 1335 sumerent
1562 1275 2050 1334 sacramentum
2069 1266 2358 1349 corporis
2377 1264 2665 1344 Domini,

720 1375 829 1421 eos
883 1375 1017 1420 non
1073 1353 1413 1420 Christum
1468 1350 1586 1419 sed
1649 1352 1861 1437 ipsum
1923 1349 2242 1418 Satanam
2305 1348 2663 1417 comedere.

716 1437 933 1507 Valde
976 1439 1131 1505 hinc
1168 1446 1328 1504 sunt
1367 1438 1600 1505 offensi
1638 1439 1865 1505 nostri.
1939 1435 2133 1503 Venit
2173 1456 2329 1520 ergo
2367 1433 2667 1502 Calvinus

718 1536 792 1592 ut
832 1525 856 1590 i
934 1546 1050 1591 um
1091 1532 1451 1591 excusaret.
1515 1523 1609 1588 Et
1649 1523 1931 1606 quidem,
1975 1522 2033 1588 si
2077 1523 2170 1589 sic
2213 1542 2284 1587 se
2326 1541 2433 1588 res
2467 1519 2666 1587 habet

718 1621 794 1678 ut
838 1546 1140 1678 glemu-e
1182 1608 1483 1694 exponit,
1525 1608 1721 1694 longe
1759 1609 1989 1674 mitius
2033 1607 2145 1673 ille
2187 1606 2500 1692 loquutus
2543 1615 2662 1686 est,

719 1706 786 1763 et
827 1698 903 1763 fit
943 1695 1042 1761 illi
1084 1695 1329 1761 iniuria
1370 1713 1502 1759 nou
1545 1693 1802 1779 exigna.
1890 1694 1996 1759 De
2036 1693 2153 1759 illo
2195 1700 2417 1758 tamen
2462 1714 2546 1759 ne

721 1784 812 1849 tio
874 1780 1088 1849 nostri
1160 1801 1313 1848 cum
1369 1778 1869 1846 Genevensibus
1939 1798 2135 1864 agere
2199 1777 2456 1844 nolunt.
2628 1800 2664 1844 0

718 1875 976 1936 caetero
1017 1866 1205 1952 petiit
1244 1865 1433 1932 nobis
1476 1864 1753 1948 colloqui
1770 1914 1785 1944 ‚
1824 1863 1894 1930 id
1934 1862 2105 1948 quod
2145 1862 2245 1929 illi
2283 1883 2661 1931 concessum
2766 1907 2788 1928 t

719 1965 836 2021 est.
905 1951 1256 2037 Proposuit
1296 1951 1502 2030 varia,
1544 1950 1849 2035 inprimis
1891 1970 2049 2016 vero
2093 1949 2422 2016 recensuit
2455 1955 2662 2015 totam

712 2039 1052 2106 historiam
1087 2038 1331 2104 Hieron
1432 2038 1476 2115 i,
1518 2035 1871 2102 ostendens
1905 2035 2059 2119 quid
2095 2043 2163 2101 et
2196 2034 2479 2118 qualiter
2511 2056 2661 2101 cum

715 2147 792 2192 eo
835 2125 922 2191 sit
958 2132 1173 2192 actum
1189 2176 1207 2204 ,
1352 2142 1626 2188 monens
1686 2141 1807 2188 nos
1848 2128 1923 2186 ut
1964 2141 2314 2187 caveamus
2358 2119 2440 2186 ab
2483 2120 2661 2186 illius

713 2210 962 2278 artibus
1003 2219 1069 2277 et
1111 2211 1179 2275 in
1222 2217 1518 2292 tempore
1561 2206 1804 2273 nostris
1847 2206 2319 2291 prospiciamus
2351 2204 2659 2272 ecclesiis.

710 2296 885 2365 Miro
926 2296 999 2361 in
1041 2296 1220 2362 hunc
1265 2293 1596 2360 hominem
1651 2291 2077 2359 exacerbatus
2119 2300 2250 2372 est,
2309 2291 2506 2358 sicuti
2560 2291 2659 2356 vi-

712 2382 894 2449 debis
950 2402 1033 2447 ex
1076 2380 1241 2447 libro
1302 2398 1497 2463 quem
1555 2377 1637 2442 de
1695 2376 2283 2460 praedestinatione
2339 2379 2472 2443 iam
2525 2375 2662 2443 edit

712 2466 1057 2544 Genevae,
1114 2465 1302 2530 cuius
1390 2462 1740 2545 rincipium
1783 2461 1867 2528 ad
1913 2481 2034 2529 nos
2075 2462 2315 2529 attulit.
2337 2461 2394 2548 ⁸)
2481 2462 2658 2530 Gon·

712 2561 979 2637 questus
1037 2557 1139 2617 est
1180 2549 1334 2615 dein
1379 2569 1418 2614 e
1473 2547 1645 2632 quod
1700 2569 1741 2614 a
1792 2548 2021 2615 multis
2064 2546 2333 2615 ditionis
2389 2555 2659 2617 nostrae

709 2636 1031 2705 ministris
1044 2636 1102 2722 ⁴)
1146 2633 1400 2719 publice
1442 2633 1856 2700 traducatur:
1901 2633 2095 2716 petiit
2136 2642 2244 2715 ut,
2288 2636 2345 2700 01
2388 2654 2657 2702 000001-

710 2722 820 2788 (110
861 2721 1050 2788 nobis
1087 2729 1259 2787 esset
1299 2740 1513 2798 curae,
1554 2716 2052 2786 dehortaremur
2094 2720 2261 2786 tales
2304 2720 2385 2787 ab
2427 2720 2656 2806 huius·

710 2807 887 2873 modi
931 2805 1304 2874 calumniis:
1362 2804 1555 2889 petiit
1593 2811 1670 2870 ut
1723 2825 1950 2872 omnes
1990 2804 2360 2871 simultates
2402 2817 2470 2870 et
2511 2827 2656 2872 sus-

709 2893 998 2977 piciones
1040 2892 1214 2958 inter
1250 2911 1373 2958 nos
1407 2897 1694 2957 cessent:
1753 2912 1823 2957 se
1878 2889 2155 2957 candide
2246 2891 2261 2906 ⁶
2296 2892 2310 2906 “
2398 2913 2472 2956 10
2514 2911 2654 2970 000,

705 2997 1065 3063 rogareque
1108 2984 1184 3043 ut
1225 2976 1528 3042 similiter
1569 2997 1729 3061 erga
1769 2977 1988 3060 ipsum
2030 2977 2238 3044 simus
2268 2995 2308 3041 a
2359 2977 2487 3042 ecti
2531 2984 2652 3043 etc.

707 3063 895 3130 Haec
967 3062 1106 3130 fere
1178 3062 1364 3129 fuere
1439 3083 1699 3129 summa
1759 3081 1991 3128 eorum
2053 3083 2223 3147 quae
2298 3063 2653 3146 proposuit.

708 3148 977 3217 Placide
1017 3156 1119 3215 est
1158 3147 1439 3228 auditus,
1483 3156 1552 3214 et
1586 3145 1837 3233 placide
1875 3169 2130 3234 quoque
2172 3147 2269 3213 illi
2305 3146 2390 3213 ad
2432 3147 2655 3213 omnia

706 3255 1123 3319 responsum,
1192 3255 1309 3317 per
1368 3254 1486 3299 nos
1547 3253 1683 3299 non
1746 3240 1925 3299 stare
2034 3232 2343 3300 uominus
2399 3232 2654 3298 sincere

706 3319 1052 3388 concordia
1102 3319 1370 3386 colatur.
1455 3319 1705 3403 Pergat
1760 3316 1952 3384 modo
2027 3320 2123 3382 uti
2175 3317 2228 3403 ⁸)
2283 3319 2500 3401 coepit
2514 3368 2530 3394 ,
2586 3326 2653 3384 et

708 3428 825 3473 nos
868 3426 1121 3490 quoque
1173 3405 1630 3487 complexuros
1687 3402 1875 3468 illum
1917 3412 2040 3470 etc.
2186 3404 2450 3468 rivatim
2499 3400 2651 3491 [me-

703 3490 868 3580 cum]
906 3489 1297 3569 conferebat,
1332 3509 1551 3555 annon
1586 3497 1761 3555 esset
1793 3487 2096 3572 possibile
2130 3497 2206 3554 ut
2240 3486 2321 3556 de
2356 3489 2652 3555 doctrina

704 3579 881 3646 illius
943 3574 1118 3660 apud
1181 3583 1483 3641 senatum
1548 3595 1668 3640 nos
1726 3581 2136 3640 testaremur.
2238 3575 2383 3659 Ego
2440 3596 2651 3659 neque

704 3683 946 3749 negare
993 3662 1187 3743 volui,
1231 3681 1440 3743 neque
1483 3660 1811 3725 affirmare
1845 3657 2196 3743 quidquam
2276 3681 2351 3726 ro
2385 3661 2652 3745 reliquis

704 3749 1035 3816 fratribus.
1144 3745 1427 3814 Ostendi
1489 3757 1713 3811 tamen
1783 3746 1843 3810 ei
1903 3745 2152 3830 aliquot
2257 3747 2649 3826 ifficultates,

706 3855 875 3917 quae
916 3842 1183 3918 possent
1239 3833 1404 3898 forte
1461 3830 1641 3897 hunc
1706 3829 1883 3897 illius
1950 3842 2257 3898 conatum
2312 3832 2649 3917 impedire.

704 3918 941 4002 Itaque
980 3920 1053 3984 in
1096 3918 1415 4002 colloquio
1469 3916 1720 3982 nullam
1775 3916 1973 3983 huius
2032 3919 2129 3984 rei
2180 3917 2335 3984 fecit
2373 3919 2651 3984 mentio·

706 4025 877 4071 nem.
963 4004 1320 4087 Postquam
1378 4023 1536 4089 ergo
1587 4000 1806 4069 triduo
1864 4002 1972 4069 hic
2027 4003 2257 4070 fuisset
2270 4055 2289 4084 ,
2354 4003 2654 4071 discessit

706 4090 880 4157 bona
943 4089 1233 4155 omnium
1297 4109 1473 4171 pace.
1494 4093 1548 4161 ⁰)
1634 4088 2034 4171 Excepimus
2091 4096 2162 4154 et
2224 4088 2653 4156 tractavimus

699 4176 890 4241 illum
923 4194 1120 4258 quam
1153 4176 1483 4258 potuimus
1517 4173 2009 4242 humanissime.
2080 4172 2276 4241 Solus
2312 4174 2577 4241 Iudaeus
2595 4175 2652 4260 ⁷)

701 4345 888 4400 1000.
913 4345 970 4411 1)
1008 4343 1107 4400 Ex
1139 4342 2631 4413 dimmwwdisdmmeumveniamprofiasoend

700 4414 818 4469 ian
849 4412 904 4469 α.
944 4414 1023 4467 11.
1074 4412 1236 4469 Febr.
1282 4412 1584 4468 obtinuisse
1650 4413 1705 4468 α.
1740 4413 1825 4469 23.
1863 4414 2128 4482 αῦῆιίοκ,
2176 4412 2233 4468 d.
2267 4413 2354 4469 26.

700 4483 911 4551 raam
942 4495 1072 4537 esse.
1143 4480 1254 4550 (Gr.
1289 4480 1515 4537 Ram
1549 4452 1610 4562 θ’.
1644 4481 1796 4547 403.)
2073 4550 2087 4563 ⁶

907 4550 1092 4615 211ο.
1155 4550 1637 4619 Gaudendum,
1708 4552 1871 4608 0111110
1926 4564 2154 4622 00090110
2208 4566 2384 4622 stupra
2446 4552 2650 4610 mentio

700 4620 1200 4814 maiae
1240 4703 1443 4814 aaz
1484 4686 1941 4828 mgb-”offam
1982 4757 2265 4814 Ianuario
2309 4689 2651 4816 masupia}

699 4826 948 4911 sendum
977 4825 1188 4894 fadum
1218 4826 1396 4893 101000
1427 4841 1497 4883 ex
1531 4826 1936 4882 maeatae-iis
1969 4826 2214 4884 Senatus
2245 4826 2506 4895 facillime
2537 4828 2646 4884 eol-

895 4935 1269 5031 '4)taoe··m·e
1298 4962 1971 5044 medaxanam-un.

852 5031 1324 5227 110.Ἥο
1390 5169 1675 5239 m...-
1614 5099 2650 5243 &memma-“⁶

698 5237 1072 5363 01025.
1114 5240 2647 5364 1525.15w“⁹⁰mmmm9⁰⁵

2209 387 2740 459 EPISTOLAB
2787 391 3207 458 1606—1607

2399 4363 2654 4472 namt
2681 4457 2686 4464 .

4563 396 4669 463 292

2766 598 2980 662 neque
3017 578 3240 662 ipsum
3282 577 3541 660 audire,
3604 599 3821 664 neque
3880 576 4198 663 colloquio
4247 588 4361 645 aut
4408 583 4673 650 convivio

2767 665 3086 733 interesse
3129 664 3340 731 voluit
3393 686 3522 750 quo
3561 665 3779 751 ipsum
3831 665 3976 730 exci
4021 665 4328 732 iebamus.
4412 663 4676 733 offendit

2767 749 2896 817 hoc
2935 751 3154 836 ipsum
3315 750 3508 833 viter,
3548 750 3663 818 sed
3707 772 4016 818 excusam
4058 750 4233 837 apud
4274 749 4459 816 illum
4497 772 4675 835 quan·

2768 844 2914 901 tum
2966 835 3150 920 potui
3196 770 3495 902 ffiminis
3549 857 3784 904 mores.
3872 837 3978 904 De
4035 835 4308 904 concilio
4364 858 4506 903 cum
4555 838 4676 922 ipso

2767 921 3080 1006 loquutus
3130 943 3307 1001 sum,
3378 931 3457 989 ut
3510 930 3576 988 et
3615 924 3687 988 in
3743 929 4087 1006 sequentes
4135 921 4331 989 hasce
4393 923 4676 990 sessiones

2766 1016 2957 1092 paret
2995 1005 3383 1074 antidotum.
3401 1010 3459 1089 ⁸)
3546 1010 3638 1074 Et
3678 1008 3861 1076 visus
3915 1016 4018 1075 est
4068 1027 4358 1074 annuere
4407 1007 4549 1075 huie
4586 1030 4677 1074 ro-

2770 1094 3032 1179 gationi.
3097 1093 3248 1160 Non
3290 1093 3524 1162 habuit
3557 1093 3722 1161 duas
3752 1093 3902 1161 illas
3936 1093 4262 1162 sessiones
4295 1093 4474 1177 prius
4508 1114 4680 1177 quam

2769 1198 2892 1263 ego
2956 1181 3073 1245 0110
3128 1190 3196 1246 te
3252 1189 3550 1264 acceptas
3617 1179 3715 1245 illi
3780 1180 4128 1246 mitterem.
4227 1180 4377 1245 Rex
4428 1179 4678 1264 Angliae

2767 1264 2950 1332 misit
2990 1264 3074 1332 ad
3117 1266 3340 1349 ipsum
3399 1265 3699 1332 libellum
3750 1286 3870 1349 pro
3917 1265 4016 1331 ria
4067 1286 4188 1332 sua
4250 1285 4450 1331 manu
4501 1266 4679 1348 scrip·

2770 1358 2911 1416 tum
2929 1354 2982 1430 ⁹)
3042 1372 3237 1434 quem
3301 1350 3494 1418 valde
3550 1371 3849 1419 commen
3933 1361 3978 1417 t.
4077 1350 4427 1418 Caeterum
4485 1370 4682 1416 rerum

2768 1455 3089 1502 novarum
3131 1435 3298 1502 nihil
3340 1438 3512 1521 apud
3557 1458 3678 1504 nos
3721 1447 3841 1505 est.
3892 1471 4681 1485 ———————

2936 1522 3122 1588 Bene
3180 1521 3348 1588 vale.
3439 1520 3752 1590 salutant
3806 1532 3873 1589 te
3934 1521 4272 1590 Masculus
4330 1531 4397 1587 et
4453 1520 4678 1610 reliqui.

2766 1608 2927 1675 Tuis
2969 1605 3273 1674 omnibus
3306 1629 3390 1674 ex
3433 1630 3538 1675 me
3571 1618 3640 1675 et
3669 1609 3836 1676 meis
3871 1607 4147 1674 multam
4180 1608 4456 1675 salutem
4488 1605 4689 1673 dicito..

3656 1746 3839 1813 'l'uus
3881 1743 4167 1812 Ioannes
4208 1743 4532 1810 Hallerus.

3555 2042 3960 2049 ———————-—--

3656 2255 3847 2326 16⁰7.

2848 2408 3314 2478 CALVINUS
3360 2409 3931 2479 CHRIS'HANO
3977 2409 4211 2477 REGI
4254 2410 4610 2477 DANIAE.

2934 2581 3233 2666 Epistola
3271 2583 3731 2667 nunaopatona·
3761 2581 3944 2664 parti
3972 2580 4185 2662 priori
4231 2580 4686 2650 Gonmmtario·

2758 2688 2905 2733 rum
2946 2669 3018 2733 in
3055 2669 3225 2734 Acta
3265 2669 3683 2750 apostolorum
3716 2666 4031 2751 praefixa.

2761 2839 2876 2905 (Ex
2914 2838 3154 2893 editione
3188 2837 3459 2909 principe:
3509 2837 3761 2892 Genevae
3810 2855 3877 2892 ex
3913 2839 4128 2896 officina
4160 2837 4237 2894 Io.
4285 2838 4410 2895 Cris
4449 2839 4522 2894 ini
4556 2836 4686 2901 1552,

3033 2907 3126 2962 fol.
3162 2923 3302 2977 quae
3336 2906 3455 2961 sola
3485 2906 3625 2960 hanc
3658 2905 4054 2963 dedicationem
4087 2910 4411 2976 continet.)¹

2758 3077 3193 3146 Serenissimo
3234 3098 3311 3145 ac
3352 3077 3806 3161 potentissimo
3847 3079 4104 3147 Daniae
4149 3081 4294 3167 regi
4329 3079 4684 3149 Christiano

2985 3162 3327 3230 Holsatiae
3368 3162 3518 3229 duci
3561 3172 3679 3231 etc.
3726 3164 4009 3232 Ioannes
4048 3164 4365 3235 Calvinus
4407 3166 4476 3234 S.

2927 3298 3123 3382 Quod
3144 3300 3301 3367 olim
3321 3298 3585 3367 Iudaeis
3634 3300 3725 3368 ad·
3760 3303 4004 3370 bellum
4047 3308 4446 3374 exeuntibus
4487 3323 4684 3372 sacrae

2755 3384 2952 3452 tubae
2994 3406 3080 3451 ex
3123 3386 3290 3471 legis
3344 3390 3623 3469 praescri
3674 3396 3741 3454 to
3796 3389 4191 3475 clangebant
4206 3443 4222 3469 ‚
4275 3389 4684 3491 praestantis-

2753 3474 2917 3539 sime
2962 3472 3127 3551 Rex,
3171 3492 3305 3537 non
3339 3472 3554 3539 solum
3587 3475 3610 3539 i
3657 3495 3734 3540 eo
3766 3473 4015 3542 factum
4049 3475 4253 3542 fuisse
4286 3488 4682 3561 interpretor,

2750 3569 2831 3624 ut
2866 3557 3049 3623 nulla
3089 3558 3369 3642 populus
3407 3558 3524 3625 ille
3580 3561 3710 3627 nisi
3754 3561 3882 3627 Dei
3939 3563 4245 3645 auspiciis
4287 3563 4462 3630 bella
4503 3562 4683 3629 susci·

2751 3664 2908 3727 pere
2950 3643 3055 3710 vel
3091 3654 3394 3729 suscepta
3427 3666 3653 3729 gerere
3691 3646 3989 3714 auderet:
4033 3646 4149 3714 sed
4182 3649 4384 3714 etiam
4423 3669 4506 3714 ne
4537 3661 4685 3715 stre-

2754 3731 2900 3816 pitu
2943 3750 3275 3795 armorum
3317 3732 3635 3811 attonitis,
3678 3741 3759 3797 ut
3791 3734 3933 3798 fieri
3975 3732 4156 3813 solet,
4213 3733 4546 3801 mentibus
4585 3733 4683 3797 ob·

2755 3825 3033 3901 reperet,
3081 3837 3248 3899 quae
3284 3825 3442 3884 tunc
3475 3817 3768 3884 maxime
3803 3819 4085 3885 exitialis
4119 3828 4237 3897 est,
4276 3818 4412 3886 Dei
4444 3819 4683 3886 oblivio.

2755 3902 2928 3969 Nam
2967 3902 3042 3967 in
3084 3902 3209 3969 hac
3250 3903 3502 3988 ingenii
3544 3903 3752 3968 nostri
3795 3913 3931 3969 tam
3972 3905 4154 3970 fluxa
4194 3907 4495 3973 vanitate
4536 3904 4684 3971 nihil

2755 3987 3112 4072 proclivius
3183 3997 3286 4053 est
3342 4009 3541 4072 quam
3594 3986 3825 4054 mundi
3882 3991 4056 4057 curis
4113 3992 4424 4076 occupari
4475 4008 4685 4058 omnes

2756 4095 3013 4154 sensus,
3085 4093 3251 4157 quae
3313 4094 3584 4158 prorsus
3648 4094 3689 4139 a
3750 4074 3895 4140 Deo
3956 4096 4077 4143 nos
4111 4097 4125 4112 ·
4147 4077 4463 4154 alienant.
4558 4074 4685 4144 Sub

2753 4160 2982 4227 mundi
3035 4159 3212 4227 curis
3268 4159 3484 4226 multa
3536 4159 4029 4243 comprehendo.
4119 4163 4303 4229 Alios
4367 4164 4685 4230 exanimat

2751 4245 3191 4331 periculorum
3223 4253 3460 4325 metus,
3496 4244 3657 4311 alios
3689 4266 3905 4311 vanae
3938 4269 4088 4333 spes
4121 4269 4343 4315 rerum
4379 4266 4686 4316 novarum

2752 4332 3136 4400 sollicitant:
3206 4331 3319 4397 alii
3374 4329 3773 4398 truculentia
3814 4332 4176 4400 efferantur
4207 4339 4272 4401 ἐ
4333 4335 4451 4401 0111
4505 4356 4573 4402 00
4621 4334 4684 4397 10

2753 4420 3109 4485 effraenem
3131 4417 3467 4485 licentiam
3491 4416 3870 4502 proiiciunt:
3910 4420 4069 4487 alios
4093 4419 4464 4505 desperatio
4497 4437 4686 4505 prope

2958 4690 3019 4757 8)
3056 4689 3145 4757 01.
3183 4690 3261 4744 Ν.
3297 4688 3452 4759 1598,
3485 4694 3599 4745 not.
3641 4691 3689 4744 1.

2752 4827 2934 4885 ieo'z.
2956 4759 3020 4891 i),
3043 4756 3684 4900 ffibffiffhffisssspe.
3711 4828 4144 4912 Ericen-impegi
4176 4832 4213 4886 α
4278 4833 4291 4846 ·

2752 4900 2912 4981 Febr.
2949 4895 3104 4981 1659.
3118 4966 3132 4980 ⁸
3172 4897 3373 4952 Postea
3405 4905 3614 4953 mutato
3649 4897 3889 4980 00001110,
3927 4914 4055 4981 qma
4090 4899 4383 4956 adversarii
4417 4899 4685 4954 iactabant

2752 4967 2851 5022 1100
2883 4972 3269 5049 inscriptiones
3303 4968 3655 5051 vehementer
3702 4968 3919 5037 reg1bus
3966 4966 4053 5021 his
4089 4968 4443 5038 displicuisse,
4478 4967 4685 5047 eowcm

2751 5042 3168 5120 commentarios
3200 5041 3509 5119 recognitos
3526 5041 3587 5090 et
3618 5052 3815 5117 magna
3830 5051 4138 5118 0000001000
4162 5038 4513 5109 locupletatos
4547 5052 4684 5116 prin·

2750 5104 3346 5244 ffipfflssmfflt.
3350 5104 3665 5229 1¹2&
3640 5119 3742 5225 ‚¹3⁰
3782 5103 4040 5228 vilffl.
4072 5103 4687 5252 &afflati

2749 5242 3253 5379 ἓοιιῗιοοῃξῒᾶῖιιωι·
3284 5242 3600 5367 (10οὖ0οι11177
3691 5257 3738 5295 n
3777 5257 3840 5295 us
3857 5240 4068 5297 Oalvini
4099 5243 4327 5300 iunctim
4358 5243 4523 5300 editi·
4553 5241 4688 5297 den·

4462 4828 4684 4898 ,0οι11
