4900 6167
264 451 378 514 405
1867 445 2028 509 1552
2074 440 2489 510 NOVEMB.

1128 630 1311 701 1⁶71.

637 785 1305 854 SAMPAULINUS
1351 784 1813 853 MUSOULO.

427 960 807 1026 Sententiam
850 978 1034 1025 suam
1089 959 1164 1024 de
1210 957 1776 1040 praedestinatione
1829 959 2084 1041 exponit
2141 963 2198 1024 et

262 1049 390 1115 eius
431 1047 663 1112 iudicio
705 1045 1021 1110 submittit.

264 1220 364 1282 (Ex
411 1218 750 1287 autographo
789 1217 928 1271 Bibl.
976 1217 1127 1270 civic.
1168 1218 1461 1271 Beruensis
1499 1214 1647 1269 MSS.
1696 1215 1827 1269 hist.
1878 1216 2064 1268 eccles.
2099 1214 2198 1268 111.

705 1285 790 1352 34,
827 1287 916 1338 fol.
952 1285 1070 1339 212.
1111 1313 1173 1323 -
1212 1286 1424 1339 Simler.
1463 1284 1587 1338 Vol.
1626 1281 1738 1349 78.)

422 1473 866 1540 ornatissimo
926 1496 999 1539 ac
1047 1473 1420 1539 doctissimo
1479 1474 1621 1538 viro
1665 1474 1750 1537 D.
1799 1471 2200 1557 Wolfgango

262 1563 557 1628 Musonio
600 1583 648 1627 s.
699 1561 1032 1625 literarum
1080 1559 1426 1643 professori
1472 1571 1538 1623 et
1579 1559 1768 1624 fratri
1813 1558 2149 1624 carissimo

1751 1662 2030 1726 Bernae.

424 1804 497 1867 S.
568 1803 712 1869 Iam
751 1802 994 1869 dudum
1039 1804 1118 1868 de
1155 1800 1535 1885 quaestione
1579 1801 1750 1863 inter
1787 1819 1907 1864 nos
1947 1809 2204 1864 contro·

262 1910 463 1968 versa,
489 1895 538 1964 ¹)
581 1890 788 1955 frater
832 1890 898 1954 in
946 1889 1215 1954 Christo
1260 1887 1625 1959 carissime,
1670 1885 1751 1950 ad
1800 1897 1864 1948 te
1909 1884 2204 1966 scripsis-

263 1997 411 2046 sem.
461 1977 590 2040 nisi
635 1976 978 2040 turbarum
1023 1974 1458 2056 suspicionem
1503 1974 1711 2035 vitare
1755 1970 1921 2035 mihi
1966 1971 2205 2035 eonsti-

263 2071 478 2125 tutum
525 2063 770 2127 fnisset.
863 2061 1054 2127 Nunc
1101 2079 1319 2124 autem
1373 2057 1632 2141 quando
1691 2077 1797 2121 res
1851 2059 2063 2122 omnis
2123 2056 2205 2120 ad

261 2170 372 2212 vos
416 2147 638 2213 delata
681 2163 810 2220 est,
834 2151 892 2214 ²)
952 2163 1019 2211 et
1062 2147 1192 2210 tria
1235 2145 1350 2209 illa
1392 2144 1822 2226 pronunciata
1843 2146 1896 2219 ³)
1942 2144 2023 2207 ab
2069 2163 2207 2205 om-

261 2237 447 2299 nibus
496 2236 632 2299 fere
676 2235 1019 2306 fratribus,
1066 2255 1171 2298 me
1215 2251 1344 2295 uno
1385 2231 1764 2312 excepto‚⁴)
1824 2229 2210 2312 consignata

265 2342 395 2384 esse
459 2320 863 2402 intelligitis,
917 2341 1050 2383 non
1107 2337 1376 2401 possum
1435 2317 1596 2398 quin
1641 2314 1722 2377 ad
1770 2329 1833 2378 te
1891 2313 2204 2398 privatim

265 2405 541 2471 scribam
587 2423 650 2470 et
697 2407 1041 2471 eonsilium
1087 2424 1304 2469 meum
1349 2402 1469 2465 tibi
1511 2400 1774 2484 planius
1821 2420 2161 2482 exponam.

429 2493 758 2556 Memoria
814 2489 1244 2556 contentionis
1281 2499 1419 2552 tota
1456 2508 1659 2570 prope
1696 2486 1906 2551 deleta
1949 2484 2210 2550 videba-

267 2593 396 2657 tur,
459 2579 577 2643 sed
621 2598 768 2643 ecce
813 2577 1046 2643 accidit
1102 2587 1178 2639 ut
1222 2576 1436 2639 neseio
1475 2592 1603 2656 qua
1647 2574 1980 2638 occasione
2020 2593 2207 2636 reno·

269 2677 547 2742 varetur,
590 2677 654 2729 et
680 2675 934 2728 veteres
958 2662 1370 2746 quaestiones
1395 2659 2017 2743 redintegrarentur,
2061 2677 2207 2740 per-

264 2749 407 2814 inde
452 2771 530 2816 ae
577 2750 633 2815 si
688 2749 938 2814 nullam
1001 2769 1288 2831 unquam
1336 2747 1563 2822 rebuS‚
1619 2765 1779 2828 quas
1841 2766 1880 2808 a
1923 2764 2028 2808 me
2069 2764 2208 2808 am-

264 2833 452 2920 bigue
500 2857 848 2919 responsas
883 2833 1191 2906 dicerent,
1236 2834 1449 2898 lucem
1486 2831 1872 2895 intulissem.
1939 2830 2210 2894 Etenim

263 2935 522 3008 praeter
581 2942 843 2987 causam
900 2920 1409 3004 reprobationis,
1478 2917 1770 3001 quaestio
1829 2915 2053 2981 habita
2110 2924 2210 2980 est

265 3006 341 3073 de
391 3007 938 3091 promissionibus
999 3006 1350 3091 evangelii,
1423 3023 1583 3088 quas
1641 3024 1841 3086 quum
1898 3000 2207 3066 dixissem

265 3094 673 3160 universales
719 3091 978 3176 quidem
1020 3114 1162 3157 esse
1208 3090 1319 3156 sed
1367 3101 1587 3155 tamen
1624 3090 1914 3153 efficaces
1949 3095 2207 3152 tantum

264 3180 327 3245 in
369 3180 705 3257 fidelibus,
766 3179 1216 3244 existimabam
1264 3198 1422 3243 sane
1466 3197 1572 3240 me
1615 3175 1854 3240 nodum
1917 3173 2206 3253 solvisse,

264 3286 460 3349 quum
508 3265 668 3331 alias
708 3266 869 3331 satis
913 3263 1152 3329 diserte
1197 3264 1587 3340 docuissem,
1643 3259 1840 3326 fidem
1899 3280 1980 3324 ex
2041 3259 2209 3326 elec-

264 3353 435 3418 tione
484 3352 772 3436 pendere
817 3361 880 3415 et
927 3350 1507 3433 locupletissimum
1554 3350 1695 3412 eius
1739 3367 1882 3411 esse
1917 3345 2209 3410 testimo-

265 3439 464 3503 nium.
537 3436 673 3504 Sed
711 3451 784 3502 ut
827 3439 1049 3503 omnia
1090 3439 1158 3501 in
1197 3449 1382 3501 aestu
1425 3434 1912 3498 contentionum
1948 3453 2210 3516 suspec-

264 3533 330 3587 ta
369 3545 517 3591 esse
561 3537 628 3588 et
673 3525 739 3588 in
785 3523 1171 3589 deteriorem
1217 3533 1470 3605 partem
1505 3521 1704 3604 accipi
1745 3519 1973 3597 solent,
2020 3538 2098 3583 ea
2142 3518 2209 3581 in

265 3631 332 3675 re
374 3611 768 3676 satisfecisse
825 3631 957 3675 non
1019 3630 1165 3673 sum
1208 3606 1561 3672 iudicatus:
1619 3604 1812 3687 idque
1866 3625 1944 3669 eo
2004 3605 2211 3688 magis

265 3694 430 3777 quod
481 3697 608 3761 tria
653 3696 1081 3780 pronunciata
1116 3694 1460 3777 obsignare
1496 3692 1981 3768 detrectassem,
2028 3690 2213 3755 cuius

266 3791 486 3848 tamen
545 3783 700 3848 facti
760 3783 888 3847 mei
959 3782 1279 3845 rationem
1336 3789 1403 3844 et
1471 3780 1712 3843 iustam
1772 3797 2034 3842 causam
2091 3775 2210 3840 tibi

264 3869 601 3951 probatam
646 3889 1059 3951 summopere
1104 3867 1309 3948 cupi0.
1401 3863 1623 3946 Quum
1681 3863 1855 3928 enim
1901 3861 2210 3928 duritiem

268 3953 561 4020 adhibita
622 3953 1166 4037 interpretatione
1231 3949 1486 4015 mollire
1550 3970 1852 4026 conarer,
1933 3963 2001 4012 et
2066 3967 2212 4011 eam

265 4040 533 4105 minime
579 4041 778 4124 recipi
823 4036 1444 4114 animadverterem,
1493 4037 1975 4120 cogitaremque
2018 4033 2212 4097 istam

262 4126 541 4192 subitam
588 4125 1021 4210 consignandi
1065 4125 1380 4188 rationem
1423 4143 1554 4187 non
1597 4123 1738 4187 sine
1772 4119 2059 4184 maximo
2097 4139 2212 4201 pe·

263 4211 464 4279 riculo
511 4214 584 4276 in
619 4212 892 4278 eeclesia
926 4210 1184 4276 institui
1222 4230 1427 4293 posse,
1469 4228 1551 4272 ne
1594 4205 1747 4290 quid
1794 4217 2021 4271 contra
2059 4224 2212 4269 con-

265 4299 606 4364 scientiam
653 4297 1092 4376 admitterem,
1137 4295 1396 4380 signum
1443 4302 1511 4358 et
1553 4313 1824 4357 manum
1859 4311 2072 4356 meam
2116 4311 2211 4354 re·

267 4386 515 4460 cusavi,
577 4385 931 4450 arbitratus
977 4379 1420 4464 expetendum
1465 4401 1606 4445 esse
1650 4391 1715 4443 et
1758 4375 2077 4461 optabile,
2138 4385 2214 4441 ut

265 4464 444 4534 Deus
491 4491 611 4553 pro
656 4490 772 4535 sua
831 4471 1119 4536 bonitate
1178 4488 1321 4532 eam
1367 4477 1655 4530 mentem
1715 4461 2028 4530 concedat
2084 4483 2213 4546 qua

517 4649 670 4657 ——-—.—-

264 4760 429 4820 1071.
469 4764 528 4831 1)
569 4765 926 4819 franciscum
969 4760 1303 4815 &tint-Paul
1345 4759 1658 4814 ministrum
1705 4756 2074 4833 Viviacensqm
2109 4752 2211 4806 ali·

266 4839 529 4901 quatenus
573 4834 799 4887 Bolseco
842 4833 1050 4896 favisse
1103 4837 1154 4884 et
1204 4829 1522 4883 Calvinistis
1578 4831 1880 4895 suspectum
1925 4823 2098 4879 suasae
2143 4836 2209 4874 ex

364 4943 377 4956 .
411 4918 483 4958 n.
525 4902 694 4956 Iunio
732 4901 862 4956 1551
910 4907 958 4955 et
997 4900 1120 4954 lan.
1163 4896 1293 4951 1552
1340 4899 1563 4965 scriptis
1607 4899 1832 4951 constat.
1918 4890 1998 4957 Cf.
2049 4890 2208 4944 Hun-

353 4972 529 5041 haym
563 4970 682 5024 276.
766 4970 1009 5024 stechel
1044 4970 1086 5023 Ι.
1134 4967 1245 5021 194.

465 5039 528 5104 2)
570 5040 654 5106 Cf.
692 5038 769 5095 N.
810 5037 961 5093 1677.

462 5109 522 5230 ἓ)
565 5107 786 5234 &2¹21
802 5108 1032 5230 {¹7⁰¹}st
1054 5101 1486 5239 ³·13;.}⁴·f..33⁶0·
1516 5170 1758 5239 „rt-⁶21
1836 5166 1982 5238 ...α

271 5185 661 5315 &paulinus
695 5248 744 5301 h.
780 5247 813 5299 I.
852 5216 947 5299 viix
982 5192 1197 5300 canentia
1226 5240 1609 5311 praeteriisset.
1694 5209 1894 5292 Pdetea
1938 5250 2072 5289 sane
2105 5233 2202 5288 Ze·

267 5310 509 5382 udam,
551 5316 806 5386 Anystus,
843 5315 944 5370 alii
989 5315 1051 5368 in
1095 5329 1318 5368 arenam
1366 5306 1768 5366 damaetam.
1857 5305 2017 5372 Hess,
2055 5303 2201 5357 Bau.

267 5387 378 5444 237.
454 5389 769 5460 &kmi-rer,
808 5386 1079 5443 Contrahi.
1115 5386 1158 5441 Ι.
1189 5383 1309 5439 250.

2025 5171 2203 5219 tomen

4128 451 4262 516 406

2298 631 2666 698 confirmati
2725 630 3047 716 evangelii
3114 630 3481 699 doctrinam
3497 682 3518 714 ,
3586 651 3785 718 quam
3842 635 4257 720 profitemur,

2297 718 2562 801 proprio
2605 716 2929 802 sanguine
2945 766 2962 795 ,
3015 718 3071 782 si
3113 718 3373 801 quando
3417 740 3492 785 eo
3539 740 3881 802 vocemur,
3937 729 4262 792 testemur

2298 810 2366 867 et
2407 802 2886 886 consignemus.

2471 887 2806 970 Quoniam
2851 907 3005 953 vero
3047 889 3511 973 gravissimum
3566 900 3756 954 tuum
3798 889 4113 964 iudicium
4156 893 4258 958 fa-

2298 975 2417 1053 cio,
2462 982 2538 1039 ut
2581 972 2798 1052 debeo,
2843 972 3129 1057 plurimi,
3177 976 3572 1041 sententiam
3616 996 3830 1041 meam
3865 976 3946 1043 de
3982 997 4055 1042 re
4098 999 4259 1044 con-

2299 1069 2616 1137 troversa,
2661 1080 2855 1142 quam
2878 1060 3103 1143 paucis
3124 1082 3272 1126 sum
3292 1061 3690 1144 complexus,
3737 1061 3820 1128 ad
3864 1071 3934 1127 te
3975 1064 4256 1142 mitto,⁸)

2301 1155 2378 1212 ut
2419 1146 2562 1228 ipse
2606 1166 2755 1211 cum
2795 1143 2879 1209 D.
2928 1144 3224 1226 Hauero,
3277 1147 3694 1213 ornatissimo
3749 1156 3817 1212 et
3875 1147 4254 1214 doctissimo

2302 1233 2469 1310 viro,
2531 1230 2850 1314 dispicere
2906 1230 3198 1315 digneris
3268 1254 3428 1299 num
3496 1232 3764 1297 tolerari
3817 1233 4052 1315 possit,
4121 1235 4255 1300 imo

2300 1339 2466 1383 num
2509 1318 2838 1382 contineat
2881 1313 3240 1383 doctrinam
3271 1339 3525 1384 sanam
3544 1369 3559 1396 ,
3626 1327 3693 1382 et
3747 1318 3945 1383 talem
3995 1318 4256 1401 qualem

2302 1402 2545 1487 populo
2589 1404 2660 1467 in
2704 1403 2976 1468 materia
3017 1401 3084 1466 id
3141 1424 3352 1486 genus
3409 1404 3869 1469 administrare
3922 1402 4252 1472 debemus.

2303 1490 2449 1573 Ego
2496 1487 2758 1571 quidem
2803 1488 2935 1554 scio
2979 1488 3173 1571 plura
3228 1488 3310 1555 de
3368 1511 3446 1555 ea
3499 1510 3572 1554 re
3631 1489 3757 1554 dici
3800 1510 3989 1572 posse
4032 1499 4099 1555 et
4141 1489 4255 1555 de-

2304 1576 2488 1650 bere,
2547 1574 2662 1639 sed
2720 1583 2982 1638 tantum
3040 1575 3294 1657 attingo
3353 1574 3525 1658 quod
3570 1573 3654 1638 ad
3697 1596 3840 1640 rem
3882 1575 4256 1642 institutam

2305 1661 2477 1726 facit.
2580 1659 2660 1725 Si
2715 1661 2921 1743 igitur
2975 1670 3271 1726 vestrum
3329 1659 3409 1726 de
3466 1682 3546 1725 ea
3601 1659 3916 1726 iudicium
3972 1669 4041 1726 et
4099 1661 4256 1746 quid

2307 1746 2493 1812 vobis
2558 1746 2628 1810 in
2686 1766 2764 1810 ea
2817 1744 3172 1812 desiderari
3226 1745 3528 1812 videatur
3585 1767 3704 1828 per
3766 1746 3946 1811 hunc
4001 1758 4256 1813 certum

2308 1831 2639 1897 hominem
2685 1830 2768 1895 ad
2813 1852 2919 1896 me
2963 1831 3247 1897 scribere
3290 1832 3466 1909 libet,
3511 1840 3772 1916 gratum
3817 1831 3981 1897 mihi
4024 1832 4257 1898 feceri·

2308 1920 2410 1982 tis.
2501 1917 2608 1982 Ita
2649 1917 2828 1981 enim
2874 1917 3194 1982 rationem
3253 1938 3381 2000 qua
3435 1917 3748 1983 fratribus
3767 1969 3782 1996 ,
3841 1916 4052 2001 quoad
4109 1918 4258 1984 fieri

2307 2001 2558 2081 licebit,
2618 2003 3011 2068 satisfaciam
3056 2002 3459 2069 commodius
3514 2003 3682 2068 inire
3727 2013 3797 2068 et
3839 2003 4256 2086 tranquillius

2308 2110 2385 2155 ae
2428 2087 2744 2170 placidius
2778 2087 2991 2154 officio
3030 2109 3178 2155 meo
3218 2090 3403 2173 fungi
3446 2101 3686 2172 potero.
3759 2087 3949 2166 Vale,
3995 2089 4087 2153 mi
4131 2089 4262 2154 fra-

2309 2184 2446 2255 ter,
2503 2183 2570 2240 et
2610 2175 2681 2239 in
2737 2176 2867 2239 ista
2922 2185 3037 2239 tua
3092 2183 3319 2240 sancta
3379 2176 3776 2258 professione
3833 2173 3986 2239 forti
4042 2174 4262 2241 animo

2310 2283 2453 2329 esse
2497 2283 2711 2345 perge.
2801 2259 3058 2327 Viviaci
3103 2260 3375 2327 Calend.
3423 2259 3737 2326 Novemb.
3795 2264 3977 2325 1552.

3374 2398 3558 2460 Tuus
3603 2418 3686 2462 ex
3731 2397 3952 2461 animo

3204 2499 3599 2565 Franciscus
3644 2497 4130 2582 Sampaulinus.

3201 2960 3384 3029 1672.

2774 3113 3318 3185 BALDUINUS
3365 3110 3803 3180 CALVINO.

2488 3289 2719 3356 Multis
2777 3293 2834 3354 et
2887 3289 3138 3355 blandis
3178 3285 3383 3352 verbis
3438 3305 3503 3351 se
3545 3288 3828 3362 exwat,
3889 3291 4267 3368 apparenter

2313 3378 2566 3459 quidem
2603 3377 2675 3442 ob
2715 3377 3087 3441 diuturnum
3127 3372 3474 3446 sitentium,
3531 3370 3642 3435 sed
3686 3371 3778 3435 ita
3821 3374 3890 3435 ut
3930 3371 4044 3435 vix
4085 3370 4264 3437 dubi,

2313 3463 2546 3528 taveris
2597 3463 2753 3544 quin
2806 3458 3206 3546 pravioribus
3255 3457 3790 3540 obimyationibus
3856 3456 4100 3522 obviam
4168 3457 4265 3523 ire

2312 3548 2590 3614 voluerit.
2680 3548 2767 3612 In
2808 3547 3116 3631 Anyliam
3156 3545 3544 3611 transiturus
3597 3542 3687 3606 ibi
3737 3539 3986 3609 Caluini
4038 3542 4265 3609 amicis

2313 3634 2734 3702 ammonam
2765 3634 2954 3715 cupit.

2315 3808 2578 3871 (Servata
2613 3813 2698 3860 cst
2730 3807 2799 3860 ab
2832 3803 2951 3873 ipso
2987 3802 3210 3856 Calvino
3246 3800 3303 3853 in
3315 3799 3528 3935 41{b›ello
3563 3812 3660 3850 suo
3706 3800 3899 3850 contra
3933 3795 4264 3853 Balduinum

3158 3886 3279 3939 pag.
3390 3910 3399 3921 .

2486 4046 2558 4114 S.
2604 4046 2953 4127 Utcunque
2990 4039 3255 4106 tandem
3301 4048 3369 4103 et
3404 4037 3521 4102 vix
3559 4035 3826 4101 tandem
3863 4034 4185 4103 eluctatus
4208 4040 4261 4114 ¹)

2313 4132 2788 4200 humanissime
2846 4128 3157 4203 Domine,
3222 4135 3507 4207 patrem,
3582 4131 3657 4186 ut
3721 4123 4008 4186 solebam
4063 4132 4129 4186 et
4186 4131 4262 4188 ut

2313 4220 2576 4298 vellem,
2622 4218 2736 4283 vix
2780 4215 2986 4282 audeo
3029 4212 3268 4278 dicere:
3318 4229 3688 4292 quanquam
3723 4209 4002 4290 pristina
4035 4214 4155 4272 tua
4189 4208 4260 4274 in

2314 4328 2422 4372 me
2467 4317 2742 4388 paterna
2827 4303 2990 4366 ietas
3033 4305 3101 4363 et
3142 4305 3456 4379 perpetua
3499 4315 3645 4359 mea
3678 4293 3748 4357 in
3792 4301 3859 4357 te
3902 4293 4259 4358 observan-

2314 4392 2410 4456 tia
2451 4390 2643 4456 facile
2689 4323 2851 4454 mifli
2896 4381 3312 4469 persuadeat,
3369 4380 3724 4464 pristinum
3768 4376 3941 4461 apud
3986 4388 4050 4444 te
4093 4378 4261 4446 mihi

2313 4477 2640 4560 reliquum
2685 4475 2802 4540 filii
2845 4472 3062 4537 locum
3097 4475 3213 4533 aut
3255 4487 3397 4533 esse
3440 4475 3554 4530 aut
3588 4486 3729 4531 esse
3775 4485 3978 4547 posse,
4025 4464 4259 4531 saltem

2313 4561 2423 4629 ubi
2464 4560 2872 4646 quorundam
2910 4578 3044 4621 non
3082 4553 3221 4620 dico
3244 4552 3604 4620 calumnias
3623 4571 3856 4633 pamm
3880 4551 4259 4632 amicorum,

2314 4648 2426 4715 sed
2493 4650 2845 4714 otiosorum
2913 4640 3209 4707 fortassis
3266 4639 3483 4704 nescio
3540 4657 3699 4720 quas
3758 4635 4259 4719 imaginationes

2312 4735 2581 4801 veritati
2625 4730 2853 4799 cedere
2896 4727 3179 4805 iusseris,
3225 4732 3292 4791 et
3337 4735 3408 4789 tu
3447 4735 3511 4789 te
3554 4724 3770 4806 ipsum
3829 4721 3910 4786 de
3953 4740 4058 4784 me
4102 4741 4257 4786 con·

2312 4823 2598 4886 sulueris
2647 4828 2842 4901 atque
2884 4812 3191 4880 audieris.
3275 4809 3471 4876 Certe
3529 4808 3701 4893 quod
3760 4806 3842 4873 ad
3888 4816 3952 4872 te
3995 4806 4257 4887 iampri-

2312 4906 2464 4972 dem
2506 4905 2675 4971 nihil
2718 4900 3105 4984 scripserim,
3154 4898 3391 4982 partim
3424 4895 3672 4978 pudore
3706 4893 3944 4976 partim
3990 4889 4263 4958 tristitia

2309 4994 2556 5058 factum
2616 5010 2759 5056 esse
2816 4985 3003 5053 facile
3062 4984 3382 5052 coniicere
3425 4988 3627 5066 potes.
3718 4975 3911 5059 Quod
3970 4985 4259 5074 cessator

2307 5078 2515 5145 fuisse
2552 5075 2796 5155 videar,
2841 5072 3011 5157 quod
3050 5090 3372 5147 emansor,
3419 5064 3839 5142 abdicatione,
3884 5068 3963 5127 ut
4005 5080 4261 5144 opinor,

2511 5301 2571 5364 5)
2609 5299 2746 5355 Non
2778 5302 2973 5353 exstat.

2302 5370 2480 5426 1672.
2520 5371 2579 5440 1)
2609 5369 2835 5440 phrasis
2868 5359 3246 5425 ἄνακόλουθος,
3283 5361 3406 5417 vide
3439 5357 3595 5425 infra
3628 5352 3838 5493 ηοίὲὲ..
