4900 6167
659 418 793 480 695

646 606 876 674 ,habet
917 606 1154 689 aliqua.
1259 601 1436 669 Sane
1493 620 1615 666 con
1663 600 1833 665 eries
1890 606 1991 665 est
2041 597 2398 664 haeresem
2454 595 2626 679 quod

634 748 649 758 .
674 695 939 778 scripsit
995 699 1064 756 et
1114 691 1330 755 fassus
1387 693 1506 753 cst.
1694 686 1818 750 ixit
1880 683 2047 749 mihi
2103 706 2174 750 se
2228 682 2445 767 aliqua
2520 704 2626 749 ac-

648 781 919 865 cepisse
962 799 1002 842 a
1044 776 1188 841 viro
1230 773 1343 858 qui
1386 794 1518 838 non
1563 771 1690 836 fuit
1729 771 1918 854 parvi
1963 769 2271 849 nominis,
2291 771 2382 849 ²⁴)
2429 790 2622 853 quem

650 867 810 933 acio
852 864 1049 947 longe
1093 861 1283 927 aliter
1326 859 1611 924 sensisse
1656 877 1731 921 ac
1774 857 1901 924 scri
1952 857 2114 921 sisse
2156 855 2624 940 posterioribus

658 953 811 1020 suis
852 948 1132 1031 scriptis,
1178 945 1481 1030 quamvis
1524 964 1657 1009 non
1702 964 1854 1007 eum
1944 941 2190 1007 ubitem
2226 963 2307 1007 ex
2330 938 2624 1007 Rabino-

639 1058 819 1104 rum
845 1035 1107 1118 scriptis
1120 1053 1254 1097 non
1291 1051 1520 1115 parum
1560 1028 1907 1112 aliquando
1949 1028 2254 1094 affectum
2289 1027 2511 1105 fuisse,
2529 1026 2623 1109 ⁴²⁵)

668 1133 741 1190 et
782 1122 1014 1187 merito
1071 1118 1326 1185 videam
1372 1116 1719 1181 Era-smum
1777 1112 2018 1179 alicubi
2077 1114 2369 1197 attigisse
2424 1133 2624 1196 quam

668 1208 949 1275 vitanda
991 1207 1129 1273 sint
1170 1213 1308 1268 tam
1352 1200 1555 1285 impia
1597 1201 1840 1283 scripta
1874 1207 1940 1264 et
1973 1219 2214 1282 magno
2258 1221 2406 1266 cum
2451 1196 2623 1262 iudi-

671 1296 774 1361 cio
830 1291 1139 1378 legenda,
1199 1310 1283 1354 ne
1341 1289 1487 1371 quis
1543 1285 1874 1352 inficiatur
1922 1294 2058 1348 tam
2102 1285 2300 1349 noxio
2343 1305 2618 1349 veneno.

676 1380 911 1447 Potuit
952 1375 1187 1443 infelix
1222 1374 1409 1441 facile
1453 1373 1672 1455 aliqua
1715 1393 1844 1437 non
1888 1379 2069 1436 recta
2094 1374 2183 1444 ²⁶)
2242 1369 2510 1435 haurire
2554 1379 2623 1434 et

667 1486 867 1549 quam
911 1462 1196 1528 maxime
1240 1479 1499 1544 augere.
1522 1518 1543 1543 ἱ
1569 1456 1703 1523 Sed
1741 1455 1947 1521 altero
1992 1454 2309 1521 redeunte
2344 1465 2412 1521 et
2444 1466 2621 1521 recte

667 1550 998 1618 scribente
1041 1547 1256 1613 sanari
1301 1545 1503 1610 miser
1542 1565 1675 1608 non
1724 1543 1951 1625 potuit.
1975 1545 2035 1584 ²⁷

840 1635 1072 1701 Hostis
1129 1630 1437 1714 antiquus
1461 1632 1552 1711 ²⁸)
1612 1628 1777 1692 mihi
1831 1626 2086 1693 studuit
2140 1629 2476 1713 negotium
2519 1627 2619 1692 fa-

670 1742 945 1798 cessere,
990 1728 1057 1785 et
1140 1738 1301 1782 uum
1346 1737 1496 1781 suos
1538 1714 2047 1798 perstringerem
2093 1715 2304 1779 movit
2347 1734 2460 1779 eos
2504 1714 2619 1797 qui

661 1830 774 1874 me
819 1828 955 1872 non
1016 1826 1096 1871 au
1144 1804 1357 1868 ierant
1409 1809 1485 1865 ut
1538 1800 1830 1885 graviter
1887 1799 1967 1864 de
2022 1820 2128 1865 me
2185 1808 2619 1884 quererentur

664 1892 841 1977 quod
885 1912 955 1958 se
1015 1890 1257 1955 iniuria
1321 1886 1701 1952 affecissem.
1792 1883 2164 1968 Spei-abant
2221 1886 2441 1951 omnia
2498 1906 2617 1969 pro

662 2001 738 2046 se
793 1979 1048 2044 factura
1102 1985 1170 2039 et
1223 1994 1331 2038 me
1391 1992 1662 2055 prorsus
1718 1992 2045 2037 casurum.
2146 1969 2279 2039 Sed
2337 1972 2448 2055 qui
2510 1993 2617 2035 me

662 2062 1053 2138 audierunt,
1112 2079 1313 2143 quum
1375 2058 1666 2124 dicerent
1718 2078 1789 2122 se
1843 2079 1928 2123 ex
1988 2057 2082 2122 eis
2139 2077 2281 2124 esse
2337 2077 2616 2140 quorum

661 2151 930 2215 nomine
974 2167 1335 2222 accusarer,
1381 2165 1452 2209 se
1496 2152 1754 2208 tantum
1792 2141 2017 2209 abesse
2052 2151 2127 2207 ut
2168 2164 2315 2208 cum
2351 2162 2615 2207 accusa-

664 2235 918 2301 toribus
996 2233 1284 2298 facerent
1360 2241 1429 2295 et
1507 2228 1752 2312 aliquid
1814 2228 2373 2312 reprehenderent
2440 2227 2615 2311 quod

664 2328 962 2386 sanctam
998 2318 1335 2391 veram29)
1380 2317 1771 2381 faterentur:
1818 2336 1940 2380 nec
1973 2322 2283 2397 putarent
2316 2313 2618 2379 damnari

662 2407 793 2472 nisi
851 2405 934 2470 ab
992 2406 1073 2469 iis
1129 2403 1244 2486 qui
1298 2422 1432 2466 non
1496 2401 1864 2467 audierunt.
1952 2400 2101 2485 Ego
2155 2422 2356 2484 quum
2415 2399 2616 2465 adiis-

660 2514 804 2558 sem
825 2494 913 2573 ⁸⁰)
982 2489 1198 2573 capita
1261 2489 1750 2553 accusationum
1769 2538 1785 2563 ,
1860 2489 2384 2552 commemoratis
2446 2506 2613 2551 non-

655 2577 861 2644 nullis
904 2596 1071 2659 quae
1113 2574 1455 2658 oportebat
1496 2572 1821 2656 respondi,
1866 2592 1999 2637 non
2044 2582 2278 2656 putare
2321 2572 2613 2638 concioni

656 2662 1036 2729 interfuisse
1079 2681 1189 2726 eos
1231 2659 1342 2742 qui
1385 2667 1833 2741 quererentur,
1877 2678 2115 2742 meque
2155 2658 2321 2723 nihil
2366 2657 2613 2723 dixisse

658 2748 833 2832 quod
878 2768 1006 2812 non
1053 2754 1228 2812 esset
1269 2766 1351 2809 ex
1395 2744 1607 2810 officio
1650 2743 1894 2810 dictum
1913 2793 1929 2823 ,
1971 2751 2039 2809 et
2082 2744 2298 2828 potius
2337 2765 2444 2808 me
2488 2742 2612 2808 mi-

659 2855 789 2899 nus
833 2845 1093 2899 notasse
1135 2831 1300 2895 vitia
1343 2851 1541 2914 quam
1577 2830 1953 2896 excessisse.
2022 2830 2283 2895 Debere
2317 2851 2426 2894 eos
2471 2849 2613 2893 om-

660 2920 777 2985 nia
821 2930 896 2984 ut
937 2919 1122 2985 decet
1165 2925 1390 2982 sancte
1444 2918 1744 2999 excipere
1803 2924 1869 2981 et
1923 2926 2200 2999 paterna
2257 2916 2505 2980 monita
2547 2921 2615 2979 et

656 3006 1125 3072 correctionem
1171 3023 1253 3067 ex
1310 3003 1508 3067 verbo
1553 3002 1681 3067 Dei
1738 3022 1890 3066 cum
1948 3001 2185 3067 timore
2230 3007 2613 3066 reverenter

656 3092 1002 3159 advertere
1057 3091 1389 3172 vitamque
1443 3089 1826 3166 immutare,
1885 3107 1970 3151 ne
2025 3088 2295 3153 iratum.
2322 3086 2615 3152 sentiant

658 3178 1041 3244 Dominum.
1120 3173 1416 3239 Tandem
1461 3182 1748 3253 senatus,
1796 3172 1879 3239 ad
1921 3194 2116 3256 quem
2153 3181 2426 3244 vocatus
2470 3172 2610 3236 fue-

660 3286 804 3329 ram
849 3284 970 3347 per
1013 3261 1176 3327 duos
1220 3281 1300 3324 ex
1347 3261 1510 3343 ipsis
1552 3258 1964 3325 senatoribus
2006 3270 2072 3324 et
2117 3278 2192 3323 eo
2237 3257 2609 3342 perductus,

656 3371 792 3415 non
838 3351 981 3416 sine
1023 3347 1464 3412 admonitione
1512 3344 1763 3411 Calvini
1812 3355 1880 3410 et
1936 3344 2136 3410 Vireti
2193 3344 2336 3428 (qui
2391 3343 2609 3426 prius-

662 3457 861 3520 quam
906 3445 1209 3501 senatum
1253 3433 1600 3497 intrassem
1647 3452 1799 3497 suas
1843 3442 2134 3515 egerant,
2180 3431 2312 3494 imo
2356 3428 2610 3495 Christi

648 3528 904 3607 partes)
949 3518 1135 3585 iubet
1178 3538 1287 3583 eos
1330 3518 1441 3600 qui
1485 3517 1927 3599 querebantur
1970 3526 2044 3582 ut
2101 3537 2207 3580 me
2248 3524 2611 3601 agnoscant

652 3609 999 3690 antiquum
1044 3613 1373 3688 pastorem
1419 3610 1485 3666 et
1524 3610 1811 3685 patrem,
1863 3612 1934 3668 et
1975 3601 2147 3687 quod
2203 3623 2411 3667 unum
2472 3602 2608 3666 sint

648 3716 806 3761 cum
851 3693 983 3758 illis
1027 3691 1138 3773 qui
1181 3711 1311 3754 non
1358 3700 1755 3771 queruntur:
1802 3697 1869 3752 et
1908 3689 2005 3753 ita
2040 3696 2369 3753 venerunt
2404 3685 2609 3769 aliqui

650 3781 817 3846 iussi
862 3777 1157 3843 omnium
1194 3776 1457 3839 nomine
1491 3776 1600 3858 qui
1636 3774 1938 3838 dextram
1976 3795 2187 3840 meam
2222 3775 2603 3857 tetigerunt.

650 3867 954 3949 Rogatus
1013 3864 1106 3927 fui
1169 3882 1508 3944 pergerem
1529 3912 1543 3937 ‚
1611 3870 1686 3924 ut
1749 3880 2038 3943 semper,
2095 3879 2281 3925 caros
2342 3860 2603 3924 habere.

658 3950 942 4017 Michael
985 3947 1178 4013 datus
1232 3947 1357 4011 fuit
1406 3947 1705 4011 minister
1766 3946 2065 4029 publicus
2108 3947 2219 4029 qui
2259 3964 2367 4009 me
2411 3941 2605 4008 redu-

649 4044 847 4103 ceret.
938 4034 1238 4116 Scriptae
1292 4032 1449 4096 item
1495 4032 1740 4098 amicae
1797 4031 2023 4097 literae
2068 4032 2149 4096 ad
2193 4029 2372 4095 hunc
2414 4050 2606 4095 sena-

652 4136 817 4187 tum.
841 4123 931 4195 ³¹)
1020 4120 1351 4184 Numerus
1392 4118 1502 4201 qui
1547 4117 1832 4202 exiguus
1876 4117 2241 4194 videbatur,
2288 4124 2354 4181 et
2396 4135 2606 4198 paene

642 4282 673 4289 .-

827 4375 925 4440 24)
962 4378 1051 4429 An
1101 4374 1459 4445 Capitonem?
1504 4392 1572 4427 an
1622 4374 1961 4428 Borrhaum?
2047 4372 2256 4427 Simler.
2324 4371 2479 4426 Certe
2520 4372 2608 4427 hic

654 4448 911 4501 Ser-vem
943 4460 1055 4500 non
1086 4446 1290 4511 μεεεπί
1323 4460 1396 4496 se·
1417 4442 1689 4497 Goranica
1734 4444 1804 4496 ab
1839 4442 1927 4498 ἠὼ
1961 4445 2247 4510 accepisse.
2324 4441 2609 4497 Bormam

646 4516 865 4571 denum
900 4531 951 4568 a.
989 4512 1127 4566 1564
1159 4513 1306 4567 obiit.

821 4581 918 4649 25)
959 4580 1023 4636 Si
1056 4581 1313 4635 Fau-ellus
1357 4580 1488 4633 haec
1535 4580 1602 4633 de
1649 4578 1869 4635 Seu-veto
1913 4580 2136 4645 diceret,
2188 4595 2300 4633 non
2345 4579 2605 4633 abnuere·

911 4668 1000 4705 um
1042 4650 1329 4719 Hispanus
1362 4655 1499 4702 esset
1538 4648 1845 4704 Rabbinica
1880 4648 1958 4703 ad
1991 4664 2209 4703 manum
2244 4654 2417 4703 aaut.
2490 4645 2605 4713 (of.

890 4720 985 4775 ΠΙ.
1026 4717 1143 4775 737.
1179 4717 1294 4772 766.
1331 4715 1484 4783 845.)
1569 4718 1764 4771 Verum
1801 4718 1868 4772 de
1902 4717 2014 4773 alio
2048 4718 2199 4788 loqui
2232 4717 2465 4772 videtur.

822 4789 919 4849 26)
956 4790 1111 4844 facile
1149 4803 1255 4841 non
1294 4803 1422 4840 vera
1456 4786 1529 4839 H.

824 4858 920 4927 27)
955 4858 1065 4914 Hic
1100 4857 1346 4912 subsistit
1380 4855 1456 4908 H.

821 4928 918 4987 28)
961 4926 1202 4981 Satanas
1245 4926 1359 4979 scil.
1408 4940 1519 4977 non
1569 4925 1770 4995 aliquis
1813 4940 1879 4978 ea:
1921 4923 2319 4979 Genevensibus
2354 4925 2453 4994 qui
2483 4940 2604 4978 eum

634 5016 737 5068 ap.
776 4997 1033 5052 &natum
1069 5000 1478 5050 accusaverant.

823 5065 914 5132 29)
953 5064 1047 5120 Sic
1089 5064 1313 5118 omnino
1359 5061 1737 5131 autoqraphon
1793 5060 1940 5132 quod
1994 5062 2129 5131 quid
2172 5063 2274 5118 tibi
2317 5062 2443 5116 velit
2493 5076 2604 5115 non

638 5138 918 5257 mm
926 5150 1008 5255 alr.
1084 5130 1461 5253 4p09ragthon
1503 5126 1961 5255 Turicensedprcet
1962 5131 2069 5186 bet:
2120 5131 2304 5197 vitam,
2349 5129 2447 5185 sed
2479 5129 2601 5184 lati-

820 5219 945 5408 &3⁰
952 5217 1187 5324 muts„
1155 5216 1340 5323 313ρῖ
1338 5307 1349 5320 .
1371 5216 1457 5253 am
1494 5215 1605 5253 non
1638 5216 1783 5255 emen
1827 5217 1860 5254 a
1887 5237 1900 5251 .

819 5340 885 5394 31
952 5338 1382 5395 Neocomensem.

644 4671 772 4709 nus
782 4677 798 4704 .-

654 4722 796 4793 Opp.

2172 403 2698 474 EPISTOLAE
2747 407 3169 472 1869-1870

4535 410 4647 491 696

2729 595 2979 679 sopitus
3024 615 3106 662 ne
3150 594 3363 663 dicam
3406 597 3672 676 fractus,
3718 599 4021 683 apparuit
4057 619 4190 665 non
4233 598 4504 683 exiguus
4541 619 4654 665 nec

2727 700 2960 765 parum
3004 681 3338 748 animatus
3357 683 3446 768 ⁰²)
3490 704 3648 749 sane
3687 683 3987 750 omnibus
4030 685 4143 768 qui
4186 690 4411 749 amant
4441 683 4654 750 Domi-

2726 788 2905 833 num.
2965 766 3128 832 Fuit
3147 767 3340 833 valde
3483 778 3643 848 tum,
3681 768 3941 836 Calvino
3973 790 4171 853 quam
4206 768 4652 856 gratissimum.

2725 851 2880 918 Non
2938 862 3241 937 expertes
3292 854 3536 922 fuimus
3591 875 3712 939 ego
3765 865 3833 920 et
3889 855 4155 922 Virdtae.
4246 856 4558 922 Accessus
4572 857 4658 934 ⁸⁸)

2726 936 2856 1003 fuit
2909 938 3073 1004 mihi
3129 938 3477 1019 molestus,
3536 939 3707 1024 quod
3765 940 3945 1008 solus
3964 992 3980 1018 ,
4037 949 4107 1008 et
4157 942 4268 1007 via
4322 939 4655 1007 admodum

2723 1023 2943 1090 lutosa
2984 1045 3118 1090 non
3173 1025 3318 1091 sine
3375 1024 3558 1091 luctu
3610 1027 3738 1091 iter
3794 1028 4200 1094 confecerim.
4220 1028 4308 1112 ⁸⁴)
4395 1025 4658 1092 Reditus

2725 1108 2935 1175 multo
2978 1109 3211 1176 laetior
3253 1111 3395 1178 fuit.

2899 1193 3032 1261 Sed
3075 1197 3208 1262 iam
3253 1199 3383 1263 mei
3421 1197 3769 1264 immemor
3804 1205 3867 1263 te
3910 1197 4058 1282 plus
4097 1199 4259 1264 satis
4300 1198 4553 1266 confeci.
4570 1198 4655 1281 ⁸⁵)

2725 1280 2894 1346 Vale
2929 1290 2997 1347 et
3030 1282 3314 1366 ignosce,
3358 1286 3490 1349 imo
3528 1285 3744 1367 potius
3778 1285 4042 1369 castiga,
4086 1291 4163 1349 ut
4193 1286 4430 1351 merito
4461 1284 4659 1349 ficere

2724 1365 2938 1445 debes,
2984 1377 3052 1433 et
3094 1367 3268 1452 quod
3312 1369 3493 1450 facis,
3540 1389 3801 1453 semper
3844 1391 3963 1436 nos
4005 1373 4136 1436 tuis
4181 1370 4424 1436 adiuva
4463 1368 4657 1454 preci-

2724 1450 2865 1518 bus.
2933 1453 3108 1519 lfire
3142 1474 3351 1537 angor
3386 1476 3584 1539 super
3617 1456 3927 1521 vastitate
3962 1456 4404 1522 ecclesiarum.
4476 1454 4657 1521 Chri-

2722 1547 2864 1604 stus
2910 1538 2988 1603 be
3042 1539 3055 1551 '
3156 1561 3192 1604 e
3228 1542 3580 1624 prospiciat
3613 1539 3799 1625 lupos
3835 1550 3905 1607 et
3937 1551 4205 1608 ventres
4239 1542 4658 1626 profliget,⁸⁸)

2720 1635 2787 1689 et
2828 1644 2938 1690 eos
2981 1646 3094 1708 qu1
3138 1634 3272 1689 tam
3333 1627 3572 1692 misere
3626 1649 3854 1693 omnes
3905 1627 4267 1693 admittunt
4309 1627 4395 1692 ad
4439 1627 4658 1692 docen-

2721 1708 2908 1787 dum,
2964 1720 3031 1774 et
3076 1719 3214 1775 tam
3271 1712 3709 1795 perfunctorie
3766 1713 3984 1778 omnia
4041 1724 4280 1799 agunt,
4337 1711 4560 1779 videre
4599 1722 4661 1779 et

2718 1794 2963 1860 sentire
3018 1796 3217 1862 faciat
3273 1817 3467 1881 quam
3525 1808 3728 1882 agant
3784 1800 4055 1877 misere,
4132 1820 4331 1884 quam
4391 1797 4661 1883 perdant

2720 1882 2958 1959 omnia,
3004 1901 3198 1964 quam
3245 1885 3432 1965 parvi
3475 1884 3717 1950 faciant
3753 1883 4004 1951 Christi
4048 1886 4458 1969 sanguinem.
4543 1884 4660 1951 Sa·

2719 1965 2861 2031 luta
2917 1987 3156 2051 quaeso
3211 1968 3552 2054 collegam,
3575 1971 3667 2047 37)
3729 1991 3923 2053 quem
3984 1971 4101 2036 tibi
4156 1981 4310 2055 opto
4366 1970 4660 2036 omnibus

2719 2052 3112 2136 respondere
3153 2054 3226 2118 in
3262 2054 3516 2121 Christi
3559 2054 3854 2139 gloriam,
3900 2065 3967 2122 et
4008 2057 4118 2122 hic
4161 2057 4497 2140 propriam
4536 2076 4661 2121 non

2718 2137 3000 2203 alienam
3044 2160 3237 2224 agere
3294 2162 3641 2224 porsonam
3698 2163 3855 2207 vere
3898 2141 4238 2209 Christum
4290 2143 4658 2227 spirantem.

2718 2222 2870 2289 Non
2926 2223 3081 2290 licet
3140 2225 3223 2291 ad
3280 2227 3561 2293 scribam
3623 2227 3906 2294 scribere
3924 2280 3939 2305 ,
4007 2228 4120 2294 sed
4178 2228 4442 2295 salvum
4498 2236 4656 2310 opto.

2720 2307 2988 2393 Collega
3032 2314 3095 2376 te
3139 2312 3400 2377 salutat.
3491 2313 3799 2380 Neocomi
3853 2318 3946 2378 10.
3993 2313 4380 2380 Decembris
4426 2318 4597 2378 1553.

3942 2450 4129 2517 'l'uus
4173 2449 4494 2516 Farellus.

2890 2615 3222 2682 Dederam
3274 2617 3502 2685 literas
3566 2620 3812 2702 pastori
3877 2621 4050 2704 apud

2718 2703 2800 2767 D.
2846 2701 3248 2783 Hemerum,
3272 2708 3362 2784 ⁸⁸)
3428 2705 3543 2770 sed
3586 2706 3644 2770 is
3684 2726 3804 2789 per
3846 2707 4048 2772 alium

2715 2787 3067 2957 figlilireddi
3093 2791 3366 2868 curavit,
3414 2790 3535 2857 has
3559 2812 3679 2876 ego
3725 2790 3902 2856 domi
3946 2813 4049 2856 re-

3595 3441 3785 3512 187⁰.

3095 3594 3769 3664 BULLINGERUS
3817 3597 4254 3665 CALVINO.

2883 3762 3098 3846 Refert
3135 3767 3294 3848 quid
3321 3768 3544 3834 Turici
3578 3773 3785 3832 actum
3816 3770 3902 3834 sit
3935 3770 4006 3834 in
4048 3789 4244 3835 causa
4285 3773 4658 3856 disciplinae

2708 3848 3151 3917 ecclesiasticae
3194 3852 3586 3932 GenevensiS,
3632 3854 3786 3936 quid
3826 3856 4109 3920 ministri
4149 3860 4396 3923 senatui

2707 3936 2966 4013 suerint,
3013 3938 3170 4018 quid
3211 3939 3473 4021 denique
3507 3946 3763 4005 senatus
3796 3939 4260 4008 rescribendum
4303 3944 4652 4013 decreverit.

2710 4106 2818 4171 (Ex
2862 4106 2945 4160 ed.
2987 4107 3157 4162 Bezae
3193 4107 3394 4162 Genev.
3442 4126 3496 4179 p.
3535 4109 3662 4179 119,
3699 4111 3858 4167 Laus.
3899 4130 3952 4182 p.
3990 4110 4122 4182 278,
4173 4113 4384 4168 Hanov.
4436 4133 4489 4185 p.
4537 4116 4653 4181 311,

3222 4175 3434 4230 Chouet
3466 4195 3519 4246 p.
3558 4177 3676 4246 170,
3713 4182 3892 4234 Amst.
3929 4198 3982 4252 p.
4021 4179 4132 4249 77.)

2880 4345 3132 4412 Breves
3201 4347 3665 4429 Amplissimus
3733 4350 4157 4436 Magistratus
4241 4354 4657 4422 Genevensis

2705 4430 2932 4496 literas
2976 4431 3059 4496 ad
3103 4432 3533 4498 clarissimum
3577 4435 3760 4502 urbis
3803 4447 4064 4505 nostrae
4089 4437 4413 4506 Senatum
4458 4443 4656 4526 scrip-

2708 4516 2813 4582 sit.
2848 4520 2891 4591 ¹)
2981 4515 3155 4597 Quia
3207 4539 3364 4584 vero
3410 4518 3665 4586 Gallice
3710 4523 3992 4606 scriptae
4035 4534 4254 4603 erant,
4313 4530 4654 4594 ornatissi-

2878 4788 2973 4854 32)
3010 4791 3280 4844 animosus
3328 4791 3387 4845 T.
3459 4792 3600 4848 Sane
3636 4796 3886 4857 omnibus
3924 4798 4015 4866 qui
4050 4804 4236 4851 amant
4268 4815 4369 4855 om.
4404 4800 4481 4855 id.

2875 4856 2972 4926 38)
3009 4857 3124 4914 lter
3164 4859 3485 4919 Genevme.

2877 4925 2971 4994 34)
3006 4927 3295 4982 admodum
3330 4931 3440 4985 iter
3473 4932 3796 4986 confecerim
3843 4930 3901 4987 T.
3935 4938 4087 4988 caeti.
4124 4948 4226 4989 om.

2877 4994 2970 5060 35)
3006 4996 3245 5064 impedio
3286 4997 3347 5055 T.

2843 5063 2971 5189 ηε36)
3007 5065 3337 5135 profligeret.
3396 5067 3506 5125 Hic
3537 5071 3784 5124 subsistit
3816 5069 4090 5139 exemplar
4124 5070 4301 5128 Τηνία.
4359 5072 4651 5144 Sequentia
