4900 6167
747 362 869 424 327

741 547 936 613 eeris:
982 567 1132 611 nam
1173 548 1282 630 qui
1326 545 1595 614 meliora
1654 544 1913 611 videtur
1965 544 2169 629 sequi,
2227 563 2356 627 quo
2396 543 2675 610 vicinior

738 631 1001 698 videtur
1041 632 1367 714 aequitati,
1402 641 1469 698 61
1508 652 1578 697 66
1613 630 1762 715 plus
1796 627 1955 696 dicit
1988 630 2286 708 amioum,
2330 636 2514 695 tanto
2545 629 2673 694 ini-

741 719 971 801 quiora
1022 716 1267 801 cogitat
1282 767 1299 795 ,
1367 730 1434 782 61
1485 718 1698 801 magis
1764 715 2045 782 amioum
2092 714 2311 782 laedit.
2411 715 2673 799 Dignus

740 810 916 880 erat,
968 802 1079 884 qui
1138 820 1286 867 oum
1329 801 1852 868 Romanensibus
1904 810 2145 886 ageret.
2233 799 2476 866 Insano
2528 802 2674 882 quis

740 884 1148 953 medebitur?
1235 884 1686 971 Adnitendum
1741 896 1962 951 tamen
2021 895 2152 964 est,
2204 886 2261 951 si
2304 906 2390 952 ex
2444 885 2674 951 inferis

738 971 1000 1039 liberari
1064 971 1302 1054 aliquid
1368 971 1590 1055 possit.
1702 970 2038 1055 Siquidem
2096 969 2356 1049 domus,
2420 972 2493 1035 in
2546 991 2674 1053 qua

738 1068 964 1142 agunt,
1007 1057 1182 1141 ipsos
1223 1058 1466 1123 inferos
1509 1064 1801 1141 superat:
1860 1057 2026 1123 nulli
2067 1057 2276 1142 magis
2316 1054 2454 1122 illio
2496 1057 2672 1124 vooi·

738 1143 1046 1221 ferantur,
1070 1162 1280 1225 neque
1302 1143 1512 1227 magis
1534 1141 1814 1208 furiunt:
1859 1144 2208 1209 continuae
2229 1141 2672 1226 blasphemiae

739 1228 807 1293 in
851 1227 1071 1293 Deum
1086 1279 1102 1307 ,
1149 1229 1216 1292 in
1261 1229 1644 1311 proximum,
1686 1230 1840 1312 iuge
1883 1228 2157 1295 nooendi
2199 1226 2508 1295 studium.
2579 1227 2672 1292 Et

736 1315 846 1397 qui
881 1333 1023 1379 sese
1055 1312 1355 1378 venditat
1386 1323 1457 1378 ut
1492 1313 1940 1393 iustissimum,
1985 1326 2052 1380 et
2083 1314 2370 1380 alienum
2412 1314 2497 1379 ab
2530 1334 2668 1379 om-

732 1400 926 1465 nibus
948 1419 1114 1482 quae
1142 1398 1463 1482 prodeunt
1482 1399 1675 1478 mala,
1699 1399 1759 1465 is
1784 1398 2078 1464 omnium
2094 1408 2288 1465 autor
2310 1407 2427 1478 est,
2449 1399 2671 1465 omnia

734 1484 967 1562 6116611,
1002 1491 1071 1549 61
1089 1484 1285 1550 effioit
1318 1483 1528 1563 hodie,
1560 1505 1630 1550 66
1652 1484 1738 1549 611
1858 1505 1942 1549 ue
1963 1484 2263 1567 perdens.
2329 1482 2528 1551 Solus
2561 1504 2667 1550 sa-

733 1568 941 1635 lutem
992 1590 1063 1635 66
1113 1569 1313 1635 166161
1365 1590 1730 1653 procurare.
1873 1569 1953 1635 ed
2002 1570 2160 1655 quid
2216 1570 2381 1636 hane
2436 1591 2667 1636 moveo

734 1655 1054 1721 sentinam
1071 1653 1103 1717 ?
1188 1655 1549 1739 Prospioiat
1599 1654 1925 1722 Dominus
1980 1665 2050 1722 et
2102 1656 2348 1722 malum
2391 1657 2663 1722 auferat.

903 1739 1260 1806 Consilium
1306 1752 1492 1806 tuum
1529 1750 1597 1806 et
1632 1740 1826 1807 Vireti
1850 1746 1903 1819 ε5)
1943 1742 2099 1825 quid
2142 1763 2273 1807 non
2313 1742 2468 1808 boni
2511 1763 2665 1807 6611-

732 1824 1031 1902 66161616,
1074 1846 1274 1910 quum
1317 1825 1797 1911 ingratissimus
1840 1847 2046 1892 essem
2066 1878 2083 1906 ,
2140 1828 2270 1894 nisi
2311 1828 2666 1912 plurimam

734 1911 919 1978 vobis
984 1909 1289 1976 haberem
1347 1910 1672 1996 gratiam?
1759 1910 1894 1978 Sed
1938 1932 2068 1978 non
2121 1913 2416 1978 omittam
2432 1964 2447 1989 ,
2504 1913 2664 1996 quin

731 1995 1041 2075 indioem‚
1100 2005 1176 2062 ut
1218 1996 1565 2063 conveniat
1617 1998 1787 2061 inter
1842 2017 1960 2063 vos
2016 2015 2080 2063 et
2138 1998 2312 2064 alios.
2412 1997 2663 2064 Omnes

731 2080 1134 2148 detestantur
1188 2082 1430 2148 faotum
1475 2080 1784 2160 adulteri,
1840 2090 2067 2149 taxant
2121 2084 2320 2167 aliqui
2376 2084 2663 2168 apertius

730 2165 1006 2246 indices,
1061 2169 1174 2252 qui
1217 2176 1354 2232 tam
1408 2167 1704 2250 iniquum
1761 2165 2113 2235 divortium
2168 2170 2491 2237 fecerunt:
2552 2170 2663 2235 alii

728 2251 896 2319 olam
941 2254 1165 2337 magis.
1255 2253 1359 2317 ‘ru
1401 2262 1468 2318 et
1524 2252 1773 2318 Viretus
1823 2254 2201 2337 improbatis
2240 2256 2465 2321 uxoris
2506 2276 2661 2321 6611-

725 2339 979 2423 iugium
1021 2359 1171 2404 oum
1216 2337 1418 2403 altero
1476 2347 1541 2403 61
1592 2339 2045 2404 6661161166616
2103 2342 2360 2407 voeatis.
2448 2340 2661 2407 Blau-

726 2442 910 2490 rerus
951 2431 1167 2488 ratum
1211 2421 1407 2487 habet
1458 2431 1526 2488 et
1580 2420 1949 2489 adulterum
2005 2424 2378 2508 pellendum
2418 2436 2657 2494 oenset.

729 2507 908 2573 Besa
950 2518 1019 2573 et
1061 2507 1368 2574 Hellenas
1423 2527 1506 2573 ex
1564 2508 1707 2593 lege
1749 2509 2189 2577 Beruensium
2245 2511 2658 2595 plectendum

727 2593 1035 2659 iudicant.
1120 2594 1369 2659 Parum
1412 2594 1617 2660 abfuit
1659 2594 1814 2677 quin
1859 2592 2113 2661 adulter
2153 2597 2502 2663 seeundam
2545 2597 2658 2664 ob-

727 2679 1019 2756 tinuerit,
1064 2678 1176 2744 sed
1221 2687 1440 2744 tamen
1480 2681 1973 2762 pronunoiatum
2018 2681 2158 2760 fuit,
2224 2682 2476 2748 nullum
2518 2705 2660 2750 6666

726 2761 1082 2829 seeundum
1125 2763 1405 2829 adulteri
1443 2767 1635 2831 eoniu
1688 2765 1838 2845 ‘um‚
1883 2775 1949 2832 et
1991 2767 2074 2831 ad
2115 2769 2510 2850 praefectum
2554 2791 2658 2835 re·

725 2849 963 2914 ieotum
1007 2856 1107 2915 est·
1155 2869 1321 2915 onus
1365 2786 1705 2933 plectend}¹
1746 2851 2044 2918 adulteri.
2142 2851 2326 2919 Haeo
2390 2854 2655 2920 tandem

730 2944 876 3001 aeta
916 2934 1198 3000 fuerunt.
1301 2935 1677 3003 Videndum
1736 2946 1934 3016 66661,
1994 2946 2070 3003 ut
2120 2938 2193 3002 in
2248 2938 2394 3005 istis
2449 2941 2655 3023 magis

726 3023 1119 3087 conveniret.
1206 3019 1375 3087 Pars
1416 3023 1658 3102 insons,
1695 3043 1860 3107 quae
1901 3022 2089 3088 alteri
2132 3023 2376 3106 nupsit,
2433 3035 2657 3107 pacate

725 3125 873 3172 oum
916 3109 1056 3172 viro
1102 3106 1287 3186 vivit,
1331 3114 1400 3173 61
1440 3108 1724 3193 ingenue
1765 3107 2040 3186 fatetur,
2102 3128 2172 3173 se
2207 3108 2373 3173 nihil
2418 3108 2659 3175 habere

723 3213 872 3259 oum
914 3192 1129 3275 priore
1174 3192 1313 3257 viro
1353 3214 1713 3271 commune,
1759 3203 1826 3259 61
1866 3194 2139 3259 61166166
2173 3214 2368 3275 quam
2402 3193 2659 3260 adulter

722 3276 963 3341 habere
998 3276 1272 3355 volebat,
1316 3287 1537 3360 aperte
1569 3288 1807 3345 testata
1843 3288 1959 3354 est,
1988 3299 2189 3360 quam
2225 3280 2658 3344 miserrimam

723 3363 1028 3438 futuram,
1072 3362 1129 3426 si
1171 3372 1405 3445 pergat
1446 3364 1703 3430 adulter
1744 3383 1895 3429 oum
1938 3383 2033 3442 ea,
2079 3373 2151 3427 ut
2185 3385 2331 3430 oum
2375 3366 2522 3447 ipsa
2564 3365 2658 3431 fe-

721 3447 828 3513 611.
918 3444 1053 3513 Sed
1097 3446 1256 3512 alias
1302 3446 1491 3530 plura
1533 3448 1613 3514 de
1656 3449 1777 3515 his.
1870 3447 2032 3512 Vale
2085 3448 2443 3516 amisorum
2487 3452 2658 3515 inte-

721 3532 1024 3617 gerrime,
1070 3542 1137 3596 et
1177 3552 1375 3615 perge
1417 3554 1673 3618 semper
1713 3533 1923 3618 magis
1964 3543 2031 3598 61
2071 3535 2296 3619 magis,
2348 3535 2520 3618 quod
2563 3536 2658 3600 fa-

721 3620 832 3694 616,
878 3617 1215 3684 6661661661
1259 3616 1528 3682 Domini
1585 3618 1943 3698 illustrare,
2005 3628 2071 3684 et
2133 3620 2344 3685 servis
2402 3619 2657 3686 Christi

722 3703 991 3769 oonsilio
1033 3713 1100 3769 et
1141 3722 1261 3786 ope
1302 3702 1528 3769 adesse
1572 3718 1636 3769 et
1677 3725 1903 3771 omnes
1944 3706 2015 3770 in
2053 3706 2261 3772 officio
2302 3707 2655 3774 eontinere.

724 3787 854 3853 Ubi
897 3788 1166 3854 redierit
1190 3789 1643 3868 Nomandius,
1688 3803 1842 3874 opto
1882 3791 2120 3858 1666116
2163 3798 2238 3857 ut
2271 3791 2658 3859 suooesserit

726 3872 786 3936 ei
826 3880 893 3937 61
939 3871 1266 3941 Colladono
1284 3877 1364 3954 ⁶),
1412 3895 1570 3958 quos
1613 3874 1827 3942 salvos
1868 3887 2019 3960 opto
2061 3897 2208 3944 oum
2269 3876 2535 3963 collegis
2587 3885 2657 3942 et

716 3957 1220 4112 flaussetfmaebus'
1304 3960 2020 4113 .(ἐ(())116ᾙς168.16156ἓὲ6161
2070 3964 2179 4045 qui
2229 3963 2360 4028 iam
2405 3962 2654 4115 ἒ611166

1019 4089 1046 4108 l
1083 4064 1323 4110 6666161
1452 4097 1466 4110 .
1628 4069 1673 4112 n
1890 4097 1905 4113 .
1997 4047 2364 4114 Motum&
2513 4071 2556 4133 p
2582 4071 2649 4115 u-

718 4130 957 4194 rimum
1001 4140 1186 4213 optat
1225 4131 1496 4196 salvum.

1744 4270 2045 4336 Farellus
2087 4281 2240 4337 tuus
2284 4279 2475 4338 totus.

860 4441 1021 4447 ⁴-——-
1048 4441 1115 4448 —

919 4554 982 4690 ἓξ
1012 4554 1343 4693 5¹09me
1390 4627 1548 4681 misci
1580 4627 1808 4710 fW‘P’P‘
1848 4642 1953 4697 pro
2002 4631 2233 4698 captivis
2282 4638 2646 4690 murcos-suri.

716 4691 874 4762 (Req.
912 4693 990 4746 du
1027 4692 1253 4750 Consul.
1292 4693 1372 4749 16.
1408 4703 1460 4750 et
1491 4692 1577 4748 26.
1616 4694 1812 4762 Mau.)

2225 353 2749 424 EPIS'DOLAE
2799 355 3222 423 1627—1630

4582 363 4688 429 328

3650 543 3850 618 1⁶28.

2896 692 3371 762 LYoNNAns
3416 696 3545 764 Au
3587 681 3892 765 summ
3936 657 4065 766 66
4110 685 4509 768 eumve.
4538 707 4584 779 1)

2949 863 3108 932 Note
3160 865 3415 934 relative
3471 868 3516 933 ὰ
3565 869 3734 936 vetat
3785 870 3875 937 du
3919 873 4142 954 proces
4194 872 4304 937 des
4356 873 4577 955 eaptiss
4625 874 4691 939 de

2773 1121 3153 1193 (Autographe
3188 1123 3257 1176 de
3293 1123 3347 1177 16
3380 1123 3633 1179 biblioth·
3686 1141 3754 1180 ue
3800 1125 3869 1180 de
3914 1127 3968 1181 16
4003 1128 4130 1183 ville
4164 1129 4234 1182 de
4269 1128 4348 1184 St.
4384 1126 4522 1183 Gall.
4556 1130 4691 1184 ESS-

3000 1191 3171 1246 Tome
3204 1188 3290 1257 86,
3325 1192 3466 1262 Epp.
3503 1192 3629 1248 V11.
3689 1195 3757 1249 ol.
3794 1193 3909 1262 ⁶215,
3944 1213 4070 1251 sans
4104 1198 4476 1267 suscription.)

2943 1362 3432 1446 Messeigneurs
3450 1412 3465 1439 ‚
3522 1364 3791 1429 suivant
3846 1365 3906 1431 le
3969 1367 4097 1434 bon
4162 1367 4417 1433 vouloir
4471 1379 4536 1433 et
4578 1369 4695 1435 zelo

2771 1446 2909 1530 quil
2953 1468 2993 1513 a
3032 1446 3187 1531 pleu
3230 1469 3271 1513 a
3310 1447 3487 1514 Dieu
3529 1470 3651 1533 par
3691 1470 3767 1517 sa
3808 1450 4232 1535 providenoe,
4293 1453 4352 1518 le
4412 1464 4555 1518 tout
4591 1475 4694 1536 par

2769 1532 2833 1598 le
2891 1553 3130 1617 moyen
3187 1533 3276 1599 du
3329 1554 3615 1601 sauveur
3670 1547 3737 1602 et
3778 1536 4195 1622 redempteur
4236 1538 4423 1605 Iesus
4465 1537 4693 1618 Christ,

2770 1617 2914 1684 seul
2958 1629 3236 1703 regnant
3277 1640 3359 1684 en
3403 1620 3686 1700 Trinite,
3752 1644 4016 1689 reserve
4060 1646 4223 1707 pour
4262 1625 4330 1690 la
4369 1645 4695 1691 oonserva·

2769 1704 2907 1769 tion
2950 1713 3019 1770 et
3060 1705 3421 1788 promotion
3455 1705 3536 1771 de
3570 1726 3687 1772 son
3723 1707 3949 1793 Eglise
3991 1717 4058 1774 61
4078 1709 4461 1777 Chrestiens
4500 1730 4694 1776 666166

2766 1808 2889 1871 par
2929 1810 3003 1856 sa
3046 1789 3439 1874 providenoe
3483 1812 3565 1856 66
3624 1802 3837 1860 1611166
3894 1794 3989 1860 166
4033 1798 4278 1878 parties
4322 1794 4411 1861 du
4454 1795 4691 1874 monde,

2766 1893 2939 1959 puys
2983 1875 3119 1958 quil
3162 1896 3325 1943 vous
3381 1897 3422 1941 a
3478 1875 3628 1961 pleu
3683 1879 3991 1964 regarder
4034 1902 4153 1965 par
4196 1881 4381 1959 (1666,
4441 1881 4501 1946 16
4547 1902 4691 1947 vous

2766 1958 3060 2026 advertis
3105 1981 3233 2044 que
3277 1963 3495 2045 quand
3539 1985 3672 2029 aux
3715 1965 3946 2048 oaptifs
3990 1979 4057 2031 61
4100 1966 4393 2045 (16166116,
4437 1968 4688 2033 misera·

2769 2042 3056 2111 blement
3098 2058 3302 2130 quant
3345 2068 3428 2112 au
3472 2048 3706 2116 monde
3748 2050 3913 2117 mais
3956 2050 4458 2118 heureusement
4498 2063 4688 2135 quant

2767 2152 2807 2195 a
2828 2132 3020 2211 Dieu,
3068 2153 3153 2198 au
3196 2132 3471 2198 elimat*
3514 2134 3594 2201 de
3625 2135 3843 2220 Lyon‚
3887 2146 4109 2203 nostre
4140 2137 4470 2224 seigneur
4510 2137 4685 2204 Iesus

2766 2216 3010 2297 Christ,
3055 2239 3216 2301 pour
3258 2220 3579 2285 tonsiours
3620 2233 4008 2306 augmenter
4050 2244 4123 2288 sa
4164 2223 4307 2310 foy,
4352 2224 4448 2289 les
4491 2244 4685 2288 reser-

2765 2311 2930 2367 vant
2964 2323 3126 2386 pour
3159 2323 3243 2369 en
3280 2302 3524 2371 aultres
3558 2305 3736 2371 lieux
3770 2308 4118 2374 continuer
4152 2308 4296 2375 leur
4335 2308 4684 2375 confession

2764 2397 2834 2451 61
2876 2387 3285 2455 (16166661161
3326 2389 3422 2455 166
3464 2410 3725 2457 61161116
3741 2442 3758 2471 ,
3818 2414 3858 2457 a
3921 2394 3978 2458 si
4039 2392 4186 2460 bien
4243 2416 4536 2479 pourveu
4575 2415 4683 2477 que

2761 2472 2975 2558 iasoyt
3017 2494 3145 2557 que
3203 2473 3264 2540 le
3308 2473 3619 2542 Cardinal
3683 2476 3762 2543 de
3810 2477 4103 2544 Toumon
4144 2482 4560 2564 Areevesque
4612 2479 4682 2544 (16

2761 2558 2958 2707 Ιιὲ66
3023 2560 3116 2624 611
3179 2560 3379 2628 voulu
3440 2571 3768 2628 monstrer
3822 2584 3927 2629 ses
3990 2564 4219 2631 effortz
4285 2565 4384 2631 les
4461 2565 4682 2631 faisant

2762 2664 2800 2708 a
2846 2644 3111 2710 iourner
3168 2666 3252 2710 611
3310 2645 3633 2712 desertion
3650 2699 3666 2727 ,
3750 2650 4074 2734 toutefoys
4139 2650 4288 2717 leur
4351 2652 4587 2718 6666611
4647 2674 4682 2715 a

2762 2734 2995 2794 trouve
3038 2729 3173 2813 quil
3218 2739 3320 2795 est
3372 2730 3519 2813 plus
3575 2754 3701 2815 que
3754 2743 4031 2818 notoyre
4073 2757 4200 2819 que
4246 2734 4357 2803 des
4401 2757 4526 2820 que
4567 2736 4679 2801 telz

2760 2834 3026 2882 aoousez
3085 2826 3236 2881 sont
3288 2815 3622 2900 appellans
3676 2819 3812 2900 quil
3868 2841 3953 2886 66
4006 2821 4172 2887 fault
4229 2842 4442 2889 auoun
4496 2822 4681 2894 relies,

2761 2899 2908 2966 ains
2966 2909 3069 2966 661
3129 2899 3197 2965 16
3251 2911 3434 2966 court
3487 2901 3680 2969 saisie
3740 2902 3853 2971 des
3897 2905 3958 2972 16
4016 2927 4262 2973 16661116
4318 2909 4463 2973 iour
4526 2907 4680 2991 quilz

2759 2992 2911 3050 sont
2951 2984 3285 3069 appellans
3320 2994 3386 3050 61
3426 2986 3521 3055 166
3564 2988 3733 3054 116111
3774 3011 3942 3074 pour
3976 2992 4124 3059 bien
4159 2992 4412 3059 relevez
4450 3013 4680 3060 comme

2759 3079 2981 3136 estans
3025 3069 3175 3136 bien
3219 3091 3469 3155 grevez.
3559 3073 3752 3160 Quoy
3811 3097 3938 3159 que
3980 3079 4105 3144 soit
4147 3079 4332 3145 61666
4375 3099 4567 3147 661166
4605 3099 4679 3144 66

2759 3153 2909 3305 <pilus
2948 3177 3034 3222 66
3068 3155 3274 3222 moins
3308 3178 3435 3240 que
3458 3156 3557 3224 St.
3581 3160 3748 3225 Paul
3786 3160 4003 3244 quand
4046 3162 4095 3227 il
4129 3164 4387 3247 appella
4429 3188 4470 3231 a
4493 3165 4679 3231 Cesar

2804 3240 2998 3324 uquel
3040 3241 3103 3306 16
3146 3242 3293 3328 Roy
3339 3245 3634 3328 Agrippa
3698 3245 3792 3311 dit
3847 3247 3982 3330 quil
4038 3251 4307 3330 pouvoit
4362 3261 4535 3316 estre
4589 3271 4678 3314 es-

2759 3324 2947 3410 largy
2993 3337 3059 3392 et
3100 3327 3394 3394 relasohe
3450 3329 3534 3395 sil
3583 3340 3776 3397 1161161
3840 3332 4088 3415 appelle
4143 3335 4330 3400 audit
4368 3335 4573 3403 Cesar
4617 3347 4677 3401 61

2759 3430 2920 3492 pour
2966 3423 3138 3478 oeste
3191 3434 3384 3479 661166
3440 3415 3501 3480 16
3556 3415 3672 3480 seit
3730 3438 3953 3483 mener
4005 3440 4252 3486 comme
4309 3422 4488 3487 aiant
4544 3421 4675 3486 bien

2763 3495 2995 3563 relevo.
3083 3498 3176 3562 Et
3232 3500 3374 3565 6616
3437 3520 3507 3565 66
3565 3500 3873 3568 defendra
3931 3525 4163 3571 anoore
4235 3527 4352 3589 par
4403 3506 4500 3573 les
4552 3507 4672 3573 loix

2761 3593 3076 3647 6661111666
3119 3591 3186 3647 61
3225 3593 3481 3649 statutz.
3570 3586 3851 3653 Partant
3893 3588 3975 3654 sil
4021 3612 4181 3657 vous
4223 3591 4387 3675 plait
4419 3613 4504 3657 66
4539 3594 4671 3656 lair-

2760 3685 2865 3729 166
2908 3664 2989 3731 de
3030 3667 3190 3734 faire
3234 3669 3325 3735 les
3380 3672 3747 3752 poursuites
3805 3673 3993 3741 telles
4048 3696 4173 3759 que
4231 3699 4467 3743 verrez.
4553 3676 4671 3744 Car

2757 3769 2879 3832 par
2920 3769 2993 3815 66
3035 3772 3267 3836 moyen
3309 3754 3407 3819 les
3450 3757 3703 3838 princes
3745 3766 3813 3823 61
3854 3761 4194 3844 seigneurs
4252 3763 4333 3828 de
4374 3763 4438 3827 la
4479 3761 4670 3829 Court

2757 3834 2838 3900 (16
2881 3836 3098 3902 116666
3141 3849 3363 3905 6616111
3405 3842 3728 3908 1666161116
3760 3843 4073 3911 informez
4117 3847 4197 3914 de
4232 3848 4379 3931 plus
4413 3870 4493 3915 66
4532 3847 4670 3932 plus

2758 3919 2839 3986 de
2881 3919 2947 3986 la
2989 3942 3192 4007 vraye
3249 3925 3609 3993 confession
3674 3949 3799 4012 que
3854 3941 4196 3998 soustenez
4255 3945 4322 3998 61
4377 3944 4552 4000 tenez
4606 3945 4669 3998 et

2755 4026 2880 4089 que
2922 4005 3148 4072 lesdits
3182 4012 3633 4078 soustiennent
3672 4021 3738 4078 et
3771 4015 4072 4081 tiennent
4114 4029 4180 4083 et
4224 4019 4356 4102 quil
4393 4019 4546 4086 fault
4579 4031 4665 4084 te-

2754 4091 2862 4156 nir
2903 4101 2970 4158 61
3013 4096 3336 4160 666616611
3377 4097 3718 4164 attendant
3752 4098 4213 4169 ladvenement
4245 4116 4312 4169 et
4351 4106 4667 4190 ingoment

2755 4176 2841 4242 du
2885 4178 3096 4263 grand
3141 4178 3303 4264 Iuge
3389 4202 3464 4247 ar
3506 4181 3720 4267 lequel
3778 4197 4002 4252 661661
4056 4187 4317 4256 desniez
4362 4211 4517 4257 oeux
4559 4188 4663 4272 qui

2751 4260 3012 4329 lauront
3054 4263 3278 4331 desnie
3365 4277 3564 4332 evant
3604 4268 3699 4336 les
3739 4269 4049 4339 hommes.

2921 4350 3055 4416 Les
3099 4352 3500 4433 prisonniers
3551 4375 3737 4439 apres
3782 4358 3966 4424 avoir
4019 4380 4101 4426 eu
4159 4360 4344 4427 advis
4388 4382 4495 4428 sur
4535 4361 4663 4424 leur

2750 4432 3245 4502 adiournement
3299 4456 3489 4521 pares
3546 4439 3714 4522 quila
3767 4443 4170 4511 nentendent
4224 4445 4290 4512 16
4346 4446 4659 4532 praetique

2749 4654 2939 4738 :3282
2964 4657 3023 4725 1)
3062 4656 3203 4739 Q’eqt
3237 4671 3347 4726 par
3402 4673 3509 4712 une
3552 4661 3737 4730 simple
3784 4665 4087 4732 conjecture
4129 4683 4231 4737 que
4279 4684 4417 4724 nous
4454 4674 4656 4722 mertens

2749 4729 2880 4780 eene
2911 4731 3256 4796 memphen-
3310 4724 3394 4780 Le
3427 4732 3565 4783 texte
3587 4729 3653 4785 de
3674 4739 3801 4787 cette
3825 4734 3974 4802 putee
4007 4749 4075 4789 ne
4105 4737 4320 4800 som-nit
4343 4753 4516 4793 aucun
4546 4751 4652 4790 ren·

2749 4795 3069 4862 seiqnement
3102 4793 3274 4847 direct
3305 4798 3368 4848 ni
3400 4809 3499 4849 mr
3530 4812 3597 4853 66
3632 4798 3957 4856 destinationi
3990 4805 4054 4856 ni
4069 4819 4165 4857 sur
4184 4821 4248 4860 66
4284 4806 4421 4862 date.
4475 4805 4539 4860 Ge
4633 4803 4657 4855 i

2748 4877 2974 5000 ’im
2974 4862 3394 4986 «ξ”ἵιῗέὸὦέῗπ
3414 4864 4201 5004 ψοζέἴᾶἒῖξῖἰὲἴωῖθῖ
4231 4886 4652 5009 mnam&

2748 5012 2786 5051 a
2820 5014 2886 5053 eu
2920 4998 2987 5053 de
3025 4997 3332 5070 frequentes
3371 5017 3432 5055 re
3491 5004 3635 5058 tiens
3680 5010 3828 5059 entre
3871 5005 4032 5072 Lym»
4077 5014 4127 5064 ee
4165 5008 4371 5066 Genbve
4416 5028 4484 5067 au
4527 5007 4651 5074 sajet

2749 5065 2818 5122 de
2844 5067 3121 5136 plusieurs
3148 5084 3384 5139 pronepes
3417 5070 3484 5125 de
3508 5088 3804 5142 ρον-666666
3821 5072 4052 5131 arretino
4077 5094 4225 5146 pour
4257 5095 4420 5136 cause
4452 5079 4514 5133 de
4542 5078 4646 5131 reli·

2742 5135 2901 5205 yion,
2947 5141 2998 5191 ot
3029 5134 3075 5218 i}
3101 5153 3143 5207 y
3186 5143 3265 5192 m
3306 5144 3637 5196 mmmmm
3840 5144 3849 5156 '
3962 5142 4090 5199 d’tm
4135 5150 4298 5217 appel
4337 5147 4562 5214 interjac'
4603 5151 4649 5198 et

2748 5202 2884 5258 «Pan
2917 5218 3118 5271 surm,
3163 5222 3361 5263 eon-ue
3401 5210 3488 5264 ici.
3561 5208 3716 5265 Mau
3760 5223 3899 5266 nous
3944 5212 4216 5271 inclinans
4250 5217 4289 5271 ὰ
4319 5232 4504 5288 pensor
4533 5210 4652 5284 qu'n'l

2746 5270 2907 5343 θηρία
2942 5272 3019 5330 ι’σι·
3040 5273 3218 5343 plum
3248 5274 3490 5333 &anim
3515 5291 3811 5347 pamas
3842 5295 3944 5350 quo
3977 5281 4072 5339 des
4104 5286 4231 5357 cinq
4262 5286 4541 5343 eminam.
