4900 6167
595 463 715 526 251

592 659 730 725 tra,
785 648 956 711 sicut
1004 644 1485 730 praedicamus,
1554 643 1795 707 falsum
1852 662 1975 707 nos
2033 640 2223 706 docet
2272 640 2541 717 Paulus,

590 733 833 800 falsum
888 741 1170 798 testatur
1224 730 1541 796 Ieremias
1598 728 1793 792 claris
1849 747 1926 792 ac
1988 726 2252 791 disertis
2301 727 2539 792 verbis.

591 819 739 884 Imo
772 827 913 884 tota
946 819 1277 901 scriptura
1310 826 1503 880 vetus
1535 813 1693 897 quid
1728 811 1909 879 aliud
1940 813 2305 896 promittit?
2352 813 2544 876 Nova

590 905 752 989 quid
795 901 974 969 aliud
1017 902 1299 969 asserit?
1370 902 1515 985 Ego
1558 919 1717 965 vero
1760 899 1818 966 si
1851 907 2175 982 quantum
2220 897 2357 962 vidi
2400 919 2544 962 rem

591 1003 769 1057 recte
812 992 1103 1067 intueor,
1162 987 1429 1052 videtur
1480 988 1585 1050 vir
1641 985 1908 1050 omnino
1952 989 2317 1064 λογομαχεῖν.
2408 982 2542 1048 Sed
2591 1017 2596 1026 ·

592 1079 687 1142 ita
729 1076 955 1141 turbat
995 1075 1353 1141 ecclesiam.
1442 1072 1617 1136 Nam
1659 1071 1865 1135 bonae
1908 1083 2159 1134 mentes
2216 1070 2544 1151 incipiunt
2591 1101 2598 1114 ·

594 1161 925 1236 dubitare,
990 1181 1112 1227 nec
1170 1169 1418 1224 temere
1460 1158 1701 1223 dicere:
1771 1155 2098 1221 seducunt
2156 1177 2275 1220 nos
2321 1155 2539 1230 Pfaffi,

594 1250 765 1313 sicut
821 1249 1087 1332 priores.
1188 1245 1442 1310 Verum
1499 1265 1621 1327 ego
1672 1242 1754 1307 de
1816 1263 1920 1318 re,
1991 1263 2182 1324 quam
2246 1240 2540 1305 nondum
2591 1263 2598 1316 ς

590 1335 796 1417 probe
840 1332 1156 1415 intellige,
1202 1330 1481 1395 nimium
1526 1329 1799 1393 forsitan
1834 1327 2141 1392 balbutio.
2214 1328 2542 1408 Exspecto
2591 1335 2598 1398 1

592 1419 798 1505 igitur
856 1418 1145 1483 libellum
1217 1417 1609 1498 promissum
1679 1434 1761 1478 ex
1816 1414 2199 1496 Argentina.
2224 1417 2273 1488 ³2
2374 1412 2542 1475 Vale
2591 1417 2598 1486 Ι

592 1507 667 1571 111
710 1505 979 1571 Christo
1022 1524 1171 1569 cum
1224 1505 1372 1566 tuis.
1460 1500 1723 1565 Bonum
1777 1519 2025 1563 annum
2085 1511 2385 1581 optamus
2427 1518 2543 1561 vo·
2593 1553 2596 1566 .

594 1591 715 1668 bis,
760 1611 896 1673 ege,
944 1590 1213 1671 inquam
1234 1639 1249 1664 ‚
1296 1597 1363 1652 et
1406 1608 1572 1651 uxor
1614 1583 2117 1649 valetudinaria.
2205 1583 2542 1650 salutabis
2593 1645 2598 1680 Ι

594 1676 857 1741 nomine
900 1685 1123 1740 nostro
1170 1673 1562 1739 Pellioanum
1579 1722 1593 1748 ‚
1640 1670 2042 1748 Theodorum,
2090 1669 2541 1750 Rhodolphum,
2593 1693 2598 1734 !

600 1761 895 1827 Othonem
937 1771 1003 1825 et
1048 1760 1346 1843 reliquos.
1434 1758 1737 1823 Basileae
1790 1762 1883 1820 19.
1930 1756 2221 1820 Ianuarii
2278 1758 2453 1818 1552.

1414 1894 1597 1960 Tuus
1632 1891 1963 1958 Osualdus
2006 1892 2369 1976 Myconius.
2593 1945 2600 2056 Ι

1366 2189 1773 2198 -—————————-

1474 2405 1663 2476 1590.

991 2560 1464 2631 GALVINUS
1508 2559 2145 2628 BULLINGERO.

771 2736 1141 2803 Praemisso
1183 2735 1405 2815 aliqmz
1450 2733 1639 2798 laude
1680 2732 1753 2797 οι»
1795 2733 1934 2796 eius
1975 2732 2047 2795 in
2084 2751 2278 2797 causa
2327 2731 2544 2797 Gano-
2593 2701 2601 2842 i

590 2844 741 2891 rum
769 2824 1051 2905 fratrum
1092 2826 1407 2904 susceptos
1450 2818 1705 2897 labores,
1751 2819 1837 2917 ²⁰⁹⁸.
1861 2815 2113 2884 Bolseci
2154 2820 2386 2901 neyotio
2428 2819 2547 2881 mi-
2593 2857 2600 2872 ·

590 2913 759 2976 nime
798 2910 921 2976 sibi
963 2909 1364 2990 satisfactum
1409 2925 1541 2970 esse
1582 2925 1625 2969 a
1674 2903 2115 2969 Tmoensn‘bus
2156 2906 2438 2985 queritur
2490 2910 2546 2968 et

591 2998 765 3064 haud
798 2996 1049 3062 obscure
1083 3013 1272 3077 quam
1314 3012 1496 3075 asyro
1536 2990 1609 3057 id
1652 2991 1787 3071 ipse
1824 2990 1993 3072 ferat
2034 2991 2308 3055 ostendit.

588 3170 767 3234 (Anto
904 3168 1013 3222 hon
1040 3184 1145 3220 non
1172 3169 1369 3219 exstat-
1440 3162 1809 3216 Decet-ibimus
1844 3161 2125 3230 exemplu·
2157 3160 2438 3214 lenvillaei
2475 3176 2542 3214 ex

589 3239 722 3293 Ood.
761 3187 966 3292 genev.
1008 3234 1153 3300 1072,
1188 3235 1281 3288 iol.
1318 3231 1403 3286 52.
1470 3231 1636 3284 Aliud
1670 3239 1853 3284 exstat
1886 3230 2017 3283 ibid.
2051 3230 2144 3283 sol.
2181 3228 2266 3294 54,
2303 3229 2543 3284 eiusdem

586 3325 751 3360 manu
786 3312 1095 3370 exaratum,
1144 3302 1292 3356 aliud
1324 3300 1599 3355 Ἔπη-31131
1633 3298 1764 3353 Ood.
1802 3298 1933 3363 111,
1976 3299 2067 3352 fol.
2102 3296 2223 3362 259,
2260 3307 2376 3352 tum
2414 3300 2544 3353 Ber-

588 3392 755 3429 nense
780 3375 921 3443 Epp.
960 3373 1061 3429 VI.
1095 3370 1201 3425 347
1236 3366 2115 3497 318ἓ1ωὲἱ11ζο1ᾙ76ἑ16ῒ331133
2152 3384 2309 3421 versa
2342 3368 2544 3437 legitur

1200 3440 1256 3492 in
1364 3439 1422 3492 ’1.
1547 3437 1600 3491 ‘n
1642 3477 1656 3489 .
1750 3477 1761 3488 .
1906 3475 1918 3487 .

759 3612 955 3696 Quod
1018 3609 1242 3675 sedulo
1316 3610 1387 3673 in
1453 3606 1773 3692 placanda
1828 3607 2200 3672 Pharaonis
2256 3610 2463 3673 nostri
2493 3614 2543 3688 ¹)

586 3699 864 3766 saevitia
921 3697 1312 3780 miserisque
1364 3692 1680 3760 fratribus
1718 3693 2026 3758 iuvandis
2070 3692 2414 3772 laborasti,
2473 3696 2542 3759 in
2593 3745 2596 3756 .

584 3806 663 3850 30
722 3784 969 3851 33111331
1026 3793 1093 3848 13
1151 3780 1434 3848 eundem
1489 3799 1633 3845 esse
1703 3779 1995 3863 probasti
2054 3779 2169 3862 qui
2224 3780 2543 3848 hactenus
2593 3819 2596 3828 ·

585 3892 727 3936 esse
785 3869 1016 3936 solitus
1076 3891 1162 3935 33.
1252 3866 1437 3934 Satis
1492 3866 1671 3931 enim
1727 3866 2043 3930 memoria
2101 3875 2290 3932 teneo
2346 3888 2542 3949 quam
2591 3887 2596 3918 ι

585 3955 869 4021 fideliter
927 3977 1186 4040 semper
1239 3963 1309 4019 et
1372 3961 1637 4018 strenue
1696 3950 1765 4014 in
1811 3951 1983 4016 hanc
2038 3973 2301 4016 causam
2356 3953 2541 4017 incu-
2591 4001 2596 4040 :

585 4042 825 4107 bueris.
918 4041 1319 4124 Quanquam
1363 4059 1494 4104 non
1542 4037 1684 4102 sine
1727 4055 1927 4101 causa
1970 4058 2230 4116 vereor,
2270 4058 2351 4102 ne
2397 4036 2541 4102 lite·
2591 4081 2596 4110 .

582 4128 679 4193 ris
724 4149 959 4213 parum
1011 4127 1367 4210 profectum
1412 4125 1544 4202 sit,
1658 4144 1776 4187 uas
1829 4122 2092 4188 eludere
2151 4123 2379 4189 aulicis
2421 4145 2538 4188 no·

583 4234 745 4277 vum
792 4235 925 4279 non
970 4221 1087 4279 est.
1176 4211 1321 4275 Imo
1364 4210 1487 4276 hoc
1528 4209 1619 4274 mi
1673 4209 1687 4222 ⁶
1738 4228 1950 4292 nuper
1990 4209 2059 4273 in
2113 4230 2341 4274 aurem
2385 4231 2540 4275 con-
2591 4233 2596 4274 ι

584 4301 795 4363 fessus
850 4307 953 4364 est
996 4298 1201 4382 Regis
1242 4296 1611 4380 legatus,²)
1670 4315 1873 4377 quum
1930 4295 2057 4359 iter
2110 4293 2233 4359 1133
2275 4297 2537 4361 faceret.

584 4383 875 4449 Homine
915 4386 1133 4468 itaque
1177 4403 1345 4466 opus
1386 4391 1586 4460 esset,
1645 4381 1701 4447 si
1747 4380 1904 4463 quid
1958 4380 2309 4463 impetrare
2352 4382 2541 4446 volu-

584 4491 751 4535 mus.
841 4469 991 4551 Qua
1046 4469 1128 4535 de
1184 4489 1257 4534 13
1317 4467 1637 4551 agitatum
1690 4465 2003 4532 Badenae
2058 4466 2260 4533 fuisse
2325 4468 2538 4544 audio,

588 4554 705 4620 sed
762 4555 1144 4622 deliberatio
1212 4554 1326 4619 illa
1390 4553 1555 4618 forte
1598 4553 1883 4617 evanuit.
1976 4551 2081 4617 De
2140 4563 2255 4618 tua
2297 4554 2426 4619 fide
2470 4561 2541 4618 et

581 4640 921 4726 diligentia
963 4642 1056 4705 ita
1097 4663 1243 4706 sum
1286 4658 1666 4722 persuasus,
1728 4645 1805 4702 ut
1859 4660 2340 4723 supervacuum
2384 4659 2539 4705 cen-

582 4747 761 4793 seam
809 4727 1007 4792 verbo
1051 4748 1182 4792 uno
1225 4735 1293 4791 te
1336 4723 1695 4791 stimulare.

750 4813 836 4878 In
881 4812 1086 4878 altero
1130 4812 1386 4896 negotio
1408 4809 1461 4894 ³)
1509 4809 1759 4874 utinam
1820 4811 1909 4875 ita
1972 4812 2375 4877 satisfactum
2420 4832 2536 4876 no-

580 5106 709 5170 rm
790 5037 853 5120 β)
891 5035 984 5089 De
1022 5039 1259 5106 quonam
1314 5036 1568 5104 loquat&
1616 5030 1768 5084 'mad
1808 5032 1972 5095 sacae
2017 5030 2227 5094 dixeris
2272 5035 2334 5088 in
2377 5040 2536 5089 tanta

584 5122 768 5228 1511οέ.
797 5175 853 5240 1)
875 5146 1127 5229 'Hennes’
1160 5172 1230 5226 11.

790 5242 850 5305 2)
888 5241 1116 5298 noma
1151 5241 1219 5295 de
1255 5240 1506 5295 Manem.
1547 5238 1625 5292 N.
1666 5235 1812 5290 1599.

793 5311 844 5363 3.
880 5311 1095 5367 Bolsoei
1140 5310 1252 5364 scil.
1333 5307 1691 5364 Aca-bitom·
1745 5304 1913 5359 11111113
1964 5307 2261 5363 invectiva
2316 5309 2535 5374 frustm
2587 5351 2591 5382 ,

588 5395 851 5436 excusare
880 5386 1113 5436 comv-
1152 5379 1353 5448 Hem-y.
1389 5377 1487 5431 111.
1522 5374 1592 5430 56
1623 5380 1734 5430 not.
1769 5372 1805 5425 2
1838 5379 1891 5429 et
1922 5372 2006 5426 67.
2042 5382 2152 5432 not.
2186 5375 2238 5430 2.
2584 5413 2592 5438 ,

588 4957 625 4966 .-

2102 453 2630 520 ΕΡΙΒΤΟΙιΑΕ
2683 457 2963 518 1589-1
2979 457 3098 518 591

4465 458 4594 518 252

2589 669 2598 732 ς
2635 641 2744 705 ’1113
2783 642 2978 718 foret,
3038 649 3112 706 ut
3154 642 3296 705 sine
3336 643 3718 724 exceptione
3761 642 4004 724 grauns
4047 642 4166 707 tibi
4210 651 4278 706 et
4321 642 4600 724 collegis

2591 801 2598 812 Ι
2645 747 2839 802 agere
2880 748 3237 824 possemus.

3325 725 3458 792 Sed
3516 729 3668 810 quia
3720 748 3854 791 non
3909 728 4052 792 sine
4093 729 4326 794 acerbo
4369 728 4603 794 dolore

2645 821 2900 894 expert1
2953 834 3180 877 sumus
3235 814 3459 877 minus
3513 812 3860 896 aliquando
3913 834 4056 877 3333
4113 815 4184 877 111
4241 814 4432 880 vobis
4477 835 4603 879 au-

2646 898 2784 962 xilii
2840 919 3038 981 quam
3095 897 3366 981 polliciti
3419 899 3605 964 nobis
3661 899 4023 975 fueramus,
4083 899 4372 983 ingenue
4417 899 4604 984 apud

2646 993 2710 1047 te
2768 982 2837 1047 id
2902 986 3210 1066 conqueri
3261 984 3436 1048 malo
3489 1005 3682 1065 quam
3740 985 4164 1049 offensionem
4221 988 4401 1050 intus
4447 1007 4606 1068 pre·

2646 1068 2884 1133 mendo
2929 1070 3121 1135 alere.
3209 1068 3458 1135 Scribis
3501 1091 3618 1133 vos
3660 1071 3932 1135 miratos
3975 1091 4135 1147 esse,
4182 1093 4300 1135 eur
4343 1071 4429 1136 ab
4471 1071 4604 1135 im·

2646 1157 2846 1237 probo
2880 1167 2944 1219 et
2987 1165 3293 1237 protervo
3335 1153 3656 1219 nebulone
3693 1157 3914 1220 vexati
3949 1156 4029 1220 de
4065 1157 4360 1221 doctrina
4393 1176 4610 1240 quam

2646 1241 3169 1305 calumniabatur
3257 1251 3542 1306 vestram
3626 1241 4016 1305 sententiam
4097 1243 4608 1324 rogaverimus?

2647 1328 2880 1410 Longe
2924 1348 3044 1391 nos
3087 1327 3316 1391 fefellit
3368 1328 3612 1408 opinio:
3671 1348 3824 1391 nam
3880 1348 4080 1409 quum
4133 1328 4247 1391 ille
4306 1349 4431 1392 nos
4474 1329 4614 1392 im-

2648 1414 2794 1494 piae
2838 1413 3170 1477 doctrinae
3227 1433 3374 1477 reos
3412 1414 3682 1495 egisset,
3739 1412 4048 1477 iudicium
4098 1415 4280 1478 vobis
4324 1412 4613 1479 honoris

2647 1521 2844 1563 causa
2889 1498 3257 1562 detulimus.
3327 1498 3474 1563 Hoc
3518 1498 3701 1562 vobis
3744 1520 3861 1563 cur
3903 1498 4250 1563 molestum
4293 1520 4442 1564 esse
4487 1499 4616 1564 de-

2651 1585 2862 1649 buerit
2915 1605 3045 1648 non
3103 1583 3314 1648 videO.
3405 1582 3602 1648 Certe
3655 1595 3984 1666 utcunque
4049 1584 4294 1666 aliquid
4351 1584 4616 1654 laboris

2648 1670 3060 1734 subeundum
3120 1671 3312 1744 soret,
3368 1670 3556 1735 vobis
3609 1679 3830 1734 tamen
3883 1691 4014 1734 non
4058 1669 4218 1734 adeo
4260 1672 4618 1753 ingratum

2593 1767 2600 1852 Ι
2651 1756 2880 1839 putavi
2917 1757 3054 1819 fore
3076 1776 3244 1821 onus
3279 1755 3448 1837 quod
3484 1754 3792 1820 fratribus
3827 1757 4170 1820 levationis
4206 1757 4620 1822 tantundem

2595 1875 2600 1912 ;
2649 1842 2930 1905 afferret.
3003 1840 3254 1906 Scribis
3298 1863 3499 1924 grave
3541 1864 3682 1906 esse
3726 1840 4105 1923 simpliciter
4138 1840 4620 1924 disputationi-

2650 1928 2771 1992 bus
2816 1927 3252 2005 subscribere,
3307 1928 3690 2010 praesertim
3745 1948 3946 2010 quum
3990 1926 4125 1992 illic
4169 1928 4620 1994 inveniantur

2651 2033 2815 2095 quae
2859 2014 3063 2079 lector
3105 2014 3295 2078 aliter
3339 2023 3404 2077 et
3447 2014 3611 2077 forte
3650 2013 4051 2078 commodius
4093 2014 4362 2078 tractari
4408 2034 4620 2097 posse

2595 2095 2600 2118 '
2647 2099 2995 2164 existimet.
3083 2098 3290 2182 Atqui
3331 2120 3542 2181 neque
3584 2119 3870 2180 unquam
3914 2098 4192 2176 credidi,
4237 2120 4448 2182 neque
4497 2100 4626 2165 ho-

2649 2182 2754 2248 die
2797 2187 2995 2250 etiam
3038 2185 3348 2262 arbitror,
3394 2204 3512 2248 vos
3554 2205 3638 2248 ex
3683 2204 3906 2248 eorum
3952 2205 4094 2249 esse
4141 2207 4414 2250 numero
4459 2188 4624 2268 qui-

2649 2270 2772 2335 bus
2814 2280 3155 2354 tantopere
3199 2291 3318 2335 sua
3359 2269 3673 2352 placeant,
3719 2281 3797 2333 ut
3839 2270 4002 2333 nihil
4048 2270 4342 2335 alienum
4373 2271 4624 2355 legant

2648 2357 2790 2421 sine
2845 2355 3121 2421 fastidio.
3210 2356 3346 2421 Nec
3402 2376 3561 2420 vero
3627 2355 3970 2421 consilium
4028 2377 4249 2421 meum
4303 2357 4432 2420 fuit
4471 2357 4624 2421 for-

2649 2442 2898 2506 mulam
2933 2442 3119 2507 vobis
3154 2441 3398 2507 dictare
3432 2441 3538 2507 cui
3574 2442 3862 2524 praecise
3906 2440 4222 2507 subscribi
4259 2441 4622 2509 vellemus.

2650 2526 2828 2593 Satis
2871 2547 3193 2610 superque
3245 2536 3388 2592 erat
3431 2526 3793 2592 doctrinam
3849 2547 4046 2608 quam
4104 2549 4185 2591 ex
4229 2528 4429 2592 verbo
4477 2529 4625 2593 Dei

2650 2623 2984 2696 acceptam
3031 2623 3294 2678 tuemur
3327 2613 3577 2678 calculo
3615 2621 3832 2677 vestro
3869 2614 4161 2696 probari:
4208 2634 4420 2694 neque
4457 2635 4630 2698 age-

2650 2699 2842 2763 batur
2883 2721 3078 2781 quam
3124 2698 3353 2764 dextre
3411 2699 3519 2763 vel
3576 2707 3812 2782 argute
3855 2719 3894 2762 a
3949 2697 4136 2763 nobis
4180 2707 4462 2764 tractata
4513 2701 4627 2764 so·

2651 2793 2769 2849 ret.
2857 2783 3003 2850 Imo
3060 2804 3280 2850 crassa
3336 2793 3402 2848 et
3456 2786 3632 2848 omni
3691 2784 3968 2849 artificio
4035 2804 4239 2850 vacua
4297 2788 4627 2851 tractatio

2594 2903 2600 2920 ι
2649 2870 2934 2935 ostendit
2977 2891 3111 2936 non
3155 2869 3335 2935 aliud
3392 2870 3595 2934 fuisse
3637 2869 3822 2934 nobis
3866 2870 4298 2952 propositum,
4356 2871 4489 2934 nisi
4549 2885 4630 2936 ut

2649 2976 2887 3040 pravas
2929 2956 3216 3020 hominis
3255 2954 3616 3021 calumnias
3659 2953 4006 3020 refutando
4043 2965 4356 3022 testatum
4389 2958 4628 3034 fieret,

2648 3041 2816 3106 nihil
2859 3042 2990 3107 nisi
3034 3063 3117 3106 ex
3160 3063 3326 3126 puro
3371 3041 3550 3106 verbi
3584 3041 3711 3107 Dei
3756 3042 3936 3106 fonte
3971 3041 4282 3107 haustum
4328 3063 4451 3107 nos
4491 3042 4628 3108 do-

2647 3148 2813 3193 cere.
2902 3125 3096 3209 Quod
3133 3147 3551 3212 rogaveram,
3616 3148 3698 3190 ne
3757 3127 3940 3192 vobis
3998 3147 4202 3210 grave
4243 3137 4418 3194 esset
4461 3150 4628 3194 m

2648 3214 2956 3299 gistratui
3017 3222 3242 3278 nostro
3293 3214 3475 3295 quasi
3536 3213 3616 3278 de
3669 3234 3740 3278 13
3783 3234 3958 3278 nova
4016 3221 4083 3277 et
4137 3214 4402 3295 integra
4445 3212 4628 3281 dare

2647 3321 3035 3384 responsum
3052 3350 3068 3378 ‚
3112 3298 3536 3364 metuendum
3581 3319 3713 3363 non
3757 3307 3934 3377 erat,
3993 3318 4141 3363 meo
4181 3298 4427 3364 iudicio
4443 3351 4461 3378 ,
4546 3312 4628 3366 ut

2648 3387 2989 3469 quisquam
3032 3405 3150 3451 vos
3194 3384 3517 3450 mendacii
3559 3395 3882 3468 argueret.
3972 3383 4151 3464 Quid
4194 3385 4371 3450 enim
4414 3407 4626 3471 coge·

2648 3471 2762 3536 bat
2806 3472 3096 3556 profiteri
3142 3470 3222 3535 de
3263 3491 3391 3554 quo
3427 3491 3620 3534 nemo
3662 3471 4091 3553 quaesiverat.
4160 3471 4366 3553 Atqui
4409 3492 4624 3539 secus

2648 3558 2836 3623 vobis
2878 3578 3020 3623 esse
3064 3557 3278 3622 visum
3321 3556 3510 3621 facile
3552 3557 3802 3639 patior:
3873 3555 4068 3638 Quod
4107 3556 4498 3623 modestiam
4547 3561 4626 3625 in

2593 3669 2598 3718 ;
2647 3645 2836 3710 nobis
2879 3650 2946 3708 et
2992 3642 3468 3707 humanitatem
3511 3640 3924 3720 desideratis,
3969 3640 4124 3706 inde
4165 3642 4408 3708 factum
4456 3666 4625 3711 3333

2647 3729 3017 3814 colligimus
3093 3729 3248 3812 quia
3327 3728 3536 3794 literis
3611 3728 3856 3793 nostris
3927 3728 4145 3793 minor
4211 3728 4438 3794 habita
4509 3739 4628 3796 est

2593 3863 2596 3874 .
2649 3816 2808 3881 fides
2852 3836 3045 3897 quam
3094 3814 3379 3879 decebat.
3479 3814 3752 3879 Utinam
3795 3823 3968 3879 esset
4019 3812 4441 3897 Hieronymus
4503 3819 4626 3882 vir

2649 3924 2775 3966 non
2829 3901 3047 3966 malus
3066 3905 3120 3978 ⁴)
3185 3901 3447 3983 qualem
3505 3900 3690 3965 vobis
3741 3898 4223 3982 praedicarunt.
4324 3900 4626 3967 Utinam

2646 3987 2814 4069 quod
2861 3987 3103 4051 videris
3151 3987 3222 4051 in
3282 4006 3360 4051 eo
3418 3985 3964 4051 animadvertisse
4007 3986 4228 4050 omnia
4271 3983 4402 4050 Dei
4449 4008 4622 4072 gra-

2647 4074 2772 4136 tiae
2830 4074 3162 4137 tribueret.
3265 4071 3400 4138 Sed
3453 4073 3564 4155 qui
3621 4070 4040 4155 tranquillam
4097 4070 4439 4136 ecclesiam
4504 4097 4620 4139 se-

2591 4127 2596 4228 .
2644 4158 2874 4224 ditiose
2939 4159 3260 4236 turbavit,
3326 4158 3441 4241 qui
3484 4157 3738 4222 exitiali
3796 4156 4062 4222 dissidio
4121 4179 4240 4222 nos
4296 4157 4620 4225 scindere

2643 4255 2912 4310 conatus
2947 4254 3065 4320 est,
3109 4246 3218 4326 qui
3257 4265 3340 4308 ne
3377 4243 3707 4308 levissima
3744 4243 4004 4327 quidem
4043 4243 4284 4307 iniuria
4303 4263 4617 4327 unquam

2644 4339 3034 4414 provocatus
3091 4331 3269 4396 omni
3330 4329 3716 4414 probrorum
3785 4350 4027 4413 genere
4093 4350 4214 4394 nos
4270 4333 4615 4410 oneravit,

2644 4418 2755 4500 qui
2815 4415 3071 4500 publice
3128 4415 3514 4481 criminatus
3570 4424 3671 4479 est
3713 4414 3849 4480 Deo
3906 4414 4324 4499 tyrannicum
4384 4416 4616 4499 impe-

2645 4504 2820 4568 rium
2864 4524 2903 4567 a
2946 4502 3132 4568 nobis
3176 4501 3423 4584 affingi,
3467 4501 3599 4565 imo
3645 4500 3873 4566 Iovem
3916 4501 4242 4584 poeticum
4285 4500 4614 4569 fabricari

2644 4589 2772 4654 Dei
2830 4587 2966 4654 1030
2983 4639 2997 4665 ,
3067 4609 3218 4653 eum
3272 4595 3491 4652 vestro
3545 4589 3903 4670 patrocinio
3960 4584 4218 4651 defendi
4274 4606 4612 4671 perquam

2643 4673 2995 4740 absurdum
3040 4681 3156 4738 est.
3227 4671 3437 4737 Porro
3479 4694 3565 4738 an
3611 4672 3740 4740 Dei
3784 4674 4034 4756 gratiae
4078 4672 4326 4738 tribuat
4369 4676 4614 4740 omnia

2641 4761 2756 4844 qui
2806 4759 3146 4845 aequalem
3200 4759 3502 4824 omuibus
3561 4759 3842 4842 gratiam
3900 4758 4118 4823 offerri
4164 4759 4390 4834 iactat,
4453 4762 4612 4828 eius

2641 4859 2860 4911 autem
2881 4846 3236 4911 efficaciam
3273 4865 3355 4909 ex
3390 4844 3595 4910 libero
3629 4845 3942 4927 cuiusque
3977 4844 4246 4910 arbitrio
4282 4843 4607 4925 pendere,

2639 4933 2752 5014 qui
2810 4931 3110 4997 omnibus
3172 4931 3536 5013 promiscue
3608 4928 3803 4994 corda
3865 4950 4104 4994 carnea
4162 4927 4304 4993 dari
4360 4934 4607 5014 garrit,

2639 5018 2762 5084 hoc
2803 5027 2905 5084 est
2945 5017 3195 5100 gratiae
3237 5018 3513 5102 capacia,
3557 5023 3631 5080 ut
3673 5024 3890 5080 autem
3935 5016 4082 5096 quis
4125 5036 4268 5080 eam
4315 5017 4610 5099 recipiat

2639 5124 2723 5169 ex
2767 5104 3026 5187 proprio
3078 5103 3216 5167 eius
3270 5111 3451 5168 motu
3507 5121 3680 5172 esse,
3729 5111 3800 5164 tu
3844 5100 4102 5165 videris.
4191 5100 4274 5165 In
4332 5122 4612 5170 summa

2639 5189 2844 5274 ipsius
2899 5209 3094 5254 causa
3153 5189 3579 5255 vehementer
3633 5184 3806 5251 dolet
3861 5206 3984 5250 non
4041 5185 4376 5252 meliorem
4442 5207 4608 5255 esse

2647 5315 2802 5322 .-..-.—-

2843 5377 2903 5444 4)
2943 5377 3174 5433 Fauesa·
3207 5375 3392 5429 verba:
3428 5374 3496 5438 cs.
3535 5372 3611 5426 N.
3649 5372 3822 5445 1593.-
