4900 6167
701 431 822 494 187

695 614 935 683 dinarii
977 614 1224 682 iudices
1270 614 1352 681 ad
1394 616 1615 701 ignem
1657 637 1813 681 mox
1854 636 2103 699 rapere.
2178 614 2497 701 Cognatis
2537 635 2645 679 eo-

698 725 844 770 rum
904 704 1017 787 qui
1073 702 1152 767 de
1228 702 1365 766 vita
1417 702 1875 786 periclitantur
1932 701 2354 768 interdictum
2404 707 2508 766 est
2561 720 2649 763 ne

697 789 781 855 de
828 790 1034 855 reoari
1079 787 1363 853 audeant
1406 789 1531 854 nisi
1574 788 2053 854 haeretieorum
2088 788 2374 853 fautores
2417 785 2650 851 haberi

698 896 780 943 ve
810 876 922 940 'nt
1012 874 1113 939 Ne
1156 871 1373 939 desint
1414 872 1735 940 incendiis
1776 873 2056 951 flabella,
2102 873 2302 938 tertia
2344 892 2497 955 pars
2541 870 2651 936 bo-

696 983 930 1027 norum
989 959 1476 1026 accusatoribus
1530 959 1871 1025 addicitur.
1962 957 2039 1025 Si
2093 959 2203 1041 qui
2245 957 2494 1025 iudices
2549 957 2649 1022 vi·

700 1046 979 1113 deantur
1045 1046 1324 1111 nimium
1400 1044 1657 1111 remissi
1721 1043 1802 1109 ab
1866 1045 1997 1111 illis
2060 1066 2273 1127 poena
2337 1042 2645 1127 exigitur.

699 1132 989 1200 Cavetur
1031 1153 1115 1197 ne
1158 1152 1319 1215 quos
1377 1130 1565 1215 regni
1605 1130 2033 1197 cancellarius
2079 1128 2162 1195 ad
2207 1129 2467 1213 publica
2508 1128 2650 1193 offi-

696 1220 800 1285 cia
842 1217 1145 1283 admittat
1188 1218 1299 1299 qui
1342 1215 1450 1281 vel
1495 1215 1625 1281 levi
1669 1217 2036 1298 suspicione
2072 1236 2363 1299 unquam
2399 1214 2650 1298 aspersi

697 1304 959 1382 fuerint,
1006 1327 1079 1369 ac
1127 1324 1211 1367 ne
1232 1303 1376 1385 quis
1397 1302 1670 1386 posthac
1698 1305 1821 1366 nisi
1843 1302 2109 1367 Christo
2131 1302 2411 1366 infestus
2431 1300 2647 1365 locum

696 1391 769 1456 in
815 1389 1070 1455 iudiciis
1113 1396 1399 1472 occupet.
1474 1387 1867 1470 Quicunque
1911 1388 1994 1453 ad
2037 1409 2280 1452 munus
2314 1386 2648 1469 publicum

698 1475 1031 1559 adspirant
1073 1474 1384 1540 iubentur
1426 1473 1661 1539 offerre
1698 1473 2051 1538 multorum
2086 1472 2462 1537 testimonia
2505 1472 2647 1554 qui-

695 1563 820 1628 bus
863 1583 934 1626 se
977 1561 1405 1642 obsequentes
1450 1580 1758 1623 romanae
1794 1560 2103 1624 ecclesiae
2146 1558 2315 1623 filios
2349 1558 2646 1641 probent.

698 1646 777 1713 Si
820 1648 966 1730 quis
1000 1646 1303 1711 fefellerit
1338 1666 1547 1729 poena
1580 1644 2220 1710 commendatoribus
2254 1644 2645 1741 iniungitur.

696 1734 925 1799 Poena
994 1732 1193 1797 etiam
1270 1728 1642 1796 civitatibus
1719 1730 1995 1795 edicitur
2062 1750 2229 1813 quae
2300 1738 2648 1814 magistros

699 1819 1029 1903 suffragiis
1064 1818 1431 1883 creaverint
1453 1816 1879 1881 Lutheranae
1924 1815 2258 1884 doctrinae
2303 1816 2410 1879 vel
2455 1815 2646 1880 mini-

698 1927 883 1969 mum
926 1911 1275 1986 suspectos.
1367 1901 1711 1986 Supremis
1752 1902 1950 1965 curiis
1991 1901 2099 1967 lex
2143 1902 2534 1984 imponitur,
2593 1901 2648 1966 si

699 1991 811 2073 qui
858 1989 1209 2055 consiliarii
1257 1988 1587 2053 doctrinae
1648 1997 1906 2053 nostrae
1949 1988 2171 2056 favere
2216 1988 2337 2053 visi
2383 1988 2645 2064 fuerint,

699 2085 776 2141 ut
798 2099 866 2141 se
891 2074 1313 2140 iureiurando
1336 2085 1633 2158 purgent.
1708 2073 2024 2139 Iubentur
2053 2094 2279 2138 omnes
2312 2072 2506 2137 deum
2532 2094 2648 2157 pa-

704 2182 979 2226 naceum
1013 2161 1205 2226 solito
1241 2160 1555 2225 intentius
1592 2159 1778 2224 flexis
1816 2159 2089 2242 genibus
2121 2159 2409 2224 adorare.
2460 2159 2651 2223 Man-

699 2248 894 2312 datur
938 2247 1236 2330 parochis
1281 2253 1355 2309 ut
1391 2245 1668 2329 singulis
1703 2244 1929 2310 diebus
1965 2243 2304 2310 dominicis
2339 2244 2649 2309 articulos

699 2333 1093 2398 Sei-bonicos
1137 2351 1254 2413 pro
1301 2337 1613 2415 suggestu
1648 2328 1731 2393 ad
1775 2329 2091 2413 populum
2142 2330 2382 2415 legant,
2427 2337 2505 2394 ut
2555 2331 2650 2395 ita

698 2421 985 2484 solennis
1006 2417 1256 2482 Christi
1286 2416 1633 2500 abnegatio
1664 2414 1902 2497 ubique
1929 2425 2250 2498 personet.
2294 2416 2482 2480 Bona
2502 2419 2648 2478 'om-

697 2507 881 2569 nium
921 2504 1033 2584 qui
1071 2503 1153 2568 ad
1188 2525 1309 2565 nos
1343 2503 1714 2585 migrarunt
1748 2501 1901 2568 fiseo
1937 2500 2411 2579 adiudicantur,
2447 2503 2648 2566 etiam

699 2592 759 2656 si
806 2591 1076 2653 vendita
1116 2607 1271 2653 ante
1314 2586 1668 2653 discessum
1715 2597 1829 2652 aut
1870 2587 2104 2669 quovis
2138 2586 2329 2652 modo
2367 2586 2652 2652 alienata

698 2676 973 2752 fuerint,
1043 2674 1171 2738 nisi
1237 2672 1480 2739 iudices
1544 2682 1937 2758 cognoscant
2004 2674 2128 2737 rite
2183 2685 2334 2738 ante
2396 2674 2650 2740 facinus

700 2761 920 2827 animo
978 2767 1363 2843 conceptum
1421 2758 1688 2824 vendita
1730 2777 1890 2824 esse.
1981 2758 2257 2824 Genera
2309 2758 2442 2824 illic
2499 2759 2649 2842 plus

698 2847 945 2926 decies,
1018 2866 1276 2929 semper
1339 2843 1560 2910 addito
1618 2844 1861 2929 insigni
1916 2843 2183 2927 probro,
2251 2844 2644 2911 nominatur.

697 2932 952 2998 Verum
995 2931 1191 2998 simul
1233 2928 1566 2996 adduntur
1605 2928 1746 2995 loca
1786 2931 2006 2995 omnia
2039 2931 2111 2995 in
2144 2930 2381 3014 quibus
2418 2952 2459 2994 a
2494 2928 2648 2996 sede

696 3039 970 3086 romana
1009 3019 1183 3086 facta
1224 3024 1326 3083 est
1368 3014 1690 3082 discessio.

871 3104 1065 3170 Hanc
1110 3102 1455 3169 saevitiam
1500 3122 1762 3168 necesse
1808 3111 1907 3168 est
1942 3109 2016 3167 ut
2049 3109 2357 3186 sequatur
2391 3102 2646 3186 gravis-

696 3194 865 3259 sima
908 3189 1330 3275 perturbatio.
1420 3188 1513 3252 Et
1568 3187 1703 3253 iam
1756 3189 2000 3270 passim
2046 3188 2303 3254 accensi
2346 3196 2507 3252 sunt
2548 3188 2649 3272 ig·

698 3298 836 3354 nes,
856 3278 916 3348 ⁴)
956 3283 1022 3342 et
1063 3275 1212 3339 viae
1253 3295 1480 3340 omnes
1522 3272 1901 3340 obsidentur
1935 3295 2018 3339 ne
2051 3274 2199 3357 quis
2234 3274 2305 3337 in
2338 3273 2463 3340 hoc
2496 3293 2646 3358 asy-

697 3363 837 3428 lum
878 3360 1225 3445 confugiat.
1315 3359 1394 3426 Si
1435 3381 1564 3444 qua
1606 3359 1690 3424 ad
1722 3359 1999 3425 miseros
2051 3359 2288 3426 fratres
2329 3358 2649 3425 levandos

700 3471 771 3515 se
816 3444 1190 3512 ostenderet
1234 3446 1398 3511 ratio
1441 3466 1575 3530 non
1616 3444 2023 3528 parcendum
2057 3457 2229 3511 esset
2262 3443 2490 3513 labori.
2558 3446 2650 3510 Et

697 3536 831 3600 iam
875 3534 1044 3597 istuc
1081 3531 1164 3596 ad
1208 3530 1595 3614 capiendum
1638 3530 1979 3597 eonsilium
2033 3531 2361 3618 profectus
2416 3552 2647 3610 essem,

702 3620 831 3685 nisi
874 3616 1176 3701 precibus
1219 3625 1590 3682 vestrorum
1635 3614 1932 3683 occlusus
1975 3624 2148 3682 esset
2188 3616 2311 3683 hoc
2355 3625 2648 3701 tempore

700 3705 934 3770 aditus.
954 3702 1014 3786 θ)
1066 3704 1160 3768 'I'e
1196 3702 1621 3768 nihilominus
1655 3723 1773 3786 per
1794 3701 2045 3768 Christi
2081 3722 2321 3768 nomen
2356 3704 2650 3770 obtestor

700 3798 777 3855 ut
818 3787 1044 3856 sedulo
1097 3788 1320 3854 omnia
1372 3787 1876 3871 circumspicias·
1976 3787 2110 3855 Sed
2170 3788 2251 3854 ab
2318 3788 2399 3854 iis
2421 3789 2474 3875 ⁶)
2534 3789 2647 3872 qui

700 3889 836 3940 tam
882 3893 1109 3940 secure
1170 3876 1240 3938 in
1295 3894 1413 3939 suo
1467 3872 1757 3958 periculo
1810 3872 2108 3939 desident
2163 3872 2318 3958 quid
2376 3874 2650 3940 remedii

702 3958 1098 4044 sperandum
1143 3962 1228 4026 sit
1270 3982 1406 4026 non
1460 3957 1666 4026 video.
1758 3958 1936 4041 Quid
1979 3960 2103 4026 hoc
2157 3963 2447 4043 portenti
2501 3970 2601 4026 est
2617 3961 2648 4020 ‘?

702 4046 984 4113 Gladius
1038 4044 1121 4111 ad
1180 4067 1297 4111 nos
1339 4047 1362 4110 i
1528 4044 1736 4111 andos
1778 4045 2038 4112 acuitur
2052 4097 2068 4124 ,
2125 4054 2194 4110 et
2233 4045 2653 4113 consultatio-

702 4135 854 4199 nem'
910 4131 1146 4197 tratres
1208 4151 1357 4198 cum
1428 4131 1713 4198 ratribus
1755 4131 2059 4215 fugimus.
2150 4130 2504 4197 Caeterum
2549 4133 2655 4197 his

702 4217 1109 4284 documentis
1154 4214 1236 4280 ad
1279 4217 1575 4301 figendos
1626 4218 1698 4282 in
1743 4216 1994 4283 coelum
2054 4217 2273 4285 oculos
2316 4219 2653 4285 assuefieri

701 4325 825 4370 nos
868 4302 1070 4370 decet.
1090 4305 1149 4386 ⁷)
1239 4301 1459 4383 Quam
1506 4324 1733 4369 vereor
1780 4325 1867 4368 ne
1911 4302 2108 4369 huius
2168 4303 2377 4370 nostri
2437 4311 2655 4387 torpo-

700 4391 791 4457 ris
848 4390 1029 4456 brevi
1090 4389 1368 4454 maiores
1427 4388 1684 4453 luamus
1740 4410 1984 4472 poenas
2038 4410 2233 4471 quam
2293 4388 2655 4473 optandum

702 4487 897 4541 esset.

874 4561 1013 4626 Nec
1052 4582 1207 4625 vero
1248 4561 1450 4624 miror
1492 4560 1563 4623 in
1608 4559 2019 4642 reprimendo
2072 4560 2359 4626 hostium
2400 4559 2654 4626 insultu

905 4729 962 4796 4)
1000 4731 1143 4784 Hist.
1181 4732 1303 4786 ecel.
1337 4732 1383 4785 1.
1418 4728 1487 4783 84
1523 4744 1579 4784 se
1613 4746 1664 4800 q.

907 4799 966 4864 5)
1006 4799 1083 4853 ad
1104 4798 1301 4868 Beaem
1335 4800 1449 4855 scil.
1478 4828 1543 4837 —-
1568 4746 1781 4867 anolus
1823 4798 2011 4852 aliter.-
2048 4796 2153 4851 had
2188 4796 2214 4850 I
2252 4805 2351 4854 not
2386 4801 2524 4853 been
2564 4817 2655 4852 ex·

702 4870 895 4925 clnded
932 4884 1112 4922 necess
1146 4875 1204 4922 to
1241 4884 1349 4937 you
1386 4869 1459 4938 by
1496 4884 1635 4938 your
1668 4867 1978 4920 entresties.

910 4937 963 5004 6>
1001 4936 1313 5006 Scripserat
1354 4938 1620 5005 primum.-
1682 4936 1871 4989 vicinis
1921 4937 2149 5003 nostris,
2192 4936 2337 4990 unde
2384 4935 2655 4991 Bernatee

706 5007 918 5076 notari,
964 5022 1077 5061 non
1118 5007 1396 5075 prinoepes
1435 5004 1764 5069 Germanos,
1809 5005 2076 5071 fortassis
2117 5005 2321 5075 aliquis
2353 5006 2655 5066 coniecerit,

704 5093 802 5131 nee
840 5076 1104 5130 immerito
1139 5076 1193 5128 si
1223 5076 1503 5145 sequentia
1536 5074 1852 5140 respexeris.

911 5143 963 5205 7)
998 5143 1113 5200 Hic
1146 5145 1505 5215 sequebantur
1537 5143 1668 5197 haec
1706 5144 1867 5198 verba
1883 5144 1954 5198 ab
1986 5149 2177 5198 autore
2209 5142 2407 5198 deleta:
2442 5143 2655 5196 Vereor

708 5229 776 5264 ne
812 5213 999 5266 eadem
1035 5214 1243 5267 incuria
1277 5213 1523 5266 desertus
1557 5211 1630 5266 sit
1664 5213 1785 5280 pius
1818 5213 1991 5267 frater
2008 5213 2093 5266 eui
2128 5212 2197 5266 de
2232 5213 2402 5266 nihilo
2439 5211 2654 5266 molesti

706 5287 836 5335 sunt
896 5282 989 5350 qni
1039 5282 1337 5336 levissimas
1402 5297 1645 5351 quasque
1711 5282 1956 5335 certandi
2008 5282 2314 5337 occasiones
2372 5287 2653 5335 venantur.

715 5347 869 5418 Quae
904 5350 980 5405 ad
1023 5351 1262 5407 Vin-emm
1294 5357 1538 5420 spectare
1618 5351 1628 5363 '

2188 423 2710 495 EPISTOLAE
2757 429 3176 492 1535—1539

4559 433 4662 495 188

2750 623 2887 679 tam
2953 636 3094 681 esse
3150 612 3371 680 tardos
3471 613 3685 680 uando
3736 616 3807 681 in
3860 614 4074 681 medio
4130 615 4278 681 sinu
4333 616 4663 683 nebulones

2748 698 2972 766 fovent
3012 721 3129 784 per
3171 722 3334 784 quos
3380 699 3699 767 scinditur
3741 709 3809 767 et
3850 701 4176 770 laceratur
4218 700 4487 769 ecclesia
4525 701 4660 768 hos-

2750 785 3047 869 tiumque
3066 784 3348 853 ludibrio
3371 787 3735 870 exponitur.
3785 787 3910 853 Est
3930 786 4401 853 Dominieanus
4421 786 4665 871 quidam

2750 893 2834 937 ex
2878 891 3077 937 coeno
3122 892 3242 938 suo
3285 872 3476 939 malis
3510 873 3814 956 auspiciis
3848 894 4140 939 emersus
4173 873 4356 939 verbi
4390 874 4667 938 minister

2749 958 2820 1023 in
2864 979 3032 1057 pago
3077 958 3311 1023 vicino.
3334 961 3388 1033 ⁸)
3477 958 3546 1024 Is
3589 979 3808 1024 coram
3861 957 4149 1026 iudicum
4208 979 4506 1025 consessu
4555 957 4667 1024 cla-

2750 1043 3030 1122 mitavit,
3075 1043 3200 1110 sibi
3239 1063 3492 1109 mecum
3538 1052 3606 1109 et
3646 1066 3794 1110 cum
3831 1045 4102 1111 ecclesia
4137 1044 4512 1110 Gencvensi
4543 1064 4668 1110 esse

2750 1127 3121 1196 dissidium:
3193 1130 3389 1212 idque
3442 1129 3598 1196 fecit
3652 1130 3840 1196 nulla
3892 1131 4227 1197 occasione
4285 1139 4667 1213 provocatus.

2748 1215 2888 1282 Nec
2931 1236 3007 1281 eo
3051 1225 3395 1284 contentus
3451 1214 3744 1281 chartam
3787 1215 3992 1281 foedis
4035 1218 4344 1284 conviciis
4388 1218 4671 1283 refertam

2750 1301 3052 1383 protulit,
3110 1301 3218 1366 ubi
3277 1301 3424 1385 plus
3468 1301 3668 1367 vicies
3710 1323 3817 1367 me
3861 1302 4184 1368 hostiliter
4225 1303 4670 1387 proscindebat.

2749 1387 2852 1452 Re
2894 1388 3157 1471 cognita
3200 1386 3465 1452 domum
3510 1388 3820 1453 remissus
3862 1397 3980 1453 est.
4068 1388 4263 1455 Nunc
4306 1390 4672 1472 impunitate

2751 1471 2960 1537 faetus
3018 1472 3324 1539 audacior
3387 1493 3518 1537 non
3577 1474 3795 1539 minus
3849 1474 4147 1539 ferociter
4202 1475 4367 1540 mihi
4417 1473 4672 1540 insultat

2752 1579 2947 1641 quam
3003 1559 3372 1624 Tridentini
3443 1559 3696 1626 concilii
3754 1561 4076 1643 quispiam
4143 1561 4420 1626 satelles.
4505 1560 4671 1625 Haec

2751 1653 2851 1709 est
2894 1644 3198 1710 ecclesiae
3241 1648 3606 1710 communio
3658 1667 3851 1728 quam
3907 1669 4022 1712 nos
4089 1645 4378 1730 quotidie
4433 1646 4674 1729 profite-

2752 1752 2914 1816 mur.
2986 1729 3234 1795 Omitto
3277 1729 3406 1795 alia
3448 1751 3584 1795 non
3621 1731 3838 1796 minus
3882 1732 4155 1817 indigna
4189 1752 4356 1816 quae
4389 1753 4513 1796 non
4547 1730 4674 1796 sine

2751 1836 3046 1881 moerore
3102 1815 3361 1881 devoro,
3464 1815 3856 1900 Quanquam
3914 1839 4049 1882 non
4108 1834 4244 1883 tam
4298 1838 4446 1883 mea
4500 1835 4676 1881 causa

2751 1922 3016 1967 moveor
3081 1924 3279 1985 quam
3346 1902 3637 1986 publica,
3712 1900 3884 1986 quod
3945 1914 4078 1968 tam
4138 1904 4476 1971 confusam
4531 1909 4594 1966 et
4641 1920 4676 1963 a

2750 1986 3016 2138 Chii-isto
3061 1988 3343 2054 alienam
3387 1987 3872 2071 dissipationem
3930 1987 4041 2054 diu
4097 1998 4272 2055 stare
4327 2012 4457 2055 non
4512 2006 4678 2070 posse

2753 2074 2817 2138 vi
2865 2078 3002 2139 eo.⁹

2922 2079 3111 2237 Vtile,
3157 2160 3402 2243 optime
3457 2168 3524 2223 et
3566 2159 3732 2224 mihi
3776 2161 4076 2244 inprimis
4119 2159 4520 2227 observande
4560 2157 4678 2221 fra·

2753 2253 2871 2311 ter.
2963 2245 3291 2311 Dominus
3338 2266 3452 2310 vos
3506 2264 3733 2310 omnes
3788 2255 3975 2331 regat
4018 2267 4279 2330 semper
4323 2255 4679 2325 vestrosque

2749 2331 2890 2414 pios
2934 2340 3205 2398 conatus
3261 2328 3605 2397 benedicat
3655 2338 3723 2396 et
3776 2330 4097 2415 praesidio
4154 2341 4393 2398 servet.
4479 2328 4679 2396 Gene-

2750 2437 2870 2482 vae
2914 2416 3141 2483 Idibus
3185 2416 3411 2483 Octob.
3463 2420 3648 2481 1551.
3736 2415 3970 2483 Saluta
4026 2438 4171 2483 meo
4228 2417 4492 2484 nomine
4548 2412 4680 2480 dili-

2749 2510 2982 2587 genter
3015 2502 3090 2568 D.
3125 2502 3553 2581 Theodorum,
3601 2503 3682 2568 D.
3728 2502 4155 2582 Pellicanum‚
4189 2504 4272 2569 D.
4304 2501 4678 2570 Galtherum

2751 2597 2820 2654 et
2860 2587 3142 2672 reliquos
3186 2589 3435 2654 fratres.
3464 2591 3548 2670 ¹⁰)

3663 2674 3948 2741 Ioannes
3993 2674 4311 2742 Calvinus
4357 2683 4521 2739 tuus.

3519 2983 3922 2995 Ἣ.-

3633 3237 3827 3307 ¹53⁶.

3079 3391 3287 3457 ΤΗΟ.
3335 3393 3900 3461 BLAURERUS
3945 3394 4381 3479 cimmo

2932 3563 3260 3630 Occasione
3298 3563 3454 3645 forte
3496 3564 3697 3630 oblata
3737 3566 3976 3632 salutat
4017 3568 4226 3631 virum
4286 3565 4588 3648 insiyraem
4629 3560 4679 3619 et

2750 3651 3009 3750 scriptis
3041 3654 3097 3714 et
3134 3648 3314 3731 fama
3368 3648 3496 3715 sibi
3537 3653 3843 3732 aequitum
3885 3654 4062 3733 eique
4116 3651 4390 3733 fratrem
4437 3645 4677 3712 Ambro-

2752 3756 2926 3802 smm
3365 3782 3377 3795 .

3046 3906 3158 3969 (Ex
3194 3905 3532 3975 autographo
3568 3907 3698 3961 Ood.
3736 3909 3935 3962 Gener.
3978 3907 4093 3970 110,
4130 3909 4223 3962 fol.
4263 3905 4412 3972 138.)

2959 4180 3019 4244 8)
3061 4178 3404 4233 Mam-icium
3456 4180 3545 4234 hic
3594 4181 3787 4235 notari
3833 4180 3950 4235 luce
3997 4180 4203 4235 danna
4237 4181 4447 4235 darius
4491 4181 4587 4239 oet,
4636 4175 4681 4224 ἅ

2757 4266 2892 4306 sane
2930 4249 3148 4303 mireris
3181 4248 3488 4303 Bam-etum
3533 4249 3780 4318 alioquin
3826 4249 4191 4304 doctissimum
4238 4251 4351 4314 (ed.
4401 4245 4597 4303 Edant.
4625 4256 4676 4320 ρ-

2756 4319 2887 4384 306)
2924 4319 3012 4373 hic
3047 4317 3331 4371 Bolseeum
3369 4317 3585 4382 vidisse,
3622 4319 3786 4388 quasi
3817 4319 3869 4372 is
3902 4315 4056 4373 verbi
4086 4320 4333 4372 minister
4370 4324 4419 4372 et
4443 4313 4677 4369 Donum-

2757 4404 2931 4445 caum
2963 4403 3002 4440 ιι
3236 4386 3447 4453 fuisset.

2962 4454 3016 4523 9)
3055 4403 3176 4509 goe
3208 4455 3323 4509 loeo
3357 4457 3688 4523 empurqavit
3715 4457 3993 4525 sequentia
4025 4471 4165 4525 quae
4196 4473 4289 4523 ap.
4327 4454 4605 4511 semlerum
4635 4449 4682 4500 d

2759 4527 3066 4580 Bonnetum
3099 4539 3211 4578 non
3429 4539 3525 4577 ur.-
3560 4523 3829 4578 Privatim
3865 4524 4091 4579 eandem
4127 4524 4516 4578 humanitatem
4535 4516 4678 4594 lode-

2757 4611 2851 4648 cus
2886 4610 3058 4674 nuper
3094 4592 3348 4645 ostendit.
3418 4591 3649 4646 Bernsm
3685 4594 3810 4648 hinc
3845 4609 4092 4648 reversus
4126 4605 4211 4646 est
4245 4595 4371 4662 prin
4440 4607 4557 4645 uam
4590 4600 4679 4639 σοι·

2758 4669 2843 4717 ret
2877 4678 3163 4743 qmsquam
3197 4660 3426 4714 h-atrnm
3461 4662 3616 4715 nobis
3633 4664 4115 4743 appropinquasse.
4167 4664 4318 4716 Bene
4352 4663 4424 4715 ha
4463 4669 4518 4714 et
4550 4650 4680 4724 quod

2757 4734 2864 4785 iam
2900 4731 3149 4786 omnibus
3186 4731 3264 4783 ita
3299 4737 3460 4785 notus
3495 4738 3577 4784 est
3615 4738 3676 4784 ut
3710 4747 3908 4784 amicos
3944 4747 4159 4800 quoque
4183 4731 4298 4784 eius
4334 4729 4562 4784 maxime
4594 4739 4679 4792 pu-

2756 4802 2899 4855 deat.
2971 4799 3244 4853 Masculus
3279 4807 3336 4852 et
3369 4798 3634 4867 Hallerns,
3671 4816 3704 4853 o
3745 4799 3862 4853 timi
3897 4798 4109 4863 fratres,
4147 4817 4312 4870 quum
4349 4800 4481 4853 haec
4514 4793 4681 4868 videet

2797 4887 2858 4924 ‘⁰
2893 4868 3586 4991 astruximu-
3612 4817 3879 4990 -.}}}¹·¹::;¹.
3902 4871 4262 4991 sirm&
4299 4867 4679 4992 baffia.

2756 4956 2939 5061 ¹:302
2991 5021 3112 5057 cum
3159 4954 3360 5059 tzibus
3390 4955 3661 5060 (iixionsst‘i-lis
3706 4953 3976 5059 inflores-2⁸22
4027 4954 4335 5060 cdzbt‘imffi
4385 4975 4678 5057 luctandum

2756 5082 2858 5131 est.
2929 5073 3020 5127 De
3055 5071 3406 5129 Kachmeieri
3434 5077 3631 5129 itinere
3670 5072 3972 5129 Genevensi
4003 5074 4127 5129 vide
4159 5091 4334 5143 supra
4371 5073 4445 5128 N.
4486 5064 4628 5148 1525».

2933 5142 3024 5204 10)
3067 5140 3285 5212 Scripta
3330 5149 3409 5198 est
3449 5142 3633 5211 pridie
3681 5142 3832 5197 illiue
3878 5143 3992 5197 diei
4177 5143 4389 5200 Bolsem‘
4423 5142 4678 5209 neqomfl

2753 5215 2817 5266 in
3019 5217 3266 5280 cautione
3298 5213 3509 5280 witon·
3536 5212 3734 5278 coepit,
3777 5212 3876 5265 ubi
3917 5217 3969 5264 et
4058 5213 4262 5266 arellius
4293 5211 4486 5267 aderat
4521 5204 4680 5277 (099·

2752 5281 2849 5406 ἐν
2972 5282 3013 5335 1.
3042 5296 3101 5349 p.
3139 5280 3264 5346 145)
3301 5281 3459 5336 cuius
3490 5296 3683 5334 nomen
3726 5287 3774 5333 et
3810 5280 4167 5336 salutationes
4198 5283 4288 5337 liic
4323 5280 4520 5348 aliquis
4551 5273 4677 5328 dw-

2850 5367 2944 5405 are
2975 5358 3169 5419 posset.
