4900 6167
260 422 329 483 33
1962 421 2117 482 1551
2166 418 2539 488 IANUAR.
4157 443 4240 504 34

256 633 353 679 eos
406 608 669 675 honoris
724 607 1002 692 gradum
1055 608 1394 680 extulerit,
1467 627 1850 690 quocunque
1919 617 2180 690 praeter

252 703 341 766 ius
381 708 446 764 et
486 695 584 764 fas
630 691 933 779 progredi
979 694 1226 768 iubeat,
1283 693 1447 759 nihil
1517 690 1826 758 audacius
1870 691 2000 757 illis
2043 692 2179 757 fore

251 786 421 851 novit
461 783 562 848 vel
608 783 695 847 im
788 783 1063 847 rtunius.
1157 779 1258 845 Ad
1321 781 1479 846 haec
1534 779 1829 844 futurum
1887 797 2021 843 non
2079 778 2179 861 ig-

250 884 453 944 norat,
525 878 602 933 ιιι
656 888 701 950 p
731 868 955 951 erique
1011 865 1288 932 famelici
1348 885 1542 931 canes
1599 863 1828 929 eadem
1890 866 2179 947 praemia

248 953 627 1040 liguriendo,
694 952 778 1017 ad
832 971 1255 1035 quascunque
1318 952 1457 1035 ipse
1502 950 1681 1015 volet
1723 950 2177 1015 contentiones

250 1051 676 1127 prorumpant.
777 1039 1006 1122 Neque
1072 1051 1291 1103 tamen
1342 1056 1610 1120 prorsus
1664 1056 1774 1101 eos
1832 1035 1969 1100 falli
2032 1032 2177 1099 «lico

249 1130 344 1213 qui
410 1127 755 1194 concilium
815 1127 982 1193 velle
1039 1133 1310 1209 negant:
1335 1128 1394 1200 ὗ)
1470 1122 1582 1189 sed
1662 1122 1771 1187 ubi
1842 1123 2177 1187 theatrum

248 1236 420 1281 suum
456 1214 915 1297 composuerit,
961 1213 1218 1278 subitus
1253 1209 1552 1278 alicunde
1596 1209 1804 1274 imber
1839 1206 2018 1273 nullo
2062 1228 2177 1271 ne-

248 1301 404 1386 gotio
446 1300 838 1366 excitabitur
879 1299 992 1382 qui
1031 1309 1234 1362 totam
1271 1297 1593 1363 actionem
1632 1294 1968 1361 disturbet.
2039 1292 2175 1357 Ita·

248 1405 357 1470 que
394 1387 462 1450 in
505 1387 649 1468 ipso
692 1382 990 1464 exordio,
1047 1385 1102 1450 si
1161 1384 1256 1448 ita
1312 1382 1481 1448 ferat
1536 1383 1675 1446 eius
1726 1378 2173 1455 commoditas,

247 1473 457 1537 aulaea
496 1470 925 1554 complicabit.
994 1471 1139 1536 Hoc
1183 1478 1401 1534 tamen
1448 1468 1749 1552 quamvis
1792 1469 1987 1532 inane
2020 1488 2175 1533 con-

246 1558 361 1623 cilii
413 1557 833 1624 simulacrum
893 1556 1017 1622 sibi
1086 1556 1164 1620 ad
1224 1554 1567 1620 Christum
1630 1552 2176 1637 prosternendum

243 1643 783 1725 conterendasque
824 1641 1134 1708 ecclesiae
1180 1641 1483 1724 reliquias
1525 1649 1834 1724 tanquam
1868 1640 2176 1706 Herculis

244 1730 479 1795 clavam
515 1751 658 1793 esse
697 1737 902 1812 putat.

402 1819 523 1894 An,
568 1836 771 1898 quum
815 1814 924 1879 hic
960 1813 1316 1896 impietatis
1352 1812 1653 1894 princeps
1683 1821 1819 1876 tam
1856 1811 2176 1894 flagitiose

244 1901 354 1966 Dei
397 1902 643 1986 gloriae
680 1915 1066 1980 nostraeque
1108 1901 1401 1963 omnium
1445 1896 1638 1961 saluti
1684 1897 1980 1974 insultet,
2026 1919 2177 1962 nos-

243 1999 403 2052 trum
444 1997 546 2052 est
588 1987 841 2051 interea
885 1982 1136 2048 silendo
1193 2004 1442 2049 sacram
1503 1981 1675 2047 hanc
1719 2003 1981 2049 causam
2027 2004 2174 2066 pro·

243 2072 430 2138 dere?
516 2071 663 2137 Imo
707 2081 975 2137 centum
1018 2071 1264 2153 potius,
1306 2070 1362 2134 si
1405 2069 1549 2133 fieri
1594 2070 1815 2150 possit,
1860 2083 2173 2152 oppeten-

244 2157 349 2224 dae
390 2169 632 2224 mortcs
677 2178 873 2240 quam
921 2167 991 2220 ιιι
1032 2155 1195 2220 adeo
1238 2152 1594 2240 indignam,
1642 2155 1978 2228 nefariam,
2024 2154 2173 2221 bar-

242 2243 449 2309 baram
491 2245 640 2328 piae
683 2243 1016 2310 doctrinae
1058 2241 1544 2324 oppressionem
1582 2242 1907 2323 patiamur
1951 2253 2175 2305 nostra

242 2331 484 2415 ignavia
525 2331 924 2413 incognitam
969 2329 1191 2393 latere.
1284 2327 1533 2392 Verum
1583 2337 1653 2391 ut
1698 2326 1958 2403 demus,
2002 2326 2173 2408 quod

241 2436 451 2499 parum
494 2416 806 2484 credibile
863 2423 990 2491 est,
1052 2435 1289 2497 papam
1333 2435 1483 2479 cum
1528 2433 1647 2477 sua
1691 2412 1956 2479 cohorte
2001 2411 2172 2477 serio

244 2502 474 2569 concilii
519 2502 946 2568 indictionem
994 2499 1322 2574 meditari:
1394 2499 1701 2565 Christus
1745 2499 1994 2565 scilicet
2040 2520 2171 2563 non

242 2588 323 2652 ita
373 2590 610 2653 crassis
666 2586 965 2653 ludibriis
1024 2588 1235 2668 primo
1300 2597 1568 2669 aspectu
1640 2586 2170 2662 subsannabitur,

242 2695 358 2738 non
402 2675 616 2738 minus
651 2683 871 2739 tamen
923 2673 1239 2738 scelerata
1296 2674 1363 2736 iu
1416 2693 1567 2737 eum
1610 2673 2005 2754 conspiratio
2051 2671 2173 2738 hoc

240 2759 413 2824 modo
455 2762 737 2825 conflata
780 2760 922 2825 erit.
1012 2758 1156 2824 Imo
1200 2776 1326 2841 quo
1372 2759 1519 2840 plus
1563 2757 1647 2822 ad
1680 2759 2031 2842 gravitatis
2074 2758 2172 2822 sa·

243 2866 397 2910 mam
438 2845 804 2929 splendoris
849 2865 1004 2927 prae
1046 2866 1117 2911 se
1170 2844 1335 2909 feret
1378 2843 1724 2910 concilium
1770 2844 2033 2927 papale,
2097 2865 2170 2908 eo

242 2933 559 2996 nocentior
619 2931 702 2996 ad
761 2929 1164 3015 perdendam
1222 2930 1562 2996 ecclesiam
1631 2941 1696 2994 et
1756 2932 1960 3013 magis
2004 2930 2170 2994 exti-

240 3017 564 3083 mescenda
606 3019 735 3083 erit
779 3017 993 3099 pestis.
1042 3029 1048 3034 ’
1084 3015 1256 3080 Nam
1302 3024 1375 3080 ut
1418 3038 1458 3078 a
1502 3015 1740 3097 spiritu
1791 3015 1903 3080 Dei
1938 3015 2171 3098 guber-

240 3113 416 3167 netur
462 3114 685 3170 coetus
750 3103 859 3166 ille
918 3103 1030 3185 qui
1076 3100 1472 3167 Antichristi
1531 3101 1836 3184 auspiciis
1908 3110 2168 3167 coactus

241 3190 381 3266 erit,
434 3199 509 3254 ut
563 3187 649 3254 ad
705 3187 1106 3253 moderatam
1170 3186 1452 3268 aliquam
1514 3189 1830 3252 rationem
1878 3190 2171 3271 aspirent

242 3272 509 3340 Satanae
552 3275 898 3358 mancipia,
942 3274 1211 3339 minime
1267 3273 1663 3354 sperandum
1708 3285 1822 3338 est.
1916 3275 2169 3339 Princi-

240 3361 352 3442 pio,
394 3382 723 3427 summum
768 3360 901 3427 illic
961 3359 1246 3424 tribunal
1304 3359 1644 3442 occupabit
1686 3360 1796 3442 qui
1843 3359 2168 3442 professus

243 3459 328 3511 est
365 3467 436 3513 ac
477 3448 732 3512 iuratus
776 3446 1027 3511 Christi
1076 3445 1299 3521 hostis,
1344 3446 1540 3527 Papa.
1632 3445 1721 3511 Ut
1761 3465 1831 3510 se
1874 3443 2165 3510 assiden-

241 3533 384 3597 tium
417 3545 683 3616 patrum
715 3532 1078 3597 sententias
1115 3551 1347 3615 rogare
1384 3531 1667 3595 maxime
1703 3531 1988 3608 simulet,
2033 3531 2167 3596 solo

239 3627 438 3683 tamen
481 3620 622 3684 eius
664 3629 1017 3700 conspectu
1063 3617 1323 3681 attoniti
1368 3616 1538 3698 quod
1584 3617 1698 3680 uni
1746 3617 1869 3699 ipsi
1914 3616 2168 3684 libitum

240 3703 415 3770 fuerit
445 3726 674 3770 omnes
718 3715 1085 3786 sequentur.
1156 3703 1406 3767 Verum
1452 3703 1519 3766 in
1556 3713 1740 3766 coetu
1787 3703 1868 3767 ad
1904 3723 2166 3767 omnem

239 3787 622 3874 impietatem
691 3789 836 3874 plns
902 3809 1096 3872 quam
1165 3787 1469 3853 concordi
1535 3787 1690 3870 quid
1748 3788 2165 3854 simulatione

240 3895 380 3957 opus
457 3876 628 3942 erit?
739 3875 970 3957 Qualis
1046 3877 1132 3939 sit
1210 3874 1651 3955 unusquisque
1730 3874 2158 3940 cardinalium

236 3983 350 4027 non
389 3964 663 4046 disputo.
753 3962 836 4027 In
880 3962 1151 4043 collegio
1196 3961 1355 4041 ipso,
1405 3960 1514 4043 qui
1561 3963 1848 4026 sanctior
1892 3962 2017 4025 erit
2062 3980 2163 4025 se·

236 4060 442 4124 natus,
495 4049 735 4130 partim
780 4048 1154 4129 epicureum
1206 4045 1321 4109 Dei
1373 4057 1815 4127 contemptum
1862 4067 2160 4130 regnare,

235 4137 455 4216 partim
498 4133 949 4200 truculentum
994 4133 1286 4198 veritatis
1331 4130 1551 4197 odium
1597 4145 1661 4196 et
1698 4131 2005 4197 infestam
2048 4133 2161 4196 ad-

233 4239 441 4286 versus
493 4223 632 4303 pios
697 4240 922 4284 omnes
980 4219 1254 4294 rabiem,
1323 4217 1737 4284 manifestum
1797 4228 1914 4283 est.
2026 4219 2159 4283 Iam

233 4308 654 4390 episcoporum
714 4304 870 4370 ordo
935 4325 1152 4370 annon
1219 4323 1301 4368 ex
1370 4303 1600 4369 iisdem
1659 4305 1791 4368 fere
1850 4306 2161 4370 monstris

234 4392 507 4458 constat?
558 4391 684 4457 nisi
723 4392 893 4473 quod
931 4391 1123 4454 multi
1162 4401 1319 4455 sunt
1359 4391 1529 4455 inter
1566 4411 1671 4454 eos
1707 4391 1929 4474 ignavi
1969 4391 2155 4467 asini,

234 4480 329 4559 qui
390 4499 509 4544 nec
568 4477 783 4541 Deum
841 4476 1055 4560 palam
1119 4485 1575 4548 contemnunt,
1653 4497 1770 4540 nec
1836 4476 2159 4541 hostiliter

236 4562 378 4629 adeo
432 4584 658 4630 sanam
732 4563 1098 4629 doctrinam
1154 4571 1565 4646 oppugnant,
1625 4562 1750 4627 sibi
1819 4571 2035 4626 tamen
2088 4564 2155 4627 in

235 4651 703 4733 corruptissimo
746 4669 863 4714 suo
908 4657 1088 4712 statu
1131 4647 1227 4710 ita
1268 4648 1531 4730 placent
1576 4659 1649 4712 ut
1691 4647 2158 4714 correctionem

236 4735 463 4812 nullam
508 4737 894 4802 sustineant.
964 4731 1154 4799 Adde
1198 4732 1369 4816 quod
1414 4736 1726 4800 autoritas
1762 4754 1962 4817 penes
1998 4755 2158 4817 pau·

235 4841 354 4896 cos,
415 4823 526 4905 qui
594 4821 839 4888 scilicet
898 4841 938 4885 a
1005 4819 1270 4903 pietatis
1328 4819 1542 4884 studio
1609 4821 1895 4885 maxime
1956 4820 2154 4885 alieni

234 4909 598 4974 accerrimos
662 4929 733 4973 se
802 4927 1110 4972 romanae
1168 4903 1339 4969 sedis
1413 4916 1720 4989 patronos
1790 4904 2155 4984 ostendent,

234 4999 354 5058 tota
394 4995 528 5059 fere
568 4991 898 5071 residebit,
944 4992 1055 5056 alii
1101 5010 1415 5056 numerus
1460 5005 1671 5055 erunt.
1761 4990 1856 5057 Ut
1897 4991 2159 5056 illorum

235 5350 271 5405 L
300 5351 393 5408 557
418 5283 477 5350 5)
514 5285 603 5339 De
643 5285 781 5339 luza·
816 5285 936 5338 111.
973 5285 1033 5338 in
1069 5285 1354 5339 conm‘lium
1389 5281 1571 5338 studio
1612 5297 1653 5376 ι).
1685 5281 2161 5355 ›S'arpi·00urayer

425 5439 647 5496 Caluini
678 5455 865 5510 opera.
939 5438 1059 5495 Vol.
1088 5438 1184 5493 XI
1204 5439 1257 5492 V.

2284 608 2559 692 quisque
2602 610 3076 678 atrocissimam
3120 626 3347 681 contra
3385 636 3505 684 nos
3548 622 3942 686 sententiam
3978 622 4244 704 dixerit,
4304 679 4310 686 .

2283 693 2600 795 plurimos
2647 696 2940 775 habebit,
3001 719 3131 765 uon
3179 699 3588 783 pedariorum
3650 705 3838 772 modo
3882 707 3996 772 sed
4038 710 4244 777 etiam

2283 799 2687 865 principum,
2748 783 2860 864 qui
2903 783 3009 850 vel
3053 797 3284 868 sponte
3328 810 3404 854 ac
3446 788 3680 872 cupide
3727 813 3845 875 pro
3890 796 4093 860 animi
4132 797 4240 864 sui

2282 875 2437 931 voto
2483 867 2582 932 vel
2631 869 2984 934 ambitione
3026 871 3296 950 inducti,
3345 873 3450 940 vel
3495 889 3674 940 metu
3710 879 3916 944 coacti
3952 882 4239 947 subscri-

2285 950 2459 1050 bant.
2551 953 2779 1037 Neque
2827 965 3043 1021 tamen
3086 956 3245 1023 adeo
3288 979 3439 1023 sum
3483 960 3748 1044 iniquus
3792 966 3951 1045 quin
3988 966 4237 1050 aliquos

2282 1057 2573 1120 ipsorum
2630 1061 2773 1106 esse
2826 1040 3177 1109 concedam
3241 1054 3310 1109 et
3367 1047 3646 1111 sanioris
3713 1046 3934 1115 iudicii
3983 1064 4050 1118 et
4106 1075 4238 1120 nou

2284 1124 2453 1188 male
2495 1125 2730 1209 alioqui
2777 1126 3073 1194 affectos:
3135 1128 3252 1195 sed
3320 1132 3555 1214 quibus
3613 1141 3870 1199 tantum
3929 1159 4063 1202 non
4110 1142 4236 1205 erit

2281 1209 2486 1275 animi
2521 1219 2595 1275 ut
2631 1213 2830 1279 totius
2868 1214 3154 1296 corporis
3177 1216 3576 1299 improbitati
3603 1219 3899 1286 resistere
3923 1225 4158 1290 ausint.
4181 1226 4234 1310 ⁶)
4337 1253 4342 1260 ’

2282 1295 2501 1394 Erunt
2558 1296 2775 1363 forsan
2844 1300 3017 1365 inter
3071 1300 3251 1366 mille
3300 1299 3427 1366 duo
3486 1312 3601 1367 aut
3656 1319 3785 1371 tres
3845 1309 4051 1392 magis
4094 1331 4236 1376 cor-

2281 1380 2413 1446 dau
2472 1384 2583 1465 qui
2640 1384 3073 1449 semiliberam
3131 1407 3247 1469 pro
3308 1387 3575 1453 Christo
3645 1413 3868 1457 vocem
3937 1396 4235 1463 emittere

2281 1466 2580 1533 audeaut.
2672 1468 2906 1550 Qualis
2947 1469 3246 1538 Tridenti
3297 1474 3425 1538 fuit
3465 1475 3707 1541 Petrus
3760 1478 4006 1546 Paulus
4081 1481 4232 1547 Ver-

2274 1555 2508 1635 qerius.
2544 1554 2598 1639 7)
2679 1552 2812 1620 Sed
2867 1571 3128 1623 sanctae
3184 1569 3444 1642 patrum
3492 1561 3711 1627 curiae
3757 1564 4116 1631 remedium
4164 1570 4231 1633 in

2280 1648 2588 1723 promptu
2639 1642 2795 1715 erit,
2855 1662 2938 1705 ne
2993 1643 3158 1708 tales
3202 1643 3454 1708 diutius
3499 1647 3850 1729 quidquam
3899 1652 4234 1719 molestiae

2281 1724 2624 1823 facessant.
2717 1726 2887 1792 Nam
2932 1728 3034 1792 vel
3071 1730 3141 1793 in
3184 1749 3510 1795 carcerem
3549 1733 3820 1798 coniecti
3867 1735 3947 1799 ad
3983 1737 4234 1819 palino-

2280 1809 2431 1875 dian
2491 1832 2643 1875 mox
2701 1810 3076 1897 adigentur,
3148 1815 3254 1879 vel
3323 1829 3534 1882 morte
3600 1821 3898 1885 sancient
3965 1823 4234 1890 nimiam

2280 1896 2630 1961 verborum
2689 1897 3090 1978 libertatem,
3157 1902 3262 1966 vel
3323 1904 3570 1967 aeterni
3640 1905 3879 1969 silentii
3930 1908 4233 1990 poculum

2277 1981 2411 2081 illis
2478 1984 2942 2065 propinabitur.
3059 1986 3205 2052 Hac
3277 2008 3431 2052 vero
3501 1990 3830 2071 aequitate
3900 1994 4234 2061 nobiscum

2277 2076 2526 2150 agitur,
2584 2078 2658 2132 ut
2722 2069 3078 2136 indomitae
3132 2073 3337 2137 simus
3396 2095 3470 2139 ac
3530 2072 3899 2157 deploratae
3946 2082 4234 2162 pervica-

2276 2155 2414 2218 ciae
2458 2154 2798 2230 haeretici,
2868 2157 2993 2222 nisi
3050 2158 3260 2222 iustae
3316 2160 3797 2226 reformationis
3859 2185 4152 2231 normam
4194 2188 4234 2233 a

2273 2251 2500 2304 sancto
2543 2240 2813 2307 concilio
2858 2253 3191 2325 petamus,
3249 2244 3375 2308 nisi
3435 2244 3572 2310 eius
3613 2237 3889 2314 decretis
3950 2252 4231 2333 (qualia-

2275 2346 2533 2407 cunque
2598 2328 2860 2393 tandem
2920 2329 3083 2410 sint)
3145 2329 3288 2394 sine
3350 2351 3532 2396 mora
3594 2334 4098 2416 acquiescamus.

2447 2412 2584 2477 Nos
2629 2433 2787 2478 saue
2833 2414 3107 2498 legitimi
3148 2416 3434 2493 concilii,
3498 2413 3551 2480 si
3595 2418 3764 2500 quod
3814 2419 4035 2486 haberi
4082 2444 4229 2506 pos·

2275 2505 2393 2572 set,
2441 2499 2858 2564 autoritatem
2903 2520 3037 2564 non
3089 2502 3329 2585 fugere,
3377 2502 3569 2568 claris
3606 2502 4011 2572 documentis
4048 2520 4231 2574 aute·

2277 2583 2400 2649 hac
2444 2583 2714 2650 fecimus
2759 2587 2916 2651 satis
2977 2595 3304 2651 testatum.
3399 2589 3633 2670 Atqui,
3694 2590 3848 2655 dum
3897 2594 4231 2661 manifesti

2277 2669 2530 2734 Christi
2588 2669 2950 2736 adversarii
2994 2693 3322 2737 summum
3374 2684 3442 2737 et
3486 2673 3729 2758 absque
3775 2682 4232 2757 provocatione

2275 2753 2586 2819 iudicium
2633 2754 2755 2821 sibi
2800 2756 3038 2822 deferri
3081 2760 3444 2840 postulant,
3505 2771 3569 2824 et
3614 2761 3874 2843 quidem
3920 2762 4043 2830 hac
4089 2766 4231 2849 lege

2279 2849 2354 2904 ut
2400 2842 2781 2925 religionem
2816 2844 3086 2909 arbit-rio
3122 2865 3259 2920 suo,
3303 2865 3435 2909 non
3459 2844 3588 2912 Dei
3628 2848 3844 2926 verbo,
3891 2852 4228 2931 definiant,

2275 2947 2442 3010 quae
2502 2926 2685 2992 nobis
2740 2938 2841 2991 est
2882 2929 3279 3013 obsequendi
3337 2932 3539 3006 ratio,
3599 2934 3719 2998 nisi
3767 2945 3843 2997 ut
3888 2935 4231 3006 Christum

2274 3013 2556 3077 scientes
2614 3033 2688 3078 ac
2763 3015 3055 3080 volentes
3127 3014 3565 3099 abnegemus?
3681 3018 3817 3086 Nec
3888 3030 3987 3086 est
4104 3022 4230 3088 uod

2274 3099 2536 3163 obiiciat
2578 3101 2935 3182 quispiam,
2981 3099 3280 3166 diffidere
3324 3123 3440 3166 nos
3485 3112 3640 3166 ante
3685 3113 3959 3188 tempus.
4110 3128 4230 3173 on·

2273 3185 2496 3248 cilium
2544 3185 2927 3268 praebeant,
2992 3187 3064 3250 in
3121 3206 3247 3269 quo
3309 3187 3494 3252 nobis
3539 3187 3741 3254 libera
3785 3189 3869 3255 ad
3916 3191 4229 3259 tuendam

2274 3270 2537 3353 pietatis
2571 3292 2834 3337 causam
2871 3270 3129 3337 dicendi
3173 3272 3263 3336 sit
3305 3273 3597 3338 facultas.
3664 3273 3741 3339 Si
3787 3275 3945 3340 illuc
3986 3280 4224 3357 venire,

2273 3375 2347 3419 ac
2389 3358 2704 3421 rationem
2753 3358 3044 3423 omnium
3087 3379 3252 3440 quae
3299 3360 3618 3442 gessimus
3664 3360 3934 3426 reddere
3979 3364 4227 3429 abnue-

2272 3462 2440 3515 mus,
2485 3444 2926 3509 contumaciae
2971 3457 3126 3510 tunc
3173 3464 3291 3509 nos
3335 3446 3567 3510 merito
3613 3444 4033 3514 damnabunt.
4106 3452 4227 3516 At-

2271 3529 2381 3610 qui
2428 3539 2683 3592 tantum
2742 3530 2926 3595 abest
2984 3540 3058 3595 ut
3116 3528 3298 3595 nobis
3358 3529 3438 3594 ad
3485 3539 3659 3597 recte
3703 3532 4115 3600 sentiendum
4160 3546 4228 3601 et

2274 3612 2670 3696 loquendum
2714 3616 2936 3680 futura
2987 3617 3074 3680 sit
3117 3616 3464 3694 autoritas,
3526 3628 3596 3681 ιιι
3644 3639 3683 3681 a
3729 3617 4021 3701 legitima
4064 3642 4225 3703 qno-

2273 3720 2399 3780 que
2446 3700 2821 3765 defensione
2877 3722 2995 3766 nos
3041 3702 3440 3785 prohibitum
3500 3704 3579 3766 iri
3638 3703 3907 3769 minime
3952 3705 4225 3772 dubium

2272 3787 2376 3849 sit.
2466 3785 2636 3849 Nam
2688 3787 2796 3868 qui
2863 3786 3075 3852 nullas
3131 3788 3560 3870 quantumvis
3606 3787 3877 3854 blandas
3922 3793 4225 3858 monitio·

2273 3893 2418 3947 nes,
2466 3873 2653 3954 quasi
2700 3883 2927 3938 tenues
2971 3895 3302 3952 susurros,
3347 3874 3480 3937 ullo
3526 3872 3713 3938 modo
3752 3876 4002 3948 ferunt,
4049 3878 4226 3945 clare

2271 3958 2577 4022 sonantia
2616 3959 2907 4023 veritatis
2944 3959 3233 4023 tonitrua
3267 3960 3502 4041 quibus
3541 3960 3809 4025 auribus
3847 3962 4219 4045 excipient?

2272 4046 2488 4125 Atque
2547 4043 2667 4107 hoc
2715 4065 2844 4109 non
2889 4043 3381 4110 dissimulanter
3431 4064 3589 4128 prae
3649 4068 3718 4110 se
3764 4047 4002 4113 ferunt.
4099 4049 4222 4114 Vo-

2214 4161 2217 4174 =
2267 4138 2421 4192 caut
2460 4150 2602 4194 nos:
2630 4133 2681 4197 ⁸)
2718 4152 2802 4194 an
2840 4143 2911 4194 ut
2946 4131 3158 4195 locum
3195 4130 3264 4193 in
3302 4130 3632 4196 subselliis
3671 4133 3911 4198 infimis
3934 4134 4222 4216 aliquem

2267 4213 2676 4279 concedant?
2767 4214 2910 4279 Imo
2953 4234 3327 4298 quenquam
3373 4238 3624 4282 sessum
3669 4216 4045 4296 admittere,
4093 4224 4221 4287 nisi

2267 4310 2538 4366 unctum
2612 4313 2678 4365 et
2748 4303 3119 4374 mitratum,
3188 4302 3285 4365 fas
3351 4322 3492 4368 esse
3563 4313 3824 4386 negant.
3929 4302 4225 4372 Sedeant

2265 4407 2422 4469 ergo
2481 4385 2609 4462 illi,
2678 4386 2870 4451 modo
2928 4406 3046 4449 nos
3091 4386 3327 4451 stando
3370 4388 3538 4469 quod
3589 4410 3814 4454 verum
3862 4399 3964 4454 est
4009 4393 4221 4472 profe-

2264 4484 2484 4537 rentes
2528 4470 2894 4536 audiamur.
2986 4472 3368 4555 Excipient,
3421 4471 3816 4538 audientiam
3872 4497 3942 4539 se
3983 4475 4221 4543 libera·

2265 4557 2416 4622 liter
2475 4559 2873 4640 promittere.
2979 4557 3234 4640 Nempe
3303 4569 3376 4622 ut
3440 4558 3658 4624 libello
3730 4561 4006 4644 supplici
4072 4584 4218 4646 por-

2264 4655 2442 4710 recto
2487 4644 2708 4708 statim
2752 4643 2936 4708 exire
2972 4643 3127 4708 iussi
3166 4654 3313 4726 post
3349 4643 3762 4710 turbulentos
3807 4646 4054 4729 aliquot
4088 4648 4218 4714 die-

2264 4750 2408 4793 rum
2458 4729 2774 4795 clamores
2810 4728 3161 4795 damnandi
3199 4751 3601 4795 revocemur.
3672 4729 4008 4799 Clamores
4052 4734 4214 4813 dico,

2468 5003 2530 5064 6)
2558 5004 2883 5072 prophetam
2916 5004 3066 5075 loqui
3097 5002 3323 5057 dixeris.

2471 5070 2530 5136 7)
2581 5071 2891 5128 Tridentum
2927 5074 3070 5127 venit
3102 5079 3226 5140 poet
3265 5073 3575 5128 inchoatum
3610 5075 3895 5129 concilium
3915 5113 3928 5136 ,
3967 5088 4035 5125 ex
4077 5072 4211 5129 Ger-

2265 5142 2454 5196 mania
2489 5140 2665 5194 redux
2704 5142 2798 5196 ubi
2828 5143 2993 5211 leqati
3025 5157 3242 5195 munere
3271 5143 3499 5208 functus
3528 5143 3742 5209 fuerat.-
3789 5158 3901 5195 uon
3935 5144 4212 5198 consultu-

2263 5227 2364 5265 rus
2396 5209 2493 5263 sed
2525 5215 2684 5263 semet
2727 5212 2909 5279 ipsum
2953 5210 3291 5280 defensurus.
3378 5214 3570 5265 Verum
3620 5228 3728 5265 non
3772 5210 4050 5266 admissus
4081 5213 4214 5278 fuit.

2271 5279 2442 5348 Sar-'pi
2474 5279 2528 5332 ll.
2562 5277 2604 5331 1.
2638 5277 2757 5332 274.
2834 5279 3074 5334 Sleidan.
3108 5278 3180 5333 11.
3225 5279 3336 5333 151.
3411 5281 3549 5335 Sint.
3585 5280 3701 5335 116.

2471 5344 2532 5414 8)
2567 5346 2645 5402 N.
2683 5346 2815 5403 1453
2849 5355 2941 5405 etc.
3016 5348 3181 5406 Secia.
3218 5348 3308 5404 111.
3340 5348 3459 5403 226.
3533 5348 3685 5417 Sahy
3718 5347 3788 5401 ΙΙ.
3829 5347 3911 5403 12.
