4900 6167
283 408 381 472 581

282 593 377 659 (Ex
408 590 744 712 autogapho
778 590 910 646 eod.
950 589 1155 646 Genev.
1194 589 1313 655 115,
1355 590 1449 647 sol.
1498 588 1623 673 1033
1671 590 1795 673 coll.
1843 605 1889 647 c.
1923 588 2057 645 Ood.
2099 589 2217 658 116,

396 661 484 714 fol.
592 701 603 712 .
672 660 817 729 Epp.
854 661 1020 713 Beni.
1053 659 1146 714 VI.
1184 676 1237 729 p.
1275 657 1394 728 306,
1431 666 1487 714 et
1522 660 1740 714 Sunlsn
1777 659 1903 714 Vol.
1940 658 2055 724 79.)

280 832 832 900 Praestantissimo
868 850 1057 896 servo
1092 831 1178 896 D.
1202 829 1358 897 Iesu
1382 829 1633 897 Christi
1653 830 1891 897 Ioanni
1914 829 2214 910 Calvino,

281 917 502 1002 pastori
549 938 747 1001 quam
785 915 1167 983 fidelissimo
1211 916 1520 983 ecclesiae
1565 916 2004 993 Genevensis‚
2066 915 2217 984 doc-

282 1005 504 1068 trinam
567 1003 831 1085 pietatis
894 1003 1242 1087 purissime
1308 1003 1630 1069 asserenti
1695 1014 1764 1069 et
1836 1002 2214 1081 illustranti,

539 1089 732 1153 fratri
775 1097 842 1154 et
884 1096 1293 1174 symmystae
1335 1109 1533 1172 quam
1577 1089 1936 1156 carissimo.

431 1225 502 1291 S.
548 1226 634 1292 D.
728 1224 924 1291 Prius
979 1226 1190 1290 vitam
1245 1224 1512 1304 finiero,
1572 1245 1771 1309 quam
1834 1234 1902 1291 te
1945 1236 2013 1291 et
2054 1224 2217 1292 alios

280 1326 475 1379 tecum
517 1331 768 1378 cessem
811 1312 1108 1396 fatigare,
1146 1313 1332 1395 quasi
1378 1331 1512 1377 non
1550 1312 1713 1376 satis
1746 1311 1935 1377 vobis
1971 1312 2058 1378 sit
2100 1334 2216 1378 ne-

278 1399 440 1485 gotii.
469 1402 516 1477 ι)
607 1396 745 1464 Sed
788 1418 994 1480 quum
1051 1419 1247 1483 agere
1306 1396 1541 1481 dignas
1713 1397 1839 1463 tias
1891 1417 2028 1463 non
2070 1418 2217 1481 pos·

278 1487 407 1561 sim,
450 1484 661 1550 habeo
706 1495 925 1549 tamen
982 1504 1117 1549 non
1178 1483 1552 1568 vulgarem,
1675 1482 1934 1566 udoque
1990 1480 2218 1548 Domi-

280 1590 427 1636 num
460 1568 634 1654 quod
676 1591 784 1635 me
826 1570 920 1635 sic
961 1570 1034 1634 in
1078 1590 1228 1635 aere
1265 1578 1376 1634 tuo
1419 1568 1623 1635 habes
1657 1578 1723 1634 et
1764 1570 1812 1634 ii
1855 1569 1968 1652 qui
2003 1579 2220 1636 tecum

279 1656 527 1722 faciunt.
616 1655 768 1721 Non
812 1656 976 1722 satis
1020 1666 1163 1722 erat
1220 1663 1288 1720 te
1346 1655 1743 1721 sententiam
1784 1666 1971 1721 tuam
2014 1656 2219 1740 scrip-

280 1743 445 1819 sisse,
488 1740 618 1808 nisi
662 1739 1024 1807 addidisses
1068 1750 1214 1807 tuas
1254 1741 1528 1825 insuper
1576 1740 1816 1807 alteras
1873 1749 2013 1807 tam
2056 1741 2219 1807 ami-

278 1849 376 1894 cas
419 1838 485 1894 et
528 1838 665 1892 tam
708 1826 1053 1894 christiani
1096 1825 1351 1894 consilii
1394 1827 1623 1910 plenas
1678 1826 1924 1893 literas.
2012 1827 2220 1894 Recte

280 1928 452 1979 tenes
492 1912 619 1980 coll
794 1916 854 1991 ²)
897 1922 1209 1992 mentem,
1266 1933 1349 1978 ex
1399 1913 1617 1977 animo
1671 1933 1911 1996 cupere
1955 1912 2220 1980 Christo

278 2000 533 2077 servire,
579 2021 651 2065 se
737 2010 872 2064 tam
914 1999 1145 2066 multis
1189 1997 1507 2075 obruitur,
1553 2018 1717 2081 quae
1759 1998 1931 2064 nihil
1973 1999 2223 2065 faciunt

278 2086 353 2152 ad
392 2107 655 2164 munus,
700 2084 873 2168 quod
917 2086 1207 2168 suscepit
1221 2136 1237 2164 ‚
1295 2093 1362 2150 et
1420 2085 1925 2169 praecipitanter
1980 2086 2221 2165 omnia,

278 2184 345 2237 ut
384 2193 506 2238 sua
547 2170 678 2237 fert
720 2171 961 2256 opinio,
1006 2183 1199 2256 urget
1214 2221 1230 2249 ,
1289 2190 1409 2237 nec
1450 2170 1639 2235 facile
1682 2169 1959 2236 aliorum
2003 2171 2221 2255 acqui-

277 2259 428 2323 escit
468 2257 777 2336 consiliis,
823 2266 887 2322 et
934 2256 1081 2340 plus
1125 2257 1285 2323 satis
1330 2254 1512 2322 ducit
1565 2257 1620 2320 si
1679 2277 1954 2323 numero
1997 2257 2224 2323 vincat

278 2344 743 2410 sententiarum
760 2395 775 2421 ,
848 2362 980 2408 non
1030 2340 1336 2427 pondere.
1438 2342 1705 2409 Novisti
1763 2342 1910 2407 illos
1925 2393 1941 2421 ,
1996 2344 2107 2426 qui
2163 2342 2223 2409 si

274 2428 526 2513 quando
579 2450 712 2495 non
777 2451 859 2494 ex
926 2427 1221 2511 ipsorum
1286 2425 1561 2493 arbitrio
1625 2428 1737 2493 alii
1794 2429 2072 2495 fuissent
2127 2428 2223 2494 lo-

276 2517 451 2601 quuti
466 2567 481 2592 ‚
538 2515 783 2581 iterum
838 2514 1136 2581 solebant
1195 2513 1557 2580 sententias
1856 2564 1874 2594 ,
1933 2512 2109 2598 quod
2165 2515 2223 2581 si

275 2601 486 2686 plures
530 2621 651 2685 pro
692 2601 853 2685 ipsis
894 2601 1203 2667 fecissent
1245 2608 1315 2666 et
1348 2598 1588 2683 aliquis
1620 2601 1856 2665 merito
1890 2606 2222 2684 queretur,

276 2708 397 2754 non
475 2689 649 2754 iuste
725 2685 1233 2770 pronunciatum
1308 2706 1466 2752 mox
1531 2684 1929 2752 clamabant:
2015 2685 2224 2752 Visne

276 2773 531 2858 spiritui
575 2786 800 2840 sancto
852 2771 1209 2839 reluctari?
1299 2770 1479 2838 Sane
1531 2770 1704 2837 nihil
1761 2770 2081 2839 eiusmodi
2124 2778 2225 2838 est

278 2862 540 2944 spiritus
584 2869 867 2936 sanctus,
909 2860 1040 2925 nisi
1085 2856 1261 2942 quod
1305 2860 1398 2923 eis
1432 2856 1809 2924 adlubescit.
1877 2858 2025 2959 Ego
2064 2877 2225 2924 sane

274 2945 1330 3115 fflg’fissafflffiffiwwss
1366 2944 2055 3097 ffifffflmsinissssg
2097 2941 2223 3096 1332

274 3117 554 3197 dederit,
621 3128 799 3183 recte
870 3116 1211 3185 nobiscum
1276 3126 1523 3201 agetur.
1629 3115 1937 3182 Nondum
2004 3135 2224 3181 coram

274 3203 581 3272 fratribus
644 3204 887 3269 lectum
949 3202 1076 3268 fuit
1140 3212 1328 3267 tuum
1393 3212 1460 3266 et
1524 3203 1806 3267 flatrum
1858 3201 2221 3279 eonsilium,

273 3292 418 3373 quia
477 3291 667 3375 pauci
727 3287 924 3355 hodie
982 3289 1258 3363 fuimus,
1315 3300 1384 3352 et
1483 3289 1738 3354 roximo
1800 3287 1904 3353 die
1964 3287 2146 3352 Iovis
2163 3290 2221 3366 ⁸)

272 3397 493 3442 omnes
531 3376 939 3442 conveniunt
954 3426 969 3452 ,
1029 3375 1160 3440 nisi
1201 3374 1371 3439 forte
1475 3375 1815 3453 rauciacus,
1840 3378 1897 3453 ⁴)
1940 3372 2053 3457 qui
2092 3373 2221 3438 fre-

274 3476 374 3527 tus
416 3460 673 3528 arbitrii
730 3461 985 3527 viribus
1040 3460 1380 3544 spatiatur.
1484 3459 1795 3527 Christus
1844 3461 1915 3525 in
1967 3458 2222 3526 caulam

272 3567 456 3613 suam
500 3558 635 3613 tam
680 3547 918 3613 misere
960 3555 1257 3612 errantes
1301 3566 1460 3611 oves
1502 3559 1781 3623 revocet,
1839 3546 1898 3610 si
1941 3567 2022 3611 ex
2066 3543 2223 3610 hoe-

274 3631 368 3700 dis
407 3653 547 3700 non
590 3634 744 3699 sint.
834 3631 1049 3698 Valde
1091 3632 1308 3716 placet
1360 3642 1629 3699 senatus
1670 3652 2056 3714 responsum
2112 3652 2222 3696 su-

272 3740 384 3804 per
425 3718 835 3785 admittendo
876 3718 1192 3804 improbo.
1283 3716 1463 3784 Sane
1505 3717 1565 3784 si
1607 3716 1871 3803 culpam
1913 3737 2223 3801 agnosce-

270 3814 386 3885 ret,
420 3807 725 3890 quamvis
755 3805 994 3871 merito
1014 3804 1098 3870 ob
1117 3824 1231 3871 eos
1261 3824 1427 3887 quos
1459 3802 1748 3887 perdidit
1778 3821 2062 3873 censura
2079 3822 2228 3887 gra·

272 3889 975 4045 Effflwbtm
1030 3887 1572 4041 “2005‘2121231
1626 3888 1708 3989 ..
1733 3887 2226 4041 aasz

536 4029 550 4044 .
738 3998 818 4042 ns
892 3996 1103 4042 uerun
1187 3996 1233 4060 g
1258 3995 1355 4041 ori
1547 3995 1753 4041 ommi

271 4074 336 4129 et
377 4085 537 4131 suae
580 4083 837 4147 quoque
860 4062 1197 4128 autoritati
1229 4071 1565 4127 senatores
1598 4082 1717 4129 suo
1750 4060 1860 4144 pio
1893 4080 2223 4144 responso.

272 4147 345 4216 Si
389 4147 693 4215 turbator
745 4147 859 4213 ille
912 4147 1159 4214 librum
1215 4167 1411 4214 suum
1465 4145 1762 4225 ediderit,
1779 4148 1839 4224 ὅ)
1882 4144 2224 4212 existima·

270 4256 411 4301 rem
452 4256 590 4302 non
635 4233 766 4300 alia
802 4232 1077 4319 dignum
1113 4232 1560 4317 responsione,
1603 4232 1736 4298 nisi
1774 4231 1947 4316 quod
1988 4231 2224 4315 aliquis

271 4320 729 4407 typographus
772 4318 1236 4387 commendans
1278 4326 1540 4386 tantum
1581 4319 1710 4385 Dei
1754 4317 2000 4385 donum
2039 4318 2225 4384 inve-

272 4406 539 4473 heretur
580 4408 656 4471 in
700 4427 837 4485 eos,
878 4405 992 4490 qui
1034 4426 1119 4490 pe
1239 4425 1385 4472 ram
1436 4405 1801 4472 abutuntur
1842 4402 2224 4470 excudendo

270 4491 479 4559 malos
533 4493 734 4559 libros
748 4543 766 4572 ,
832 4498 899 4558 et
941 4511 1171 4559 monae
1226 4492 1239 4506 '
1304 4490 1549 4556 librum
1604 4488 2053 4574 proscinderet
2067 4539 2083 4568 ,
2151 4496 2228 4555 ut

271 4597 391 4661 par
410 4586 529 4657 est,
574 4577 932 4644 confutatis
952 4578 1287 4643 omnibus:
1311 4587 1389 4642 ut
1407 4575 1596 4643 facile
1617 4575 1821 4641 fuerit
1842 4596 1926 4640 ex
1959 4576 2040 4643 iis
2060 4596 2226 4659 quae

272 4663 351 4729 ad
379 4663 680 4750 Piyhium
713 4673 782 4730 et
814 4685 980 4748 quae
1017 4683 1227 4747 nuper
1266 4661 1602 4746 scripsisti,
1646 4669 1724 4728 ut
1761 4681 1898 4726 non
1933 4668 2225 4746 praeter-

272 4920 445 4977 1766.
476 4924 502 4975 1
575 4919 890 4990 Respondet
920 4917 997 4974 aa
1031 4917 1109 4974 N.
1149 4914 1305 4973 1759.
1340 4916 1494 4973 1760.

474 4926 667 5058 232„
762 4985 1326 5071 arguar-1·
1435 4987 1667 5058 maa
1795 4989 1806 5002 .
2078 4986 2138 5042 ,ᾖ

474 5060 899 5210 {Vrmy
985 5124 1546 5208 ...maomff
1729 5127 1772 5181 z·
1887 5125 2013 5182 V..
2189 5124 2227 5191 ·‚·

273 5192 1558 5255 mmmmmdasoeNm

478 5268 538 5333 5)
575 5267 796 5323 Horum
827 5266 977 5320 ratio
1008 5280 1111 5320 nos
1146 5264 1309 5334 fugit.
1380 5262 1568 5335 logui
1601 5262 1816 5321 vidam
1849 5264 1916 5319 de
1947 5262 2087 5319 libro
2120 5261 2223 5316 ali·

275 5332 2003 5406 quoaBozsoooeaendo,qaemu-onaehunappouoeeooke.

2064 405 2227 468 1553
2270 402 2458 471 IUL-

4154 414 4279 478 582

2321 610 2472 656 eam
2511 609 2681 675 quae
2723 590 3110 659 inconcusse
3153 593 3529 661 stabilivisti
3577 595 3650 660 in
3684 595 4115 664 Institutione
4164 606 4284 666 tua

2320 685 2461 743 tam
2502 677 2886 743 christiana.
2954 676 3090 745 &d
3133 677 3309 745 domi
3352 678 3556 747 habes
3599 682 3949 748 sanissima
3989 684 4284 764 consilia,

2321 771 2399 828 ut
2439 783 2607 847 opus
2649 783 2784 829 non
2827 764 2917 830 sit
2969 784 3117 831 meo
3172 773 3290 831 aut
3347 765 3618 833 alterius
3659 769 3947 835 cuiusvis
3990 770 4279 837 consilio.

2496 847 2722 930 Quum
2776 848 2905 930 hic,
2929 848 2981 936 θ)
3036 870 3229 934 quem
3290 852 3524 918 merito
3589 874 3847 938 semper
3912 876 3978 919 m
4116 857 4279 935 'eci,

2322 931 2496 1018 quod
2534 934 2668 1000 iam
2711 934 2923 1000 literis
2965 937 3120 1002 fecit
3152 957 3372 1003 coram
3408 937 3495 1003 sit
3529 936 3821 1005 facturus
3861 941 4099 1021 verbis,
4142 963 4284 1008 om-

2321 1018 2436 1084 nia
2479 1027 2555 1085 ut
2597 1019 2844 1086 habent
2886 1022 3347 1105 explicaturus,
3393 1024 3450 1089 si
3492 1022 3647 1107 quid
3681 1024 3941 1108 plenius
3976 1025 4058 1092 de
4091 1026 4281 1094 nobis

2321 1104 2491 1172 scire
2536 1105 2888 1186 desideras,
2947 1107 3141 1191 plura
3198 1130 3334 1174 non
3390 1106 3625 1174 addam
3642 1161 3658 1189 ,
3717 1111 3846 1176 nisi
3905 1110 4283 1179 indicavero

2323 1189 2694 1258 Mirabilem
2756 1193 3335 1277 Arctopolitanum
3400 1196 3611 1262 civem
3674 1195 3941 1275 factum,
3961 1201 4022 1275 ⁷)
4104 1197 4284 1264 vale-

2323 1275 2571 1344 dixisse
2613 1279 3017 1362 principibus
3061 1285 3130 1345 et
3170 1301 3395 1346 eorum
3460 1280 3836 1364 stipendiis:
3904 1283 4076 1368 quod
4120 1284 4285 1350 mihi

2320 1370 2590 1447 gratum
2635 1370 2757 1444 est,
2801 1364 3106 1431 existimo
3149 1364 3321 1450 quod
3365 1374 3430 1431 et
3473 1366 3611 1433 tibi.

2497 1449 2592 1516 Te
2645 1470 2885 1533 quaeso
2940 1472 3062 1537 pro
3110 1459 3213 1518 ter
3270 1462 3562 1519 nostram
3616 1453 3684 1519 in
3737 1452 4003 1521 Christo
4062 1454 4285 1523 amici-

2325 1534 2508 1616 tiam,
2547 1534 2705 1605 dum
2741 1535 2971 1602 scribis
3125 1558 3250 1614 me,
3290 1538 3401 1604 ubi
3431 1537 3761 1606 desideras
3784 1538 4033 1641 aliquid
4061 1542 4282 1625 (sicut,

2323 1621 2493 1687 bone
2565 1622 2767 1701 Deus,
2837 1642 3034 1707 quam
3106 1620 3540 1691 desideranda
3606 1645 3818 1709 paene
3887 1627 4286 1711 innumera),

2325 1727 2448 1791 age
2491 1728 2627 1772 non
2660 1716 2735 1773 ut
2778 1728 2929 1774 cum
2964 1728 3061 1787 eo,
3106 1710 3220 1792 qui
3255 1710 3389 1776 tuis
3422 1709 3611 1776 facile
3646 1711 4021 1778 offendatur
4054 1712 4286 1791 literis,

2322 1801 2393 1858 et
2427 1792 2543 1879 qui
2576 1791 2861 1860 morderi
2895 1815 3027 1860 non
3067 1795 3239 1861 ferat
3279 1816 3434 1861 suas
3476 1817 3687 1876 aures,
3731 1797 3876 1863 radi
3921 1818 4095 1863 vero.
4174 1795 4289 1862 Ni-

2324 1879 2455 1944 mis
2497 1879 2677 1944 enim
2719 1878 2885 1944 mihi
2917 1877 3238 1966 indulges,
3282 1901 3483 1966 quum
3518 1903 3655 1948 non
3689 1884 3928 1964 minus,
3974 1885 4108 1949 imo
4144 1904 4287 1948 ma-

2327 1965 2429 2050 gis
2483 1985 2682 2048 quam
2746 1964 2999 2050 collega
3064 1965 3442 2051 arguendus
3506 1988 3739 2048 essem,
3807 1990 4011 2053 quum
4068 1970 4289 2037 rarius

2326 2052 2658 2116 conferam
2703 2070 2901 2135 quam
2944 2072 3066 2135 par
3107 2053 3196 2118 sit
3236 2073 3389 2118 cum
3432 2074 3526 2119 eo.
3614 2055 3718 2121 Tu
3761 2076 3953 2141 rogas
3974 2108 3991 2135 ,
4047 2066 4126 2121 ut
4177 2053 4291 2122 bo—

2326 2157 2484 2202 nam
2549 2137 2756 2203 feram
2819 2145 3144 2217 mentem,
3224 2158 3427 2223 quum
3494 2140 3830 2224 urgendus
3896 2142 4023 2209 sim
4089 2163 4290 2225 quam

2326 2223 2632 2288 maxime.
2735 2220 2815 2289 Si
2873 2221 3192 2309 diligendi
3263 2234 3420 2290 sunt
3469 2225 3754 2306 inimici,
3808 2227 4015 2293 multo
4071 2250 4142 2294 m
4235 2228 4249 2242 ‘

2327 2307 2482 2374 talis
2521 2308 2727 2374 frater
2770 2317 2838 2377 et
2879 2310 3149 2388 amicus,
3193 2318 3261 2376 et
3304 2310 3378 2376 in
3416 2332 3492 2377 eo
3535 2311 3766 2379 ordine
3808 2313 3878 2378 in
3922 2333 4048 2398 quo
4093 2248 4290 2380 coaffuoL

2326 2401 2513 2460 catus
2555 2402 2658 2460 est
2700 2401 2769 2459 et
2812 2402 2954 2461 tam
2993 2404 3171 2462 arcte
3215 2397 3625 2478 coniunctus,
3670 2407 3737 2464 et
3769 2420 3965 2483 quam
4010 2399 4290 2466 sollicite

2326 2478 2697 2545 curandum
2739 2501 2825 2546 ne
2858 2478 3015 2564 quid
3051 2481 3427 2548 detrimenti
3463 2484 3678 2568 capiat
3712 2484 4001 2564 ecclesia,
4046 2494 4124 2550 ut
4159 2484 4291 2551 alia

2326 2564 2679 2632 innumera
2716 2572 2967 2632 taceam
2983 2617 2999 2648 ,
3058 2588 3224 2652 quae
3281 2566 3522 2635 debent
3577 2591 3696 2636 nos
3740 2591 3935 2654 quam
3980 2570 4292 2637 coniunc-

2327 2649 2616 2716 tissimos
2680 2651 2753 2716 in
2817 2652 3119 2720 omnibus
3172 2660 3415 2720 tenere.
3505 2653 3717 2721 Video
3768 2656 3946 2721 hunc
4004 2656 4287 2735 asinum,

2327 2736 2433 2803 cui
2495 2737 2750 2802 utinam
2810 2736 3120 2804 Christus
3177 2738 3463 2806 insideat
3527 2749 3593 2807 et
3650 2740 3845 2826 plane
3912 2751 4143 2808 enecet
4206 2763 4291 2807 ne

2328 2820 2613 2907 amplius
2671 2823 2856 2891 vivat
2909 2846 3026 2890 suo
3080 2844 3295 2904 more,
3351 2847 3546 2910 egere
3601 2826 3874 2893 sudibus
3932 2835 4000 2893 et
4042 2827 4288 2912 flagris,

2329 2930 2412 2973 ne
2456 2907 2826 2993 refragetur
2869 2917 3002 2974 tam
3046 2910 3422 2995 importune
3466 2912 3661 2977 iussis
3703 2913 3994 2977 Domini.

2498 2993 2687 3074 Vale,
2753 2994 2958 3061 frater
3016 3016 3054 3060 o
3103 3005 3282 3062 tume
3338 3004 3405 3063 et
3468 2997 3879 3079 amicissime,
3938 3003 4006 3063 et
4066 3005 4288 3064 tecum

2327 3078 2616 3165 collegae
2675 3080 2792 3146 tui.
2896 3079 3225 3149 Dominus
3267 3082 3456 3149 Iesus
3514 3105 3634 3150 vos
3702 3090 3924 3151 servet
3975 3091 4290 3184 perpetuo

2292 3166 2401 3233 .in
2470 3167 2880 3233 sanctissimo
2945 3187 3267 3234 consensu
3345 3178 3414 3234 et
3476 3189 3850 3255 progressu.
3939 3168 4156 3253 Cupio
4223 3177 4292 3235 et

2327 3253 2471 3337 pios
2513 3272 2741 3319 omnes
2785 3252 3019 3318 salvos.
3110 3252 3261 3319 Non
3307 3252 3532 3320 dubito
3575 3256 3736 3340 quin
3783 3256 3952 3323 mire
3997 3255 4292 3322 affician-

2329 3345 2439 3403 tur
2483 3339 2853 3405 oonstantia
2895 3337 3173 3405 fratrum
3216 3340 3328 3423 qui
3371 3339 3454 3405 ad
3477 3341 3838 3407 Dominum
3882 3340 4173 3428 migrant
4209 3341 4290 3408 ab

2328 3423 2551 3508 impiis
2600 3425 2777 3491 varie
2822 3423 3133 3491 divexati.
3222 3425 3499 3510 Collega
3545 3436 3612 3494 te
3655 3427 3917 3508 salutat,
3976 3437 4045 3494 et
4084 3428 4291 3494 frater

2329 3510 2441 3593 qui
2486 3532 2742 3577 mecum
2787 3519 2888 3576 est
2934 3508 3261 3578 Claudius.
3349 3512 3663 3580 Neocomi
3710 3517 3809 3579 27.
3856 3513 4013 3580 Iulii
4063 3515 4244 3579 1553.

3344 3649 3550 3716 'Pctus
3595 3659 3748 3716 tuus
3792 3650 4115 3716 Farellus.

3107 3938 3472 3953 —---—-5-...

3215 4194 3405 4267 17⁶7.

2745 4347 3220 4417 OALVINUS
3266 4346 3874 4416 GUALTHERO.

2511 4518 4289 4604 Commendatpuemmquendanenevensemamioi

2325 4605 3951 4692 filiumqumTurioiapudeumeducarioupo‘t.

2331 4780 2444 4846 (Ex
2481 4778 2819 4850 autographo
2853 4777 2984 4833 Cod.
3035 4775 3213 4899 ΤιιῙτΙίῖ.
3244 4774 3521 4912 ‘bul-8823}
3556 4774 3628 4830 38
3673 4777 3803 4831 olim
3838 4775 3996 4830 Thes.
4032 4775 4289 4847 Hotting.

2534 5124 2595 5258 ἐξ
2632 5125 3055 5246 ἑόἒοξοηιῶεαοῖίαε
3086 5189 3273 5257 πρίω
3303 5188 3502 5253 fuerat.

2536 5261 2597 5327 8)
2634 5276 2740 5315 vose
2775 5258 2958 5314 dubia.
3030 5258 3304 5326 Loquitur
3340 5256 3407 5311 de
3450 5257 3521 5309 iis
3557 5270 3698 5324 quae
3731 5255 3793 5308 in
3828 5256 4108 5325 semetipso
4142 5255 4285 5313 desi·

2326 5329 2518 5387 ἄσσα·
2544 5335 2788 5401 possunt.
3758 5407 3862 5463 87.
