4900 6167
648 456 768 522 167

642 647 916 734 poterit.
983 644 1246 711 Ferunt
1265 642 1536 711 Caesari
1567 664 1703 707 non
1746 662 1889 709 esse
1910 642 2114 707 moris
2148 650 2227 707 ut
2266 660 2415 707 cum
2456 638 2606 705 sub-

653 734 813 812 ditis
854 730 992 799 suis
1033 728 1333 796 inducias
1375 738 1491 794 aut
1532 749 1761 812 pacem
1799 727 1998 793 faciat
2029 727 2253 804 ullam,
2297 723 2605 810 quemad-

650 820 922 885 modum
967 838 1118 884 cum
1159 816 1390 882 Tui-cis
1433 824 1549 880 aut
1589 812 1889 880 hostibus
1932 813 2098 888 aliis,
2143 811 2260 878 sed
2293 810 2608 893 simplici·

652 913 761 970 ter
799 903 1029 970 iubere
1072 910 1151 967 ut
1192 900 1438 967 dedant
1479 920 1623 966 sese
1664 898 1748 964 ad
1790 900 2105 983 gratiam,
2149 897 2322 983 quod
2357 897 2606 973 dicunt,

654 1000 727 1058 et
778 988 1326 1074 indignationem,
1394 998 1510 1050 aut
1576 993 1654 1050 ut
1704 983 2143 1050 demoliantur
2206 982 2606 1049 munitiones

652 1097 883 1142 omnes
941 1074 1349 1156 militemque
1404 1080 1473 1137 et
1531 1069 1851 1154 praesidia
1909 1072 2261 1155 recipiant,
2328 1087 2607 1152 quorum

653 1161 913 1230 nullum
957 1158 1254 1226 Saxones
1296 1158 1508 1223 facere
1541 1165 1834 1222 assuetos
1875 1155 2192 1222 hactenus
2226 1155 2606 1239 priusquam

652 1248 1012 1314 morituros
1054 1265 1300 1322 omnes,
1346 1253 1482 1308 tam
1525 1263 1740 1307 mares
1780 1262 1976 1324 quam
2019 1242 2295 1307 feminas
2337 1258 2606 1325 pueros-

654 1354 811 1416 que,
857 1332 942 1398 ad
997 1350 1206 1396 unum
1262 1348 1491 1394 omnes
1547 1328 1899 1392 affirmant.
1990 1326 2143 1392 Dici
2199 1347 2333 1392 non
2387 1332 2606 1409 potest

653 1427 903 1503 quanta
944 1418 1033 1483 sit
1074 1416 1271 1482 huius
1315 1414 1528 1498 gentis
1594 1435 1710 1478 seu
1754 1412 2068 1478 fortitudo
2113 1433 2229 1478 seu
2276 1410 2604 1477 barbaries

653 1513 722 1571 et
765 1502 1088 1584 ἄναλγησία
1130 1503 1233 1564 καὶ
1267 1497 1564 1564 dua-aea*
1607 1498 1814 1565 veluti
1855 1497 2191 1582 quaedam.
2261 1496 2408 1562 Hoc
2449 1494 2603 1560 inde

654 1588 816 1655 adeo
872 1588 1071 1653 etiam
1140 1585 1293 1653 lieet
1356 1585 1701 1650 aestimare
1758 1584 1963 1667 quod,
2032 1605 2233 1666 quum
2291 1583 2482 1647 amici
2538 1588 2605 1646 et

654 1673 1223 1758 consanguinitate
1292 1671 1638 1754 propinqui
1712 1668 1886 1752 apud
1968 1691 2089 1735 nos
2156 1669 2264 1736 hic
2338 1668 2602 1751 plurimi

654 1779 897 1825 uxores
919 1767 1180 1823 tantum
1207 1755 1447 1821 liberos
1470 1756 1782 1840 parvulos
1816 1756 2091 1820 istorum
2116 1754 2410 1819 miserati
2446 1763 2603 1819 ante

654 1845 1055 1912 obsidionem
1100 1851 1168 1908 et
1210 1842 1473 1907 interim
1519 1842 1863 1925 aliquoties
1905 1850 2288 1906 evocassent
2320 1840 2403 1904 ad
2438 1861 2600 1916 sese,

654 1931 1036 2015 paucissimi
1081 1938 1300 1994 tamen
1355 1929 1665 1992 inventae
1720 1939 1878 1992 sunt
1934 1928 2243 1991 mulieres
2286 1927 2602 2009 puerique

656 2014 835 2100 apud
879 2016 1039 2079 istos
1081 2013 1258 2091 adeo,
1304 2014 1417 2098 qui
1462 2034 1595 2077 non
1640 2014 1844 2077 emori
1887 2034 1958 2077 se
2001 2012 2172 2095 apud
2218 2034 2368 2077 suos
2404 2010 2600 2075 malle

646 2103 1059 2167 affirmarent
1114 2120 1312 2183 quam
1374 2099 1607 2182 pedem
1667 2118 1945 2180 usquam
2003 2120 2044 2162 a
2102 2111 2303 2181 porta.
2332 2103 2368 2137 ⁶
2455 2097 2601 2161 Hoc

646 2189 1003 2253 etiamnum
1043 2185 1404 2269 perdurant
1437 2185 1658 2250 animo
1692 2183 1823 2247 nisi
1866 2183 2038 2267 quod
2077 2193 2342 2249 senatus
2377 2193 2599 2247 tamen

645 2285 712 2339 et
766 2272 1011 2337 milites
1082 2270 1390 2353 quosdam
1464 2269 1892 2353 pauperculos
1960 2270 2475 2353 decrepitosque,
2535 2277 2603 2333 et

642 2379 878 2443 pueros
931 2379 1005 2424 ac
1059 2377 1225 2421 anus
1285 2356 1580 2437 belloque
1637 2355 1904 2421 inutiles
1957 2356 2354 2438 expulerunt
2395 2354 2599 2419 semel

644 2457 841 2526 atque
883 2445 1123 2508 iterum
1170 2453 1360 2507 extra
1403 2450 1657 2525 portas,
1716 2450 1794 2504 ut
1836 2441 2078 2506 milites
2132 2450 2397 2524 possent
2441 2461 2596 2523 prae

641 2532 819 2594 fame
877 2529 1113 2593 durare
1169 2527 1433 2592 diutius.
1524 2526 1658 2592 Sed
1717 2527 1939 2591 hostes
1990 2527 2375 2609 repulerunt
2418 2527 2488 2591 vi
2533 2536 2600 2590 et

643 2625 900 2680 armata
952 2635 1152 2678 manu
1208 2612 1291 2677 ad
1353 2613 1599 2677 urbem.
1704 2612 1930 2694 Neque
1995 2613 2090 2676 illi
2149 2612 2596 2695 derelinquere

642 2701 964 2767 hactenus
1003 2701 1179 2782 ipsos
1235 2699 1500 2782 penitus
1550 2698 1926 2774 voluerunt,
1986 2695 2184 2781 quum
2228 2698 2411 2763 nulla
2454 2707 2595 2762 tum

642 2786 1000 2851 necessitas
1041 2805 1282 2868 magna
1323 2793 1573 2867 urgeat.
1648 2782 1782 2848 Sed
1828 2781 1909 2849 de
1943 2785 2162 2849 futuro
2202 2793 2418 2849 tamen
2462 2805 2595 2849 non

642 2881 925 2954 possunt
980 2893 1115 2934 non
1157 2891 1298 2936 esse
1355 2870 1636 2935 solliciti.
1727 2868 2016 2934 Omnino
2073 2891 2182 2935 res
2238 2867 2319 2935 ad
2377 2877 2594 2934 extre-

642 2979 831 3022 mum
874 2958 1215 3040 perveniet
1269 2956 1649 3032 discrimen,
1716 2956 1771 3021 si
1830 2977 1958 3038 pax
2019 2976 2153 3020 non
2207 2951 2597 3039 impetretur

641 3044 848 3121 brevi,
895 3042 975 3108 de
1018 3065 1144 3126 quo
1188 3053 1408 3107 tamen
1434 3063 1565 3106 non
1590 3051 1693 3107 est
1713 3061 1862 3123 spes
1884 3061 2143 3126 magna,
2187 3053 2262 3106 ut
2306 3062 2482 3106 nunc
2526 3063 2596 3106 se

643 3151 750 3196 res
794 3128 1059 3206 habent,
1104 3140 1179 3194 ut
1218 3128 1379 3192 dixi.

812 3215 1019 3281 Plura
1061 3236 1194 3279 non
1240 3213 1477 3278 addam
1521 3211 1602 3277 de
1643 3213 1839 3278 rebus
1882 3214 2145 3290 nostris,
2187 3233 2391 3295 quum
2436 3212 2596 3279 haec

640 3304 786 3384 ipsa
821 3301 958 3365 fere
1000 3301 1140 3364 sint
1182 3300 1406 3377 nimia,
1451 3305 1520 3363 et
1561 3298 2020 3381 occupationes
2052 3298 2378 3382 plurimae
2411 3318 2595 3365 sanc·

639 3387 1060 3467 tissimaeque
1096 3397 1250 3450 tuae
1284 3383 1641 3450 maioribus
1673 3384 2177 3466 melioribusque
2211 3395 2368 3448 sunt
2401 3383 2597 3449 desti-

634 3479 857 3538 natae.
946 3472 1038 3537 Et
1077 3492 1119 3535 a
1158 3478 1225 3537 te
1279 3470 1587 3535 malimus
1641 3469 1847 3536 multo
1901 3469 2174 3537 rescribi
2233 3468 2314 3535 de
2356 3470 2595 3536 vestris

640 3558 839 3624 rebus
883 3557 1217 3635 omnibus,
1275 3555 1482 3639 deque
1525 3577 1722 3621 cursu
1764 3552 1938 3638 apud
1981 3575 2103 3621 vos
2146 3555 2471 3639 evangelii
2513 3555 2592 3620 li-

639 3651 1063 3726 terarumque
1106 3652 1174 3707 et
1217 3641 1672 3719 humanitatis,
1738 3655 1815 3706 ut
1867 3661 2205 3724 speramus
2259 3651 2594 3725 optamus-

641 3749 769 3812 que
784 3779 801 3807 ,
857 3749 991 3795 non
1034 3727 1230 3812 paulo
1274 3726 1659 3794 secundiore
1714 3747 1910 3811 quam
1956 3726 2130 3809 apud
2182 3748 2302 3792 nos
2348 3736 2591 3805 nostra,

638 3821 719 3880 ut
759 3834 1086 3892 veremur,
1130 3812 1602 3898 ingratitudine
1635 3813 1780 3878 fieri
1814 3811 2091 3879 fortasse
2133 3813 2375 3896 poterit
2416 3826 2594 3896 post-

638 3900 785 3966 hac.
874 3899 1061 3964 Nihil
1106 3901 1283 3964 enim
1326 3919 1462 3965 non
1501 3899 1842 3982 impendet
1881 3898 2069 3974 mali,
2115 3907 2253 3963 tam
2292 3896 2464 3980 quod
2510 3897 2594 3963 ad

639 3995 910 4051 aeterna
951 3996 1021 4050 et
1060 3984 1428 4068 spiritualia
1474 4005 1675 4069 quam
1707 3982 1877 4066 quod
1922 3984 2007 4049 ad
2043 3992 2318 4050 externa
2357 3993 2427 4050 et
2460 4006 2597 4050 cor-

640 4070 895 4154 poralia
932 4071 1071 4136 fere
1113 4070 1369 4136 adtinet
1409 4072 1648 4136 omnia.
1705 4068 1890 4135 Deus
1931 4070 2319 4135 misereatur
2342 4070 2595 4153 patriae

643 4164 906 4223 nostrae
946 4158 1222 4222 miserae
1278 4166 1345 4221 et
1384 4155 1772 4221 miserabilis
1790 4206 1805 4233 ,
1870 4153 1927 4220 si
1969 4156 2191 4239 priora
2231 4155 2362 4221 Dei
2420 4153 2596 4221 dona

643 4243 972 4307 immensa
1015 4242 1468 4325 respiciantur.
1557 4240 1878 4323 Quamvis
1933 4242 2144 4325 possit
2196 4240 2409 4308 adhuc
2454 4262 2595 4306 esse

644 4348 794 4410 spes
836 4327 1176 4406 nonnulla,
1221 4329 1280 4393 si
1324 4347 1446 4391 nos
1488 4335 1745 4392 tantum
1788 4335 1857 4392 et
1897 4328 2106 4392 maior
2147 4347 2302 4410 pars
2346 4334 2597 4393 nostro-

641 4433 794 4478 rum
817 4412 991 4478 diem
1015 4413 1408 4480 visitationis
1428 4412 1945 4497 intelligeremus
1966 4422 2248 4492 nostrae,
2262 4423 2593 4479 VERBUM·

642 4520 769 4584 qne
812 4508 941 4563 DEI
985 4509 1053 4564 et
1094 4498 1571 4564 humanitatem
1630 4499 2071 4582 virtutemque
2127 4508 2194 4563 et
2247 4507 2596 4583 praecepta

641 4587 893 4669 primae
949 4585 1332 4667 praesertim
1400 4584 1664 4650 tabulae
1727 4585 2270 4668 amplecteremur
2336 4584 2594 4662 melius,

640 4690 855 4755 neque
899 4671 990 4734 ita
1026 4680 1294 4754 peccata
1324 4669 1606 4754 pcccatis
1638 4681 1863 4734 contra
1895 4671 2175 4753 primam
2208 4672 2594 4753 praesertim

640 4755 935 4822 tabulam
982 4757 1577 4834 accumularemus,
1621 4756 2017 4839 sanguisque
2060 4755 2453 4840 sanguinem
2495 4767 2595 4820 at-
2699 4836 2714 4842 ,
2835 4836 2866 4841 ,-

644 4844 740 4909 tin
788 4850 946 4909 eret.

744 4864 790 4928 g
815 4927 950 4995 Sed
995 4929 1161 4994 heus
1202 4935 1278 4992 tu
1324 4927 1404 4992 de
1446 4927 1720 4994 concilio
1756 4924 2143 4991 Tridentino
2177 4926 2316 4992 fere
2351 4925 2594 4992 oblitus

636 5037 843 5096 geram.
945 5013 1277 5081 Destinati
1333 5023 1489 5078 sunt
1545 5036 1585 5079 a
1637 5014 1879 5078 nostris
1936 5014 2045 5095 qui
2099 5013 2596 5096 proficiscantur

642 5101 812 5167 istuc
858 5101 941 5167 D.
989 5101 1321 5185 Georgius
1365 5099 1595 5182 Meyer
1627 5113 1696 5165 et
1738 5097 1979 5164 Daniel
2032 5098 2339 5165 Gra-serus
2373 5109 2595 5182 pastor

646 5185 1022 5265 Dresensis‚
1086 5200 1402 5271 urgetque
1457 5185 1700 5251 Caesar
1766 5192 1842 5248 ut
1894 5206 2088 5268 quam
2146 5186 2462 5262 maxime,
2527 5195 2595 5250 et

634 5271 920 5336 Interim
962 5273 1125 5338 illud
1181 5293 1376 5337 suum
1422 5281 1492 5336 et
1532 5270 1920 5336 Tridentina
1976 5270 2090 5335 illa
2140 5270 2366 5337 futura
2405 5293 2592 5337 exse·

634 5367 969 5440 qunturus
1029 5358 1269 5425 dicitur
1335 5358 1416 5424 ab
1469 5358 1772 5424 omnibus
1824 5355 1897 5422 in
1962 5358 2235 5441 imperio
2292 5369 2359 5425 et
2418 5356 2592 5442 apud

2157 449 2684 521 EPISTOLAE
2733 452 3152 517 1522—1525

4520 461 4626 522 168

2710 638 3006 706 subditos
3069 642 3438 708 omninos.*
3537 639 3716 723 Quid
3773 639 3952 708 Galli
4017 649 4086 707 et
4142 642 4342 727 Angli
4409 643 4627 709 facturi

2710 725 2849 790 sint
2891 725 3157 792 tandem
3203 727 3393 795 valde
3451 746 3612 792 aveo
3657 725 3899 792 audire.
3989 725 4162 792 Nam
4216 725 4297 792 de
4348 728 4521 795 vobis
4570 737 4631 796 ct

2708 810 3028 878 Helvetii·
3049 814 3335 880 nominis
3377 813 3524 878 aliis
3565 812 3888 891 omnibus,
3931 833 4123 878 nemo
4166 821 4267 879 est
4308 814 4416 898 qui
4458 813 4628 882 dubi-

2710 904 2822 963 tet.
2887 898 3201 965 Rescribe
3236 907 3310 966 tu
3346 920 3502 985 ergo
3522 897 3721 965 πάντα
3740 903 3849 978 μὲν
3882 903 4023 982 περὶ
4064 897 4318 974 πάντων,
4353 920 4425 965 ac
4457 920 4629 982 prae-

2710 984 2935 1048 sertim
2981 986 3180 1049 etiam
3225 982 3543 1070 quomodo
3606 985 3776 1068 apud
3823 1004 3936 1050 vos
3980 984 4293 1050 Genevae
4347 985 4632 1067 procedat

2709 1090 2816 1135 res
2857 1070 3146 1135 literaria
3161 1122 3177 1150 ,
3245 1081 3315 1136 et
3372 1067 3601 1154 ecquid
3651 1081 3884 1155 pergat
3931 1069 4283 1152 Stephanus
4326 1069 4630 1136 Robertus

2708 1165 2934 1220 noster
2956 1154 3009 1240 ⁸)
3045 1163 3121 1221 ut
3154 1157 3399 1222 solebat
3420 1156 3710 1222 Parisiis.
3783 1156 4057 1223 Utinam
4091 1156 4377 1222 ecclesiis
4401 1155 4632 1222 Christi

2709 1240 2783 1303 in
2827 1240 3148 1309 hebraicis
3191 1243 3442 1327 graecis
3477 1251 3546 1308 et
3578 1241 3928 1309 chaldaicis
3971 1261 4237 1325 operam
4271 1261 4524 1307 omnem
4564 1251 4633 1306 ut

2707 1328 3041 1411 inceperat
3089 1329 3363 1410 posthac
3406 1349 3542 1392 non
3584 1327 3959 1406 subtrahat,
4018 1347 4140 1393 nec
4182 1336 4466 1394 cessator
4505 1348 4632 1393 esse

2708 1413 2867 1479 velit
2912 1434 3218 1497 unquam.
3307 1415 3571 1498 Aliique
3614 1413 3917 1480 similiter
3959 1414 4202 1481 faciant
4244 1413 4636 1498 quidquam·

2708 1500 2960 1582 possint
3014 1520 3131 1583 pro
3187 1501 3396 1584 gloria
3454 1500 3706 1566 Christi
3764 1500 4097 1583 literisque
4153 1498 4634 1566 humanioribus

2707 1592 2774 1649 et
2855 1593 3084 1651 contra
3174 1585 3538 1652 barbariem
3626 1586 4278 1670 superstitionemque
4370 1605 4632 1652 omnem.

2721 1670 3081 1755 VeryeriuS,
3127 1671 3580 1750 Berrontintw,
3627 1671 4049 1750 Fre-salmias,
4107 1679 4174 1735 et
4227 1672 4286 1737 si
4343 1671 4452 1756 qui
4493 1677 4634 1736 sunt

2705 1757 2818 1821 alii
2863 1758 3027 1823 tales
3070 1759 3176 1824 vel
3219 1758 3540 1834 meliores,
3586 1759 3743 1840 quid
3790 1765 3993 1842 agant
4036 1766 4294 1824 stentve
4329 1755 4633 1824 cadantve

2706 1850 2774 1995 {t
2814 1844 3151 2016 labascang
3190 1846 3262 1909 in
3305 1843 3577 1911 concilio
3613 1842 3996 1909 Tridentino
4037 1853 4486 1928 exspectamus
4529 1863 4633 1919 ve,-

2757 1939 3066 1995 ementer.
3094 1935 3120 1971 ⁹

2878 2012 3012 2082 Sed
3068 2016 3325 2102 longior
3368 2037 3511 2080 sum
3568 2023 3633 2081 et
3687 2014 3805 2080 tibi
3862 2015 3999 2081 fere
4056 2015 4391 2081 molestior
4453 2029 4635 2098 quam

2748 2123 2823 2167 ar
2866 2102 2973 2180 sit,
3023 2112 3254 2169 tuaeve
3296 2114 3413 2167 aut
3457 2123 3638 2167 meae
3683 2101 3882 2167 etiam
3917 2103 4371 2185 occupationes
4414 2101 4633 2165 ferant.

2759 2186 2841 2253 ed
2905 2189 3233 2273 ignosceS,
3297 2208 3464 2271 quae
3528 2197 3642 2252 tua
3704 2197 3805 2253 est
3868 2188 4246 2253 humanitas
4359 2188 4634 2269 ietasque

2703 2274 2894 2353 ade0,
2953 2276 3010 2340 si
3053 2274 3395 2341 dulcedine
3437 2273 3720 2358 quadam
3773 2272 3977 2338 veluti
4033 2274 4264 2339 confab
4341 2271 4505 2338 ando
4549 2280 4634 2334 te—

2702 2381 2852 2425 cum
2902 2368 3251 2445 provectus
3308 2382 3454 2426 sum
3511 2361 3788 2444 longius.
3876 2359 4138 2425 Caritas
4202 2380 4340 2424 non
4404 2364 4631 2442 peccat.

2701 2448 2802 2513 Ac
2844 2446 2971 2512 nisi
3017 2454 3090 2510 tu
3133 2446 3520 2530 copiosiores
3557 2447 3986 2528 rescripseris,
4033 2446 4362 2510 offensum
4397 2454 4461 2508 te
4503 2465 4634 2509 sus-

2698 2531 2963 2616 picabor
2994 2532 3382 2614 loquacitate
3415 2531 3764 2598 incondita
3844 2531 4129 2598 Posthac
4164 2532 4217 2595 si
4254 2528 4638 2597 indicaveris

2699 2639 2866 2701 quae
2909 2619 3321 2702 potissimum
3362 2619 3556 2685 scribi
3601 2618 3784 2699 velis,
3829 2616 3912 2683 ad
3958 2639 4036 2682 ea
4077 2616 4216 2682 sola
4249 2639 4359 2683 me
4396 2634 4634 2682 accom-

2700 2702 2995 2783 modabO,
3040 2702 3236 2785 idque
3276 2705 3475 2769 attica
3516 2704 3660 2786 lege
3703 2703 3840 2768 ἄνευ
3878 2705 4103 2767 παθῶν
4144 2706 4247 2765 καὶ
4290 2708 4631 2788 προοιμίων.

2699 2788 2870 2855 Vale
2892 2810 3049 2873 ergo
3071 2811 3321 2873 nosque
3364 2789 3534 2872 quod
3577 2791 3734 2855 facis
3779 2787 4060 2867 redama,
4106 2796 4302 2872 atque
4341 2786 4632 2854 rescribe.

2698 2875 2893 2942 Datis
2933 2876 3200 2959 Lipsiae
3234 2874 3546 2959 postridie
3568 2875 4077 2956 Bamtholomaei
4102 2879 4189 2951 ¹⁰)
4235 2895 4414 2940 anno
4463 2877 4631 2937 1551.

3409 3032 3773 3094 Aeternum
3816 3037 3884 3095 et
3926 3051 4009 3094 ex
4051 3029 4272 3094 animo
4317 3036 4478 3093 tuus

3537 3132 3934 3199 Valentinus
3972 3132 4224 3198 Paceus
4266 3141 4388 3199 etc.

2870 3323 3107 3391 Saluta
3167 3323 3410 3390 amicos
3477 3331 3688 3388 certos
3752 3332 3821 3386 et
3875 3340 4030 3386 con-

2697 3419 2965 3477 stantes.
3047 3409 3360 3477 Salutant
3400 3410 3600 3475 etiam
3643 3416 3708 3473 te
3751 3415 4027 3490 tuosque

2696 3518 2772 3563 ac
2814 3505 3073 3563 nostros
3114 3496 3306 3561 amici
3352 3496 3459 3560 hic
3501 3515 3743 3559 omnes.

3479 3824 3870 3835 ..η-μ...-

3578 4073 3769 4146 1523.

3195 4227 3675 4297 SULZERUS
3720 4227 4147 4296 CALVINO.

2873 4402 3268 4470 Commendat
3305 4401 3365 4465 ei
3401 4399 3765 4465 Flandmm
3800 4400 4092 4484 aliquem,
4137 4406 4193 4464 et
4226 4400 4417 4468 obiter
4457 4421 4636 4482 quao—

2695 4490 2846 4557 dam
2886 4489 3135 4572 attinyit
3162 4487 3430 4568 politica
3471 4491 3528 4551 et
3566 4486 3989 4553 ecclesiastica.

3018 4677 3128 4743 (Ex
3166 4675 3502 4745 autographo
3536 4673 3662 4730 Cod.
3700 4674 3901 4729 Genev.
3939 4673 4055 4742 112,
4091 4674 4179 4730 fol.
4216 4674 4332 4744 94.)

2905 4950 4194 5023 8)Quihocipaoa2mooevoevaepmuaas···
4225 4965 4258 5004 ο
4367 4950 4378 4962 “
4519 4946 4632 5003 αἰαῖ-

2695 5023 3379 5103 ditN.T.9raecum3a
3494 5023 3505 5036 “
3725 5019 4254 5090 εάίὺἰοπῶκερῑα·
4386 5017 4634 5076 numeris

2696 5095 2990 5151 diversum.
3088 5089 3317 5146 Rmsss·
3351 5091 3494 5146 Bibl.
3532 5092 3607 5145 N.
3650 5092 3712 5145 T.
3816 5129 3831 5144 .
3909 5130 3923 5143 .
3958 5089 4071 5157 58.)

2902 5162 2962 5242 9)
3000 5161 3056 5214 A
3139 5176 3206 5215 ea
3252 5175 3630 5241 quae-supra
3683 5105 3981 5240 Νζωιῷθ,
4039 5164 4152 5213 not.
4203 5156 4634 5240 4Jaudoem‘moe

2701 5229 2954 5301 Veryerit
2987 5230 3198 5300 scripta
3232 5228 3375 5284 adde
3407 5245 3522 5284 nam
3554 5229 3681 5284 hoc:
3728 5231 3927 5284 Consul.
3975 5228 4120 5281 'Pi-id.
4166 5227 4479 5293 fugiendum
4516 5238 4634 5277 csse

2694 5303 2960 5435 omnibltbs)
2982 5301 3101 5381 piis.
3141 5299 3293 5355 1551.
3327 5301 3364 5353 4
3397 5304 3452 5354 et
3480 5297 3531 5352 8.
3603 5298 3723 5353 Alii
3752 5298 3852 5353 idi
3884 5296 3996 5352 duo
4027 5296 4189 5353 nobis
4220 5296 4413 5365 temti.
