4900 6167
256 432 322 493 65

256 612 536 736 (In-offam
570 612 782 735 codisee,
790 612 1128 737 03:⁸¹&qu
1162 626 1322 693 manu
1336 613 1558 734 dnm-ip?
1571 655 1585 682 ,
1604 612 1831 734 dlegitur
1864 612 1933 737 ag
1960 613 2169 737 &⁰⁹⁰¹

252 690 338 737 m
419 698 569 735 orum
606 698 835 805 ιιτίοιζξῑιι
867 696 1291 819 ιιιαιιῗιοοὲιξῗιξῖιὶ
1326 696 1815 813 αᾶῗῖἓὶιοὲιιΐοῖῗ.
1926 700 1960 737 u
2058 699 2169 753 τῳ.

394 922 536 1007 Ego
579 920 688 989 hic
732 919 1019 988 breviter
1074 920 1352 986 formam
1404 919 1643 987 dictavi
1687 921 1831 988 eius
1874 922 2171 1004 responsi

284 1007 394 1074 uod
449 1006 776 1091 praefecto
834 1013 901 1072 et
952 1008 1212 1072 senatui
1268 1011 1490 1074 vestro
1556 1006 1964 1073 offerendum
2020 1009 2166 1074 erit.

252 1029 315 1161 gi
348 1094 561 1159 minus
603 1099 830 1160 exacte
871 1100 1302 1176 persequutus
1336 1113 1483 1158 sum
1519 1092 1783 1178 singula
1814 1112 2008 1177 quam
2051 1115 2173 1177 par

252 1187 391 1258 erat,
436 1199 568 1244 non
611 1177 1050 1263 negligentiae
1080 1178 1461 1263 imputabis,
1524 1176 1639 1243 sed
1682 1179 1910 1263 capitis
1964 1178 2169 1245 dolori

250 1267 339 1349 qui
375 1284 478 1329 me
533 1264 677 1331 heri
739 1285 778 1330 a
821 1262 1097 1349 prandio
1140 1264 1314 1329 inter
1356 1262 1781 1347 equitandum
1840 1266 2170 1349 corripuit,

251 1351 351 1418 hac
388 1358 575 1416 nocte
617 1348 1067 1416 inhumaniter
1107 1371 1213 1415 me
1257 1349 1598 1428 tractavit,
1654 1371 1833 1417 nunc
1875 1351 2171 1434 aliquan-

249 1445 365 1502 tum
396 1436 736 1520 mitigatus
759 1457 891 1501 non
920 1445 1142 1501 tamen
1180 1434 1548 1502 molestiam
1571 1435 1882 1503 exhibere
1909 1435 2169 1503 desinit.

390 1521 771 1588 Ministrum
818 1519 1109 1588 Concisii
1125 1523 1188 1598 ²)
1250 1520 1624 1604 alloquutus
1690 1543 1853 1587 sum.
1957 1520 2171 1589 Sicuti

250 1608 315 1673 ad
354 1607 736 1691 capiendum
778 1606 1108 1693 migrandi
1154 1606 1503 1672 consilium
1541 1606 1737 1673 nimis
1780 1607 1989 1674 facilis
2031 1607 2170 1674 fue-

246 1703 358 1773 rat,
417 1694 508 1760 sic
550 1694 620 1759 in
668 1693 985 1759 mutanda
1028 1693 1358 1758 sententia
1414 1714 1549 1759 non
1618 1692 1778 1759 adeo
1837 1692 2167 1759 difficilem

203 1802 303 1848 ,ω
340 1781 644 1862 praebuit.
734 1777 955 1862 Quum
1021 1779 1339 1863 plurimae
1392 1778 1723 1863 lacrymae
1779 1787 1847 1846 et
1913 1801 2041 1845 vox
2099 1778 2168 1845 in

246 1865 511 1931 faucibus
544 1864 889 1950 praeclusa
920 1865 1073 1931 boni
1117 1864 1247 1929 viri
1283 1865 1575 1929 animum
1614 1865 1851 1930 misere
1896 1866 2170 1931 anxium

248 1973 368 2017 esse
408 1950 843 2028 ostenderint,
887 1951 971 2017 ad
1015 1963 1384 2016 extremum
1428 1959 1650 2016 tamen
1694 1970 1926 2016 manus
1970 1950 2167 2016 dedit.

248 2033 598 2104 Clementer
653 2056 809 2121 ergo
866 2036 1251 2102 tractandus
1297 2044 1427 2113 est,
1495 2057 1694 2120 quum
1755 2058 1826 2101 se
1882 2038 2170 2120 patiatur

247 2123 402 2189 sanis
442 2122 726 2190 consiliis
779 2123 939 2207 regi.
1030 2121 1256 2188 Unum
1302 2121 1466 2186 mihi
1509 2143 1710 2204 quum
1754 2122 1900 2188 istic
1959 2143 2170 2188 essem

246 2209 536 2275 memoria
576 2206 852 2275 excidit:
897 2220 972 2274 ut
1016 2206 1096 2274 de
1136 2206 1408 2273 Orbana
1451 2207 1726 2274 ecclesia
1768 2219 1979 2274 tecum
2025 2228 2171 2293 age-

247 2314 385 2359 rem.
487 2293 771 2375 Quando
844 2293 1148 2360 Robcrtus
1169 2292 1222 2374 ³)
1290 2303 1511 2358 noster
1571 2292 1733 2359 adeo
1793 2292 2167 2377 despicitur,

248 2381 488 2445 omuino
553 2401 700 2447 cum
776 2378 984 2446 Vireto
1055 2380 1374 2447 assentior
1438 2378 1566 2445 alio
1640 2379 2170 2446 transferendum

249 2485 387 2530 esse.
442 2466 674 2533 Missio
708 2475 787 2531 ut
822 2464 1095 2532 honesta
1130 2466 1219 2530 sit
1253 2463 1618 2531 curandum
1639 2474 1759 2531 est.
1828 2463 1937 2532 Ad
1972 2485 2168 2549 quam

246 2571 367 2616 rem
409 2551 574 2616 nihil
615 2550 832 2618 iudico
888 2552 1024 2618 fore
1084 2553 1299 2634 aptius
1356 2570 1553 2634 quam
1597 2551 1653 2616 si
1689 2549 1774 2617 ad
1816 2571 1935 2617 vos
1977 2571 2169 2616 revo-

247 2644 425 2712 cetur,
469 2637 591 2703 sub
631 2636 755 2704 hoc
796 2644 1145 2724 praetextu
1187 2645 1264 2702 ut
1303 2636 1591 2702 hominis
1644 2645 1945 2703 senectus
1986 2636 2168 2720 quie-

248 2724 360 2786 tior
398 2724 479 2787 sit
520 2734 590 2789 et
632 2744 671 2788 a
714 2723 1181 2789 certaminibus
1224 2730 1491 2788 remota.
1582 2720 1658 2788 Si
1702 2730 1917 2788 autem
1967 2744 2169 2808 nepos

248 2807 368 2872 eius
424 2808 702 2877 Sorelliae
767 2810 1154 2894 subrogetur
1207 2810 1430 2874 minus
1484 2828 1679 2893 aegre
1731 2806 1947 2888 cedet,
2016 2809 2169 2892 quia

248 2893 431 2959 veluti
476 2895 757 2962 alterum
804 2917 874 2962 se
917 2895 1259 2978 relinquet.
1351 2893 1549 2970 Vale,
1601 2894 1842 2977 optime
1893 2906 1958 2960 et
2000 2895 2166 2962 inte-

248 2980 500 3061 gerrime
554 2982 774 3047 frater.
863 2981 971 3048 Ex
1035 2980 1218 3047 lecto.
1309 2979 1647 3047 Salutabis
1707 2999 1850 3045 meo
1907 2980 2169 3046 nomine

250 3063 570 3151 diligenter
611 3066 866 3133 fratres.
956 3067 1284 3132 Dominus
1330 3065 1510 3131 vobis
1551 3066 1738 3131 adsit.

394 3153 697 3220 Nescivi⁴
793 3173 994 3237 quum
1064 3150 1463 3218 discederem
1530 3161 1595 3216 te
1665 3152 1733 3216 in
1815 3150 2168 3217 diversorio

249 3236 490 3305 solvisse
547 3261 635 3323 qu
763 3240 1262 3322 insumpseram.
1355 3236 1535 3319 Quid
1591 3256 1748 3321 ergo
1802 3236 1964 3302 mihi
2018 3257 2166 3320 pro·

248 3321 353 3386 fuit
388 3324 649 3392 divitias
705 3347 886 3393 meas
931 3324 1106 3410 apud
1165 3333 1227 3389 te
1273 3321 1731 3407 praedicasse?
1824 3323 1968 3407 Ego
2015 3344 2170 3389 vero

248 3405 396 3475 hanc
428 3411 731 3477 iniuriam
779 3412 963 3478 brevi
999 3411 1216 3495 aliqua
1259 3408 1491 3475 saltem
1527 3430 1610 3473 ex
1648 3417 1832 3492 parte
1876 3409 2166 3475 ulciscar.

905 3548 1190 3613 Ioannes
1235 3545 1554 3614 Calvinus
1597 3559 1776 3612 totus
1820 3556 1997 3611 tuus.

948 3838 1355 3847 -.ὴ-..Μ-

1108 4056 1303 4128 1458.

608 4209 1277 4279 BULLINGERUS
1324 4210 1774 4278 MYCONIO.

397 4381 787 4449 Commendat
827 4383 885 4448 ei
928 4383 1205 4450 iuvenem
1245 4384 1625 4462 studiosum,
1687 4389 1742 4450 et
1782 4383 1939 4451 dono
1979 4385 2167 4451 mittit

251 4467 601 4549 exemplaria
649 4467 1080 4534 consensionis
1124 4474 1177 4534 et
1221 4489 1373 4535 suae
1415 4471 1672 4552 quintae
1715 4468 2009 4536 Decadia

251 4654 368 4730 quint
408 4657 634 4725 epistola
677 4658 841 4726 quasi
879 4657 1261 4724 postmiptum
1304 4658 1556 4712 articulis
1595 4658 1831 4713 subiecta
1882 4663 1962 4712 eet
2012 4656 2167 4711 nulla

252 4724 397 4780 nm
462 4724 474 4736 “
605 4724 780 4780 aliove
812 4725 968 4780 modo
1003 4724 1072 4781 ab
1106 4724 1180 4777 iis
1213 4731 1486 4791 separata.
1566 4725 1797 4781 Guinam
1833 4726 1975 4781 enim
2006 4741 2165 4795 prae-

252 4792 312 4842 ter
393 4793 613 4849 arelium
649 4793 808 4848 talem
851 4793 1088 4860 formam
1121 4792 1525 4848 deliberationis
1561 4795 1771 4850 alienae
1799 4794 2010 4864 publice
2036 4811 2164 4865 pro-

250 4855 500 4920 foreman·
534 4862 754 4918 tradere
781 4857 1279 4931 praempeieeet?

253 4990 335 5050 bur
392 4929 576 5054 »ἕως
608 4930 1126 5056 „ffloecfflss'ssf‘ffi'i
1143 4929 1582 5065 &magneta
1600 5006 1881 5071 acceperat
1900 4930 2165 5068 (affl

252 5012 466 5135 IV.⁹4026,
496 5069 566 5135 et.
600 5068 756 5151 iufra·
795 5067 1008 5122 Farelli
1047 5084 1127 5150 ep.
1178 5068 1257 5123 ad
1300 5067 1583 5150 Hallerum
1632 5067 1705 5124 N.
1752 5067 1931 5136 1466).
2008 5067 2164 5139 Quis·

251 5143 361 5210 san
388 5151 507 5192 cero
552 5138 631 5193 ibi
678 5138 924 5192 minister
960 5135 1133 5203 suem
1175 5145 1227 5192 et
1272 5136 1407 5207 quid
1454 5153 1573 5193 cum
1610 5152 1668 5194 eo
1702 5140 1868 5208 eaeo-ii
1907 5136 2168 5194 Calvinus

251 5214 729 5357 ''¹⁸⁰'‘'33‘3’20wae„
788 5274 887 5338 (N.
924 5272 1056 5358 ιοςιαι
1092 5279 1142 5329 ιι
1177 5272 1353 5358 126⁷.)

429 5341 481 5409 4)
520 5344 675 5400 Haec
706 5359 823 5413 ipse
857 5341 1120 5400 Calvinus
1153 5343 1468 5414 adscripsit.

444 5425 658 5484 omnini
690 5444 876 5498 opera.
959 5429 1072 5484 Vol.
1113 5427 1296 5482 XIII.

1979 428 2136 492 1551
2186 425 2470 494 MART.

2211 5237 2222 5396 i

4144 441 4230 507 66

2272 614 2380 683 (Ex
2415 620 2646 687 autogr·
2683 615 2755 672 bo
2805 617 2966 672 Arch.
3003 616 3182 674 Turio.
3230 619 3376 674 Plut.
3414 619 3514 675 VI.
3561 621 3679 677 Vol.
3735 621 3849 690 129,
3873 559 4014 681 *oum
4050 626 4226 683 Sci-in.

2514 684 2578 741 B.
2615 633 2755 757 Lppp.
2791 686 2941 741 Tom.
2977 684 3062 752 30,
3097 687 3187 741 fol.
3224 686 3342 742 256.
3383 718 3444 729 —
3482 690 3696 748 Simler.
3732 692 3849 747 Vol.
3885 691 3992 761 74.)

2271 949 2340 1007 et
2370 857 2560 1008 &gn
2617 855 2909 924 Osualdo
2953 859 3260 943 Myconio
3304 860 3760 929 colendissimo
3800 863 4060 931 domino
4103 887 4223 933 suo

3833 1034 4049 1104 Basel.

2445 1161 2516 1230 S.
2564 1157 2648 1231 D.
2738 1164 2958 1246 Quam
3017 1168 3181 1234 bene
3222 1187 3473 1235 mecum
3520 1171 3762 1252 agitur,
3817 1172 4084 1239 colende
4127 1174 4222 1239 mi

2274 1248 2576 1334 Myconi,
2621 1250 2794 1333 quod
2838 1251 3155 1319 Mercator
3197 1261 3421 1320 noster
3443 1260 3494 1331 ¹)
3538 1256 3621 1321 ad
3662 1267 3726 1321 te
3769 1259 4219 1340 proficiscitur.

2272 1333 2447 1401 Nam
2494 1335 2601 1402 hic
2644 1338 2834 1404 vivae
2877 1338 3186 1421 epistolae
3230 1340 3369 1406 loco
3414 1362 3554 1407 esse
3599 1351 3826 1425 potest.
3898 1342 4034 1428 Ego
4076 1354 4221 1411 tan-

2274 1420 2361 1487 tis
2403 1419 2762 1507 distringor
2811 1424 3043 1509 capitis
3100 1422 3429 1492 doloribus
3474 1428 3824 1495 contractis
3867 1451 3951 1495 ex
3995 1430 4217 1497 nimiis

2274 1506 2519 1592 vigiliis
2590 1509 2766 1575 curis
2820 1519 2888 1575 et
2956 1510 3283 1576 laboribus
3343 1524 3421 1577 ut
3486 1512 3599 1578 vix
3633 1513 3831 1581 'haec
3897 1518 4221 1597 potuerim

2275 1613 2578 1670 exarare,
2632 1595 2744 1677 qui
2801 1605 3023 1661 tamen
3086 1596 3205 1661 tibi
3264 1599 3740 1679 copiosissimas
3794 1599 4217 1683 promiseram

2274 1699 2391 1762 per
2440 1679 2735 1745 (fustium
2778 1681 3188 1763 nostrum12)
3297 1683 3548 1748 Verum
3596 1683 3797 1751 habes
3854 1686 3963 1753 hic
4005 1689 4220 1770 copio-

2272 1784 2415 1830 sam
2460 1764 2789 1831 Decadem
2836 1776 3126 1833 nostram
3170 1768 3484 1851 quintam.
3562 1768 3784 1836 Habes
3830 1771 4221 1839 Consensio-

2273 1871 2426 1915 nem
2486 1857 2779 1917 nostram
2837 1865 2904 1918 et
2967 1854 3101 1918 cari
3158 1852 3380 1920 fratris
3432 1853 3700 1934 calvini,
3747 1859 3855 1940 qui
3901 1859 4028 1923 iam
4074 1857 4223 1924 edet

2272 1936 2809 2002 commentarium
2855 1939 2927 2002 in
2961 1938 3203 2004 Isaiam
3247 1949 3313 2003 et
3358 1944 3414 2004 7.
3453 1938 3816 2009 Canonicas
3850 1965 4000 2010 cum
4034 1964 4221 2027 prae-

2270 2020 2517 2087 fatione
2573 2033 2803 2089 contra
2859 2024 3204 2090 concilium
3259 2025 3342 2091 ad
3388 2024 3808 2096 Edouardum
3863 2028 3982 2093 VI.
4082 2028 4219 2095 Oro

2271 2117 2348 2172 ut
2390 2106 2516 2172 hoc
2560 2128 2779 2174 meum
2821 2110 3281 2177 munusculum
3341 2110 3494 2176 boni
3539 2112 3857 2180 consulas.
3948 2114 4223 2182 Utinam

2272 2199 2340 2257 et
2372 2213 2491 2276 per
2526 2193 2733 2259 otium
2769 2192 3122 2279 diligenter
3156 2196 3382 2263 liceret
3416 2195 3649 2281 legere.
3719 2197 3871 2265 Scio
3907 2200 4025 2265 tibi
4061 2199 4223 2270 haec

2272 2298 2408 2343 non
2443 2278 2865 2363 displicitura.
2957 2279 3111 2349 Scio
3154 2283 3313 2347 satis
3356 2281 3674 2366 plurimos
3714 2287 3953 2351 rectius
3989 2286 4068 2351 de
4103 2307 4222 2351 no-

2273 2363 2374 2431 bis
2439 2363 2842 2432 iudicaturos
2861 2418 2876 2440 ‚
2957 2368 3066 2449 qui
3130 2367 3448 2434 hactenus
3518 2390 3631 2451 pro
3699 2372 4222 2438 sacramentariis

2272 2448 2897 2516 condemnaverunt.
2982 2452 3208 2535 Neque
3264 2455 3439 2519 enim
3504 2456 3747 2521 frustra
3804 2455 4082 2522 multum
4128 2456 4222 2522 la-

2272 2535 2447 2601 boris
2490 2537 2916 2620 insumpsisse
2956 2560 3061 2604 me
3103 2559 3292 2623 spero
3336 2541 3406 2605 in
3442 2538 3800 2606 scribendis
3843 2542 3937 2626 iiij
3978 2563 4222 2609 sermo-

2271 2619 2466 2771 nifflis·
2525 2621 2606 2686 de
2665 2625 3108 2690 sacramentis.
3198 2625 3334 2692 Sed
3393 2627 3582 2709 cupio
3641 2637 3706 2690 et
3762 2636 3954 2692 tuum
3997 2628 4224 2694 audire

2272 2728 2340 2771 1u
2412 2727 2602 2773 cmm.

2443 2791 2686 2872 Habes,
2721 2795 3007 2877 inquam,
3043 2807 3108 2860 et
3147 2793 3550 2862 Mercatomm
3573 2807 3888 2876 nostrum,
3924 2798 3995 2864 in
4031 2821 4225 2882 quem

2274 2898 2513 2962 magno
2556 2899 2703 2944 cum
2745 2881 2964 2946 fructu
3022 2880 3356 2948 contulisti
3409 2902 3827 2965 quaecunque
3870 2884 4240 2951 contulisti(

2271 2962 2709 3031 Examinatus
2751 2965 3046 3049 apposite
3092 2977 3158 3030 et
3202 2966 3387 3033 docte
3449 2967 3802 3050 respondit.
3894 2970 4224 3053 Receptus

2271 3059 2373 3114 est
2415 3070 2572 3133 ergo
2615 3070 2654 3115 a
2696 3051 3038 3134 praefectis
3069 3050 3338 3136 collegio
3375 3053 3445 3117 in
3482 3075 3832 3119 numerum
3868 3056 4220 3138 stipendia-

2272 3134 2537 3200 riorum.
2629 3134 2949 3202 Gratulor
3012 3158 3167 3220 ergo
3213 3137 3333 3203 tibi
3379 3137 3459 3203 de
3505 3147 3638 3203 tam
3676 3140 3880 3204 bonae
3923 3142 4059 3224 spei
4105 3141 4222 3207 ho-

2272 3220 2469 3286 mine.
2559 3221 2661 3287 'Pu
2704 3222 2969 3288 hortare
3014 3233 3090 3287 ut
3133 3232 3364 3307 pergat
3420 3245 3562 3290 esse
3617 3224 3902 3307 optimus
3960 3237 4026 3291 et
4082 3237 4222 3293 stu-

2275 3304 2696 3373 diosissimus.
2786 3308 2955 3374 Vale
2999 3319 3356 3375 aeternum.
3426 3310 3753 3376 Dominus
3795 3332 3952 3377 mox
3997 3325 4058 3378 te
4104 3333 4222 3380 no-

2276 3390 2374 3457 bis
2418 3392 2814 3458 incolumem
2857 3396 3179 3473 restituat,
3223 3395 3344 3462 das
3384 3396 3506 3461 wir
3546 3397 4022 3462 mitteinandren
4062 3396 4224 3464 koew

2271 3477 2428 3543 nind
2466 3480 2648 3559 faron
2693 3480 2796 3546 ins
2847 3478 3189 3546 Concilium
3232 3502 3316 3546 eu
3352 3480 3597 3546 Trient:
3638 3482 3809 3548 daun
3842 3483 3946 3549 ein
3987 3482 4222 3550 kranck

2162 3553 2177 3570 ⁸
2271 3562 2460 3645 haupt
2509 3566 2635 3632 vnd
2688 3564 2847 3631 boesz
2897 3568 3120 3648 fiiszss)
3174 3567 3430 3633 mellend
3470 3572 3648 3633 suast
3691 3569 3812 3633 niu
3854 3568 3969 3634 wol
4009 3568 4219 3652 fiiyen.

3221 3650 3406 3717 Salvi

2270 3649 2503 3714 Martii
2569 3654 2624 3715 6.
2693 3670 2864 3716 anno
2940 3656 3119 3717 1551.
3477 3654 3610 3718 sint
3672 3655 3906 3718 fratres
3974 3675 4222 3720 omnes.

2273 3732 2586 3800 Salutant
2633 3744 2696 3802 te
2737 3736 2990 3803 fratres.

3411 3823 3835 3907 Bullingerus
3880 3833 4047 3890 tuus.

3047 4119 3156 4126 Ἠφ-

3137 4332 3331 4404 1459.

2717 4487 3284 4558 BADUELLUS
3332 4488 3776 4558 OALVINO.

2445 4660 2698 4726 Narrat
2738 4665 2990 4726 mortem
3035 4659 3336 4727 Fero-onii
3351 4714 3366 4741 ‚
3426 4665 3656 4726 statum
3696 4681 3908 4727 rerum
3953 4682 4213 4729 suarum

2270 4746 2518 4829 exponit
2558 4746 2769 4827 qualis
2803 4750 2933 4810 tam
2979 4746 3290 4813 Nemausi
3332 4766 3527 4830 quam
3571 4746 3871 4831 Iquuni
3903 4768 4027 4831 pro
4071 4751 4214 4812 tem-
4261 4737 4290 4768 ⁸

2268 4932 2446 4988 14⁵8.
2475 4933 2534 4996 1)
2569 4933 2851 4989 maiam
2896 4933 3219 4989 Turicensix.

2474 5002 2532 5065 2)
2569 5004 2877 5058 ministrum
2923 5003 3289 5059 Basileensem
3336 5003 3655 5074 Bullinqero
3707 5003 3980 5075 frequenti
4021 5004 4213 5073 episto-

2267 5070 2369 5127 lica
2408 5072 2720 5128 conmercia
2754 5072 3111 5138 familiarem.
3190 5069 3302 5141 Qui
3331 5087 3480 5127 anno
3514 5074 3759 5143 sequenti
3787 5078 3932 5140 peste
3966 5073 4214 5130 nubtam

2268 5145 2347 5194 eet
2380 5139 2561 5196 eodem
2591 5141 2709 5206 fere
2741 5146 2976 5208 tempore
3007 5157 3113 5210 quo
3132 5147 3183 5196 ei
3215 5142 3334 5209 ipse
3355 5141 3649 5210 Myconius
3664 5148 3715 5195 et
3735 5140 3852 5195 Seb.
3877 5141 4214 5198 Muueterue.

2474 5207 2530 5274 3)
2569 5208 2865 5279 Myconius
2896 5209 3230 5279 podamicus
3264 5216 3386 5265 erat
3418 5208 3670 5279 (Kirchh.
3693 5207 3839 5276 3⁷5),
3874 5218 3925 5264 et
3958 5211 4056 5266 hoc
4091 5214 4213 5279 ipso

2268 5291 2415 5332 anno
2450 5279 2511 5330 in
2545 5284 2799 5348 suffectu
2841 5277 2969 5333 dum
3015 5279 3179 5334 conicit
3408 5296 3439 5335 r
3483 5278 3826 5347 apoplexiam
3871 5294 4073 5348 passus
4118 5286 4214 5349 cet,

2265 5344 2412 5401 unde
2442 5352 2623 5402 tamen
2653 5346 2903 5402 revaluit.
