4900 6167
226 541 326 603 421

228 746 346 791 cem
396 724 815 791 ecclesiarum
867 724 1038 788 tueri
1101 743 1177 788 ac
1235 743 1622 789 conservare
1675 722 1854 788 omni
1913 720 2130 786 studio

225 811 460 894 pergite.
549 809 806 875 Viviaci
850 806 1155 875 Calendis
1200 808 1541 875 Decembr.
1595 812 1775 873 1552.

746 944 984 1010 Vester
1025 966 1106 1010 ex
1152 944 1370 1010 animo
1411 943 1615 1010 frater
1657 953 1723 1010 et
1766 948 2134 1029 symmysta

977 1045 1371 1113 Franciscus
1414 1044 1896 1130 Sampaulinus.

1069 1570 1260 1641 1678.

687 1725 1150 1796 GALVINUS
1194 1723 1655 1793 FARELLO.

373 1900 620 1965 Narrat
673 1919 831 1980 quae
881 1897 951 1962 in
1005 1903 1228 1964 senatu
1282 1918 1483 1979 nuper
1523 1901 1849 1963 transacta
1890 1896 2019 1962 sint
2062 1896 2135 1960 in

217 2006 386 2052 causa
429 1984 800 2051 Baltasaris
848 1982 998 2067 Sept
1037 1990 1095 2049 et
1157 1984 1466 2049 sociorum
1506 1982 1858 2049 consistorii
1898 1982 2133 2047 autori-

218 2077 382 2136 tatem
421 2071 904 2137 detrectantium.

217 2241 384 2306 (Manu
418 2241 626 2312 scripta
659 2258 764 2294 nou
803 2247 993 2294 exstat.
1063 2239 1287 2308 Legitur
1332 2256 1366 2291 a
1399 2237 1541 2292 Besa
1575 2237 1723 2292 edita
1757 2235 1894 2293 Gen.
1927 2255 1977 2307 p.
2016 2236 2133 2304 109,

263 2311 407 2364 Lens.
444 2327 500 2378 p.
539 2309 657 2375 241,
695 2309 901 2364 Hanov.
938 2327 991 2379 p.
1026 2306 1148 2374 270,
1183 2307 1392 2362 Chouet
1423 2323 1476 2374 p.
1518 2304 1632 2371 147,
1670 2306 1846 2362 Amet.
1881 2323 1934 2376 p.
1971 2305 2083 2366 67.)

369 2482 429 2545 A
491 2477 780 2544 discessu
835 2487 1051 2544 vestro
1077 2478 1129 2560 ¹)
1187 2497 1413 2542 rursus
1469 2476 1537 2541 in
1582 2477 1827 2541 curiam
1872 2484 2143 2543 vocatus

222 2585 368 2630 sum.
455 2565 689 2649 Neque
733 2566 901 2629 enim
939 2566 1222 2630 comicus
1257 2571 1478 2627 noster
1512 2560 1755 2628 ansar
1794 2561 2141 2646 legationis

220 2649 535 2716 obeundae
579 2670 778 2715 causa
795 2652 854 2724 2)
909 2656 1063 2715 ante
1105 2647 1313 2714 voluit
1366 2644 1598 2731 pedem
1655 2646 1817 2712 urbe
1860 2667 2141 2727 movere,

222 2757 398 2887 32²5..
441 2733 1822 2905 iis‘ffimahfflffiimgmffimaffitfflss
1851 2733 2141 2903 ῗῗῗὲῗ

221 2917 446 2972 natum.
542 2907 691 2972 Non
735 2917 956 2972 tamen
1001 2919 1271 2972 vocatus
1324 2926 1469 2969 sum
1527 2924 1646 2987 per
1687 2905 2140 2987 apparitorem,

223 2991 320 3056 sed
361 2993 551 3058 venit
594 2990 858 3056 domum
906 3013 1074 3057 unus
1128 3012 1210 3056 ex
1266 2989 1674 3056 senatoribus
1731 2990 1839 3071 qui
1884 3010 1990 3053 me
2033 2989 2145 3054 de-

223 3076 488 3144 duceret.
577 3076 723 3143 Illic
766 3076 1120 3143 Baltkasar
1162 3096 1245 3140 ex
1280 3095 1461 3141 more
1494 3083 1887 3157 conquestus
1929 3082 2032 3141 est
2064 3074 2147 3141 de

223 3162 447 3229 iniuria
494 3161 617 3228 sibi
660 3163 844 3228 facta.
869 3163 924 3245 ³)
993 3160 1328 3245 Respondi
1363 3160 1535 3244 quod
1577 3161 1797 3224 visum
1839 3168 1956 3225 est.
2024 3159 2147 3226 Se-

223 3257 398 3315 natus
440 3247 826 3314 deliberatio
870 3269 993 3315 nec
1038 3246 1320 3313 difficilis
1374 3267 1493 3313 nec
1535 3244 1646 3311 lon

226 3333 376 3417 quod
419 3353 672 3410 omnes,
718 3354 793 3399 ac
837 3333 892 3399 si
937 3353 1064 3399 non
1108 3332 1373 3407 iudices,
1419 3330 1532 3396 sed
1578 3351 1661 3394 vo
1687 3331 1929 3398 untarii
1974 3331 2148 3397 arbi-

223 3419 296 3482 tri
327 3419 650 3497 sederent,
694 3418 857 3483 nihil
895 3427 1182 3485 statuere
1216 3416 1564 3490 audebant,
1608 3415 1781 3498 quod
1814 3437 1946 3481 non
1981 3418 2148 3481 utri-

224 3524 334 3587 que
374 3506 552 3589 parti
595 3506 838 3570 scirem
894 3513 1156 3589 gratum
1201 3503 1358 3568 fore.
1447 3501 1797 3567 Balthasar
1839 3520 1988 3567 cum
2031 3522 2150 3568 suo

225 3601 481 3670 patrono
527 3590 728 3656 semel
784 3600 981 3673 atque
1024 3590 1262 3654 iterum
1309 3596 1581 3653 vocatus
1601 3638 1617 3661 ,
1673 3587 1974 3653 ferociter
2015 3587 2147 3654 cal·

226 3676 486 3741 citravit.
567 3674 859 3742 Tandem
898 3675 1079 3741 visus
1120 3682 1238 3752 eet,
1283 3674 1396 3756 qui
1439 3693 1559 3738 sua
1592 3672 1978 3755 intemperie
2011 3693 2150 3737 om-

227 3761 323 3826 nia
359 3760 638 3826 turbare
681 3761 846 3826 solet
863 3812 878 3838 ,
925 3761 1099 3825 illius
1142 3759 1478 3824 lasciviam
1523 3758 1816 3836 domare,
1870 3757 1978 3823 vel
2020 3758 2151 3823 sal-

227 3853 344 3909 tem
385 3846 618 3914 sedare
660 3845 933 3911 nimium
979 3847 1298 3911 fervorem
1317 3895 1332 3921 ,
1375 3863 1461 3908 ne
1502 3852 1844 3928 cogeretur
1886 3853 2152 3910 senatus

227 3929 287 3993 in
326 3951 475 3997 eum
523 3951 666 3997 esse
710 3931 949 3997 durior.
1039 3930 1188 3995 Etsi
1233 3938 1453 3995 autem
1497 3928 1899 3994 simulabant
1940 3930 2149 4010 ambo,

228 4033 288 4079 se
325 4018 618 4101 graviter
672 4019 772 4082 uri
830 4018 912 4081 ob
970 4016 1256 4081 inustam
1313 4014 1621 4079 infamiae
1676 4023 1928 4093 notam,
1985 4014 2154 4079 nihil

229 4109 432 4168 tamen
464 4103 824 4178 malebant,
860 4122 1056 4187 quam
1091 4111 1298 4167 totam
1332 4100 1515 4165 litem
1551 4099 1804 4181 placide
1836 4101 2151 4183 componi.

228 4183 388 4265 Quia
428 4188 616 4254 nullo
659 4187 852 4252 modo
886 4187 1055 4253 elabi
1097 4194 1352 4271 poterat
1386 4187 1584 4250 miser
1616 4185 1757 4263 iste,
1802 4186 1964 4268 quin
2000 4205 2153 4268 poe·

229 4289 366 4337 nam
408 4272 601 4339 daret
641 4274 784 4339 eius
825 4273 1102 4338 convicii
1158 4270 1329 4355 quod
1381 4270 1601 4337 ebrius
1660 4270 1731 4334 in
1789 4291 1894 4336 me
1937 4270 2151 4336 effuti-

229 4367 399 4423 verat
415 4410 431 4438 ,
489 4358 756 4424 tandem
811 4358 996 4441 quasi
1065 4358 1368 4441 precibus
1438 4356 1698 4441 cognati
1753 4356 1856 4421 sui
1913 4359 2151 4437 victus,

229 4449 538 4510 staturum
584 4464 655 4509 se
699 4444 966 4509 arbitrio
1010 4451 1277 4509 senatus
1311 4442 1626 4526 promisit.
1712 4440 1929 4507 Multa
1961 4461 2151 4525 prae-

228 4535 407 4609 tereo,
450 4549 622 4613 qnae
661 4529 836 4594 ultro
878 4530 1170 4611 citroque
1204 4528 1453 4611 agitata
1486 4534 1656 4593 sunt.
1724 4524 1901 4607 Quia
1933 4535 2152 4593 trans-

229 4614 539 4681 actionem
584 4614 751 4678 mihi
806 4615 1045 4697 negavi
1100 4622 1313 4678 ratam
1355 4614 1491 4678 fore
1507 4664 1524 4690 ‚
1583 4613 1708 4678 nisi
1753 4611 2027 4695 publicis
2071 4613 2151 4677 li-

227 4700 371 4765 teris
413 4709 660 4767 testata
700 4709 898 4778 esset,
959 4700 1272 4764 recitatur
1314 4718 1397 4763 ex
1441 4699 1685 4782 scripto
1728 4705 2151 4764 senatuscon-

229 4783 481 4867 sultum,
504 4787 573 4851 in
601 4785 772 4852 hanc
795 4785 1095 4851 formam:
1121 4783 1327 4850 Recte
1347 4802 1454 4849 me
1476 4792 1542 4848 et
1561 4804 1642 4849 ex
1666 4782 1880 4849 officio
1901 4782 2151 4862 fecisse,

229 5018 478 5148 mgb?
515 5024 849 5080 Dicentem
902 5023 1156 5078 videntur
1207 5027 1334 5090 poet
1379 5020 1520 5076 ldae
1565 5021 1710 5077 Noc.
1766 5020 1838 5087 cf.
1889 5019 1969 5076 N.
2015 5019 2152 5075 1669

229 5229 356 5294 W
417 5161 480 5224 2)
529 5161 789 5215 Parra-ue
822 5159 977 5214 420.
1004 5158 1118 5215 Oct.
1154 5158 1402 5227 aaronica
1436 5158 1700 5227 levatione
1733 5159 1795 5212 in
1830 5158 2153 5214 causaBer·

601 5245 638 5283 a
671 5229 940 5284 redierat.-
971 5231 1082 5282 iam
1115 5244 1242 5296 erqo
1276 5242 1473 5282 mam
1495 5227 1735 5296 aliquan·
1753 5227 2001 5282 obiturus
2017 5232 2151 5282 orat.

417 5301 481 5364 3)
688 5340 702 5366 ,
747 5296 1064 5352 Ber-teucria
1119 5303 1170 5352 et
1215 5296 1447 5352 Boo-nae
1727 5297 1737 5309 '
1863 5297 1875 5310 ‘

230 5367 570 5502 mm
593 5366 896 5492 mdia
922 5367 1125 5432 fuerat,
1157 5371 1206 5421 et
1240 5365 1577 5435 baptismalis
1608 5364 1845 5433 sponsio.
1923 5363 2006 5432 Of.
2042 5381 2150 5420 oui-

1495 5300 2152 5352 acommonoeoeaae
2259 5297 2301 5352 1

1879 535 2042 597 1552
2088 532 2494 601 DEGEMB.

1775 3245 1913 3310 fuit.
2000 3246 2168 3312 Nisi·

4055 539 4186 604 422

2231 720 2404 805 quod
2460 721 2649 786 illum
2702 742 2743 787 a
2798 741 2989 788 sacra
3040 720 3349 805 baptismi
3404 721 3751 803 sponsione
3794 719 4185 804 depulerim.

2231 805 2416 872 Nihil
2456 827 2599 873 esse
2640 827 2874 874 causae
2891 858 2907 885 ,
2965 828 3088 873 cur
3145 829 3215 873 se
3268 806 3517 873 laesum
3576 816 3918 890 queratur,
3977 829 4187 891 quum.

2232 913 2352 959 suo
2395 893 2630 958 merito
2672 892 3004 975 repulsam
3047 893 3231 957 illam
3263 912 3497 975 passus
3530 893 3634 956 sit.
3706 891 3820 957 Illi
3861 892 4184 973 mandari,

2234 988 2312 1043 ut
2364 999 2472 1043 me
2513 979 2585 1043 in
2640 986 2975 1061 posterum
3027 988 3405 1043 reverenter
3449 976 3621 1043 colat
3635 1028 3650 1054 ,
3716 979 4041 1044 abstineat
4097 978 4183 1044 ab

2233 1065 2415 1128 omni
2468 1063 2893 1129 contumacia.
2995 1063 3093 1128 Et
3148 1064 3302 1145 quia
3368 1082 3632 1146 sparsus
3691 1071 3865 1129 esset
3934 1085 4183 1142 rumor,

2234 1149 2423 1214 illum
2468 1149 2635 1214 mihi
2676 1148 2932 1214 absenti
2974 1147 3419 1225 maledixisse,
3465 1146 3634 1231 quod
3679 1149 3802 1214 sibi
3846 1169 4189 1232 nunquam

2234 1235 2496 1300 venisse
2536 1236 2609 1298 in
2649 1243 2932 1299 mentem
2977 1232 3251 1312 diceret,
3310 1233 3528 1299 locum
3568 1233 3665 1298 illi
3707 1234 3807 1299 sui
3853 1234 4187 1318 purgandi

2236 1318 2401 1385 dari.
2504 1319 2689 1385 Haec
2754 1330 2974 1385 autem
3044 1319 3453 1404 purgationis
3526 1319 3774 1401 species
3845 1318 4185 1401 palinodia

2235 1415 2379 1470 erat
2421 1405 2696 1470 honesto
2736 1413 3083 1487 praetextu
3124 1405 3346 1470 velata
3364 1456 3378 1482 ,
3439 1425 3565 1487 quo
3610 1403 3889 1470 dedecus
3932 1405 4180 1489 effuge—

2237 1499 2357 1557 ret.
2444 1490 2766 1556 Additum
2810 1492 3037 1569 etiam,
3097 1498 3399 1556 senatum
3444 1490 3607 1556 haec
3649 1489 3872 1555 omnia
3912 1490 4040 1556 sibi
4079 1491 4182 1555 in-

2236 1587 2427 1659 tegra
2470 1596 2771 1655 servare,
2831 1584 2900 1641 et
2955 1596 3184 1642 severe
3229 1575 3715 1640 vindicaturum
3733 1626 3748 1650 ,
3810 1576 3867 1640 si
3921 1574 4180 1658 quando

2237 1661 2350 1727 ille
2391 1661 2829 1727 insolesceret.
2899 1659 3034 1727 Sed
3068 1661 3222 1744 quia
3261 1661 3489 1742 laqueo
3525 1682 3595 1726 se
3629 1661 4053 1727 constrictum
4090 1667 4184 1726 te-

2238 1747 2384 1812 neri
2425 1748 2748 1824 cernebat,
2795 1747 2935 1812 eius
2978 1748 3239 1812 veniam
3283 1746 3575 1812 extorsit.
3646 1744 3994 1812 Caeterum
4040 1745 4183 1812 affi-

2239 1832 2344 1898 nis
2408 1831 2581 1908 eius,
2647 1831 2761 1914 qui
2812 1840 3237 1906 materteram
3292 1831 3494 1897 habet
3548 1851 3818 1896 uxorem
3838 1882 3852 1907 ,
3872 1836 3928 1906 ⁴)
3995 1832 4183 1915 quasi

2239 1938 2386 1983 mea
2428 1917 2742 1983 facilitate
2786 1917 3011 1983 liceret
3053 1919 3196 1982 sine
3239 1916 3430 1982 modo
3464 1916 3666 1995 abuti,
3713 1917 3793 1981 de
3839 1937 3958 1982 suo
4001 1914 4184 1980 addi·

2241 2000 2365 2080 dit,
2425 2013 2501 2067 ut
2540 2022 2662 2086 ego
2705 2002 2995 2069 vicissim
3038 2023 3156 2085 pro
3199 2003 3369 2067 bono
3424 2009 3491 2066 et
3531 2002 3804 2067 honesto
3861 2023 4013 2067 eum
4068 2002 4187 2065 ho-

2242 2089 2419 2153 mine
2483 2087 2806 2153 haberem.
2912 2085 3192 2153 Ostendi
3243 2088 3528 2153 breviter
3571 2108 3769 2170 quam
3827 2084 4188 2152 absurdum

2243 2184 2312 2238 et
2353 2172 2702 2259 indiguum
2744 2172 2909 2238 illud
2954 2173 3137 2238 foret.
3224 2173 3332 2237 Ita
3386 2172 3529 2238 sine
3593 2193 3778 2237 mora
3820 2182 3888 2237 et
3943 2173 4184 2254 absque

2243 2258 2382 2323 ulla
2424 2258 2906 2342 disceptatione,
2952 2258 3123 2342 quod
3160 2277 3499 2341 perperam
3535 2255 3893 2336 addiderat,
3937 2278 4186 2340 expun-

2245 2364 2402 2428 gere
2466 2347 2681 2410 iussus
2725 2352 2843 2409 est.
2931 2344 3078 2429 Ego
3130 2343 3342 2427 primo
3384 2343 3499 2407 illo
3551 2344 3763 2427 capite
3820 2353 4189 2421 contentus,

2244 2451 2371 2513 quo
2414 2450 2657 2513 magna
2708 2429 2873 2494 mihi
2926 2440 2994 2494 et
3054 2430 3321 2513 collegis
3374 2427 3641 2495 libertas
3695 2437 3883 2511 parta
3925 2437 4056 2505 est,
4118 2428 4190 2492 in

2245 2515 2514 2598 reliquis
2555 2536 2664 2580 me
2709 2514 3105 2580 exorabilem
3148 2514 3438 2598 praebui.
3526 2513 3729 2579 Nobis
3773 2513 3952 2578 enim
3996 2513 4192 2578 daba-

2245 2609 2356 2666 tur
2398 2599 2571 2683 quod
2617 2601 2937 2685 sanguine
2977 2621 3122 2666 meo
3158 2599 3569 2698 redemptum
3606 2611 3947 2683 optassem.
4017 2597 4190 2664 Nam

2247 2686 2369 2751 etsi
2414 2685 2755 2769 aliquoties
2797 2685 3160 2752 rationibus
3206 2695 3447 2750 nostris
3490 2684 3984 2763 succubuerant,
4025 2682 4194 2748 nihil

2248 2780 2475 2837 tamen
2525 2770 2740 2838 adhuc
2783 2773 2942 2836 certi
3000 2769 3500 2853 pronunciatum
3545 2771 3771 2835 fuerat.
3859 2769 4072 2834 Porro
4116 2777 4195 2833 ut

2249 2857 2526 2922 sentiret
2565 2855 2677 2922 ille
2711 2857 3008 2939 quamvis
3046 2854 3379 2940 indignus,
3423 2876 3529 2920 me
3563 2855 3798 2921 salutis
3832 2877 3908 2921 ac
3952 2855 4195 2937 quietis

2250 2963 2404 3008 suae
2447 2962 2589 3008 esse
2633 2940 2941 3027 cupidum
2960 2992 2976 3019 ,
3035 2941 3336 3009 consului
3394 2949 3469 3006 ut
3520 2939 3602 3005 ad
3660 2942 3916 3005 veniam
3971 2939 4196 3022 depre-

2249 3027 2526 3094 candam
2549 3037 2779 3110 sponte
2813 3048 2883 3093 se
2917 3027 3296 3094 consistorio
3317 3027 3597 3093 offerret.
3666 3026 4027 3090 Facturum
4048 3045 4195 3108 pro-

2250 3114 2447 3192 misit,
2494 3122 2563 3178 et
2604 3114 2787 3178 venit
2830 3111 3114 3195 quidem,
3157 3112 3273 3177 sed
3307 3112 3576 3177 minime
3610 3112 3934 3176 animatus
3968 3118 4046 3175 ut
4081 3108 4195 3174 de-

2251 3198 2455 3265 cebat.
2529 3197 2824 3282 Superbe
2868 3199 3045 3264 enim
3087 3197 3360 3264 iactavit
3401 3217 3473 3262 se
3516 3196 3768 3262 nullius
3803 3198 4033 3278 culpae
4069 3194 4195 3261 sibi

2252 3305 2394 3350 esse
2437 3284 2797 3350 conscium:
2846 3291 2912 3349 et
2953 3303 3187 3367 parum
3232 3283 3476 3362 aberat,
3521 3282 3678 3365 quin
3722 3281 3884 3346 alios
3927 3284 4193 3363 impete·

2251 3378 2372 3436 ret.
2460 3371 2606 3453 Ego
2649 3389 2794 3434 meo
2837 3369 3049 3434 officio
3098 3367 3440 3434 defunctus
3483 3368 3790 3434 excusavi
3804 3418 3819 3446 ,
3865 3365 4035 3450 quod
4080 3386 4195 3448 pa-

2253 3465 2443 3521 terna
2483 3454 2895 3538 indulgentia
2938 3476 3089 3519 eum
3144 3452 3229 3519 ad
3280 3454 3518 3519 bonam
3574 3454 3830 3538 frugem
3887 3471 4197 3518 revocare

2252 3541 2499 3606 frustra
2539 3548 2810 3605 conatus
2855 3560 3083 3606 essem.
3172 3537 3508 3605 Dimissus
3551 3547 3653 3604 est
3685 3558 3833 3603 cum
3875 3538 4045 3603 tristi
4091 3558 4196 3600 re-

2253 3646 2508 3709 sponso,
2552 3625 3106 3691 excommunicari
3149 3645 3300 3690 eum
3345 3634 3414 3690 et
3456 3623 3741 3702 sodales,
3784 3622 3988 3689 donec
4030 3622 4195 3687 resi-

2299 3712 2596 3777 iscerent.
2684 3710 2974 3775 Mirabili
3017 3711 3146 3776 Dei
3201 3709 3611 3794 providentia
3654 3708 3777 3774 hoc
3818 3718 4030 3773 totum
4072 3728 4195 3791 gu-

2334 3808 2596 3862 rnatum
2639 3794 2782 3872 fuit,
2826 3795 2998 3878 quod
3039 3797 3302 3879 privata
3362 3796 3559 3860 venia
3598 3795 3806 3859 fretus
3860 3795 3931 3858 in
3972 3793 4193 3859 animo

2254 3880 2537 3948 habebat
2575 3881 2799 3964 paucis
2856 3890 3002 3963 post
3057 3880 3280 3947 diebus
3338 3879 3659 3945 infantem
3717 3877 3883 3944 mihi
3938 3879 4193 3956 afferre,

2257 3976 2332 4033 ut
2384 3968 2694 4032 maiorem
2745 3965 2919 4050 apud
2972 3965 3135 4032 rude
3202 3964 3313 4030 vul
3492 3963 3813 4029 invidiam
3865 3965 4199 4043 conflaret,

2256 4053 2314 4119 si
2369 4054 2736 4118 reiicerem:
2803 4051 2965 4116 mihi
3036 4072 3193 4116 vero
3252 4070 3324 4115 re
3353 4049 3367 4064 '
3423 4049 3481 4114 'o
3540 4050 3767 4115 fuisset
3822 4048 4188 4127 admittere,

2256 4138 2369 4221 qui
2439 4136 2698 4221 publico
2772 4137 3081 4203 eeclesiae
3147 4134 3388 4201 iudicio
3456 4132 3803 4201 damnatus
3816 4184 3833 4213 ,
3904 4133 4202 4200 nondum

2256 4222 2724 4306 poenitentiam
2768 4242 2951 4287 suam
2987 4222 3315 4306 professus
3357 4229 3512 4286 erat.
3587 4219 3648 4284 N
3649 4239 3777 4285 unc
3820 4240 3949 4285 non
3989 4218 4201 4284 facilis

2256 4307 2448 4374 modo
2482 4308 2670 4374 nobis
2705 4307 2998 4385 victoria,
3042 4305 3157 4373 sed
3237 4303 3552 4382 lausibilis
3588 4305 3788 4370 etiam
3823 4325 4017 4372 causa
4052 4304 4201 4370 erit.

2253 4392 2653 4544 3333&
2666 4393 3187 4562 ἓῖιῗξᾍᾙ,
3216 4391 4200 4543 mpiffffpss‘iffliississaffiss

2253 4583 2377 4630 nos
2420 4561 2667 4629 eludet:
2713 4584 2880 4647 qnae
2913 4575 3134 4629 tamen
3174 4564 3321 4645 ipsa
3354 4561 3438 4629 ad
3471 4563 3844 4645 exemplum
3882 4560 4193 4645 proderit.

2256 4648 2566 4716 Senioree
2608 4669 2837 4715 omnes
2880 4647 3198 4715 habemus
3254 4650 3503 4732 optime
3550 4648 3738 4715 nobis
3797 4650 4198 4724 coniunctos,

2255 4734 2449 4800 valde
2491 4735 2690 4799 etiam
2732 4731 3031 4800 cordatos
3072 4735 3146 4799 in
3189 4733 3532 4801 asserendo
3575 4733 3883 4800 ecclesiae
3927 4734 4085 4810 iure,
4131 4743 4199 4796 et

2255 4819 2617 4887 coercenda
2658 4820 3099 4901 improborum
3160 4820 3507 4904 protervia.
3594 4818 3822 4886 Unum
3875 4817 4200 4883 duntaxat

2256 4906 2510 4988 excipio
2527 4956 2544 4983 ,
2588 4906 2697 4987 qui
2740 4911 2961 4970 tamen
3003 4905 3269 4988 perfidis
3311 4904 3446 4970 suis
3488 4902 3822 4971 blanditiis
3864 4902 4200 4969 neminem

2256 4991 2572 5056 hactenus
2614 4990 2826 5073 potuit
2866 4991 3146 5057 flectere.

2457 5228 2521 5295 4)
2557 5229 2914 5284 Baithaearis
2946 5234 3119 5285 mater
3150 5234 3268 5284 erat
3291 5228 3549 5284 Pernetta
3588 5225 3793 5288 Ramel,
3829 5224 3983 5280 caius
4015 5224 4205 5291 frater

2471 5300 2484 5312 '
2610 5297 2902 5354 secandam
2936 5312 3162 5353 uoeorm
3194 5298 3431 5354 duxerat
3464 5297 3711 5351 Mau-iam
3737 5294 3922 5348 Fam-e
3948 5293 4209 5360 famosae

2253 5366 2598 5506 ὣῗᾚοῗο
2636 5366 2862 5422 Per-rim·
2892 5367 3086 5423 uxoris
3119 5381 3376 5422 sororem.
3448 5365 3694 5432 (Galim,
3729 5370 3842 5419 aot.
3876 5359 3996 5433 ye'a.
4032 5365 4077 5418 I.
4098 5364 4211 5422 118

3677 5516 3778 5572 27*
