4900 6167
231 399 330 462 325

229 584 344 649 vioe
382 581 559 646 divin
603 602 823 665 quaux
852 584 1250 650 oeremonies
1290 584 1402 666 qui
1444 604 1529 650 en
1570 582 1958 667 dependent.
2047 585 2138 650 Et

228 666 411 751 quand
452 668 511 730 le
554 666 724 733 livre
764 667 952 733 dudit
970 667 1186 734 Ordre
1209 669 1261 754 ⁸)
1306 689 1452 735 sera
1493 670 1795 753 imprime
1828 669 2139 755 divulgue

227 770 279 819 et
314 753 686 818 sommande
732 751 1088 820 dobserver
1131 754 1272 838 (qui
1331 774 1479 821 sera
1519 756 1801 821 environ
1841 755 1905 820 le
1948 776 2139 840 moys

227 839 291 904 de
328 839 671 906 novembre
713 838 1246 922 prochainement
1286 848 1564 912 venant)
1582 892 1597 918 ,
1657 839 1830 906 alors
1876 843 2140 925 jespere

225 924 277 989 le
304 927 584 989 traduire
627 933 696 989 et.
739 946 900 990 vous
943 925 1283 1009 lenvoyer,
1341 947 1507 1009 pour
1570 945 1760 1008 apres
1816 948 1901 992 en
1956 927 2140 993 avoir

226 1019 415 1075 vostre
466 1011 626 1075 avis.
725 1010 818 1074 Et
869 1030 1026 1095 eroy
1084 1010 1222 1095 quil
1286 1032 1448 1078 vous
1505 1010 1718 1095 plaira
1780 1010 1960 1078 bien:
2027 1032 2140 1078 oar

225 1096 526 1178 beaucoup
565 1094 645 1159 de
681 1115 842 1179 gens
866 1095 947 1160 de
984 1097 1133 1161 bien
1169 1119 1214 1181 y
1235 1105 1352 1162 ont
1384 1097 1512 1162 mis
1546 1097 1610 1161 la
1644 1098 1841 1174 main,
1889 1117 2139 1163 somme

225 1181 468 1264 Monsgr
512 1181 817 1263 levesque
858 1178 939 1247 de
1397 1234 1412 1260 ,
1474 1192 1541 1248 et
1578 1191 1800 1248 autres
1843 1182 1969 1248 tels
2012 1203 2139 1266 que

224 1269 459 1332 maistre
509 1266 733 1332 Pierre
776 1265 1057 1350 Mar-tyr,
1103 1267 1239 1334 Jan
1282 1268 1605 1345 dulmen,
1650 1269 1785 1335 Jan
1834 1268 2029 1335 Chelae
2072 1276 2139 1334 et

225 1365 411 1417 autres
471 1351 771 1417 notables
848 1361 917 1417 et
994 1372 1269 1419 soavans
1351 1373 1821 1438 personnages:
1902 1354 2137 1437 auquel

225 1437 364 1502 livre
412 1447 532 1502 ont
573 1437 1032 1537 pareillemeut
1073 1447 1391 1523 eonsenty
1450 1449 1601 1505 tous
1663 1440 1760 1505 les
1816 1452 1991 1506 estas
2048 1439 2137 1505 du

224 1542 509 1706 rijagss?
529 1533 1122 1693 ἦΐηέἰίαῗῗῗὲἲιξ·
1154 1526 1610 1676 &selegi-meu
1652 1609 2139 1677 reeommanda-

222 1705 371 1757 uons
412 1715 578 1777 pour
620 1694 966 1778 lesquelles
1009 1717 1092 1761 en
1131 1696 1343 1780 partie
1386 1717 1468 1761 ou
1502 1717 1670 1779 pour
1711 1696 1776 1760 la
1810 1695 1958 1781 plus
1991 1705 2143 1780 part

222 1779 386 1844 telles
426 1778 656 1845 lettres
715 1781 1015 1846 missives
1070 1803 1140 1846 se
1195 1783 1371 1861 font,
1437 1782 1483 1846 il
1544 1803 1649 1847 me
1703 1782 1950 1848 semble
2007 1782 2140 1867 quil

222 1867 397 1930 seroit
451 1867 582 1931 bon
637 1868 888 1953 (sainsy
934 1866 1383 1950 pareillement
1424 1888 1588 1934 vous
1635 1867 1908 1954 semble)
1954 1887 2143 1952 ques-

222 1950 524 2016 erivissiez
563 1973 653 2015 un
700 1961 838 2017 mot
875 1975 915 2017 a
956 1954 1296 2019 Monsieur
1344 1952 1645 2030 wished)
1703 1965 1770 2019 et
1811 1955 1947 2020 suis
1991 1976 2144 2020 seur

223 2036 337 2118 quil
376 2058 523 2103 sera
567 2036 718 2101 bien
759 2039 893 2103 aise
938 2037 1165 2103 davoir
1207 2040 1502 2105 occasion
1539 2037 1620 2104 de
1667 2060 1828 2105 vous
1871 2041 2143 2106 reserire

223 2141 443 2187 somme
498 2143 539 2188 a
590 2120 784 2206 celuy
843 2123 978 2207 quil
1033 2144 1224 2210 ayme
1281 2136 1349 2189 et
1390 2146 1473 2190 ou
1518 2146 1791 2209 pourrez
1836 2145 2142 2208 apperoe·

221 2210 376 2271 veoir
428 2209 643 2291 partie
698 2207 778 2273 de
842 2209 1068 2293 lesprit
1122 2208 1202 2275 de
1261 2210 1580 2287 lhomme,
1640 2212 1750 2293 qui
1805 2221 1906 2276 est
1948 2232 2141 2296 ayme

222 2290 333 2357 dun
392 2295 649 2360 ehaeun
713 2297 822 2377 qui
889 2296 951 2361 le
1003 2295 1345 2379 eongnoist
1397 2309 1465 2361 et
1517 2297 1629 2379 qui
1686 2296 2144 2379 pareillement

221 2398 386 2462 syme
441 2391 594 2445 tous
650 2400 814 2462 gens
858 2400 1135 2447 scavans
1186 2391 1252 2446 et
1294 2381 1655 2446 ehrestiens
1674 2433 1687 2455 ,
1757 2404 1910 2448 sans
1956 2382 2142 2449 avoir

220 2463 429 2547 md
475 2464 558 2531 de
613 2465 829 2549 quelle
883 2467 1109 2532 nation
1165 2467 1248 2531 ilz
1307 2477 1557 2552 soyent.
1646 2467 1738 2532 Et
1792 2476 1894 2533 est
1948 2467 2139 2551 eeluy

217 2551 310 2630 qui
348 2570 386 2614 a
427 2550 655 2634 plante
698 2561 766 2616 et
808 2572 1026 2617 arrose
1069 2574 1189 2635 par
1248 2574 1363 2618 son
1408 2553 1745 2618 ministere
1763 2603 1777 2630 ,
1832 2573 1920 2619 ou
1962 2553 2138 2619 Dieu

219 2654 348 2699 sans
387 2636 572 2702 faute
614 2636 681 2700 la
723 2636 1005 2721 appelle,
1065 2637 1160 2703 les
1200 2639 1401 2703 fleurs
1457 2636 1618 2702 dont
1663 2659 1748 2723 ay
1792 2638 1976 2722 parle
2018 2659 2138 2721 par

217 2740 282 2802 ty
321 2720 581 2801 devant,
624 2721 967 2805 lesquelles
1004 2726 1073 2807 Je
1115 2744 1242 2807 pry
1286 2722 1458 2789 Dieu
1504 2743 1859 2807 prosperer.

360 2807 452 2873 Et
498 2828 539 2873 a
582 2829 776 2889 vous,
842 2809 1209 2888 Monsieur,
1275 2829 1464 2892 apres
1520 2823 1759 2876 mestre
1804 2809 2135 2875 treshum-

215 2888 476 2958 blement
521 2894 977 2960 reoommande
1032 2917 1072 2960 a
1124 2905 1345 2959 vostre
1402 2893 1612 2959 bonne
1677 2915 1898 2979 graee,
1965 2917 2136 2961 sem-

216 2975 595 3044 blablement
636 3000 672 3043 a
716 2980 983 3046 maistre
1030 2980 1257 3047 Robert
1300 2979 1621 3055 Edienne,
1671 3001 1710 3042 a
1754 2981 1972 3065 Henry
2014 3002 2131 3047 son

214 3061 319 3137 filz,
359 3077 424 3129 et
468 3065 958 3149 generalement
1002 3088 1133 3131 aux
1176 3067 1422 3131 bonnes
1468 3067 1711 3148 prieres
1748 3065 1827 3131 de
1862 3088 2026 3131 vous
2069 3076 2137 3132 et

215 3145 280 3211 ds
317 3161 463 3216 tous
508 3172 650 3216 mes
697 3150 858 3217 bons
901 3173 1106 3234 amys,
1144 3153 1213 3236 je
1256 3153 1479 3236 priray
1516 3150 1690 3216 Dieu
1736 3152 1795 3215 le
1839 3163 2136 3217 oreateur

214 3251 353 3300 vous
406 3233 662 3301 donner
712 3258 794 3301 en
835 3237 1051 3303 bonne
1095 3247 1281 3301 sante
1325 3251 1393 3300 et
1449 3237 1685 3320 longus
1731 3237 1836 3302 vie
1889 3258 1961 3303 ce
2009 3259 2132 3321 que

212 3316 335 3384 bien
393 3330 463 3386 et
534 3337 872 3406 sagement
939 3324 1056 3407 luy
1114 3343 1376 3388 soaurez
1432 3321 1799 3387 demandet.
1900 3324 2002 3388 De
2068 3324 2132 3388 la

210 3422 374 3555 {gurd
395 3407 537 3558 (1ιῇ
544 3408 692 3493 Roy
745 3407 1198 3558 d’ilngleterre
1266 3419 1482 3474 estant
1539 3430 1578 3472 a
1635 3408 1986 3474 Grenwioh
2058 3428 2130 3473 ee

279 3542 291 3555 .
377 3514 411 3558 e
538 3514 619 3558 av
683 3499 793 3557 155
845 3542 858 3555 .

803 3594 1041 3661 Vostre
1084 3594 1350 3660 humble
1393 3593 1567 3660 frere
1614 3607 1681 3659 et
1723 3597 1933 3660 entier
1978 3616 2128 3680 amy

1186 3681 1319 3748 Jau
1360 3679 1737 3745 Bellemain.

1069 4038 1257 4108 1627.

678 4175 1175 4244 FARELLUS
1215 4173 1646 4243 OALVINO.

366 4329 517 4396 Post
559 4329 861 4396 nonnulla
913 4331 1049 4396 alia
1103 4333 1190 4397 ad
1242 4351 1345 4397 res
1378 4329 1644 4413 qanioas
1686 4329 2027 4409 spadam
2070 4332 2129 4394 et

206 4432 310 4563 gero
348 4436 514 4481 mors
556 4415 1680 4567 mssmmffm
1722 4413 2130 4582 ι’ῑῑοᾱὸυιῖιτὲ

216 4520 660 4670 ww
679 4521 839 4670 4222*
854 4586 1054 4653 adhuc
1095 4522 1343 4653 άαὲἶᾷῗ
1364 4585 1587 4652 saera.

218 4707 614 4825 —Q-a-i—l-{r
648 4758 722 4812 les
755 4759 904 4811 seins
938 4757 1006 4812 de
1045 4755 1319 4821 cremer,
1367 4763 1418 4809 et
1450 4773 1579 4836 sous
1610 4771 1677 4809 sa
1710 4755 1974 4811 directim·
2004 4771 2129 4824 per·

215 4825 715 5011 ,amm
730 4827 1301 4976 semare:
1319 4826 1408 4905 Μ
1441 4819 2131 4950 restam

247 4976 405 5018 nanee
438 4970 491 5018 et
522 4965 949 5020 mnu-eneam
986 4963 1252 5020 modun:
1392 4962 1447 5016 1²·
1490 4961 1805 5020 Novenbrae.
1886 4960 2130 5033 (Sempe,

224 5025 298 5177 ⁰⁷1
326 5031 365 5085 ¹'
399 5030 784 5183 2{⁸si·2')aosn
823 5099 991 5156 make
1034 5100 1188 5156 met
1231 5096 1322 5182 ςἰᾰ,
1356 5097 1552 5168 esame
1596 5097 1662 5153 a«
1695 5098 2017 5180 tea-sate„
2051 5098 2130 5155 aa

222 5179 307 5231 Μ
338 5177 927 5296 oeffl‘ffl‘oe‘ffi
946 5167 1096 5294 ⁰51⁵&
1132 5167 1604 5293 {imm
1619 5168 2057 5305 ’Ξῖρῗωῗω

216 5233 484 5370 muffet
517 5260 733 5365 &mue
764 5308 832 5364 ds
866 5306 1209 5364 *dunelmie
1241 5306 1335 5363 des
1364 5302 2127 5376 &mammen-we).

2002 400 2162 466 1552
2202 397 2401 466 MAI.

4057 410 4182 475 326

2239 585 2350 652 (Ex
2385 584 2722 668 autographo
2757 585 2888 642 cod.
2924 585 3126 667 penev.
3161 586 3291 654 115,
3339 589 3431 646 fol.
3470 590 3569 646 101
3582 631 3595 658 ,
3648 594 3845 648 collato
3892 612 4013 650 oum

2238 654 2459 724 graplus
2506 671 2654 708 varie
2696 656 2967 709 mendosis
3013 655 3144 710 Ood.
3182 655 3297 724 116,
3345 659 3435 713 fol.
3471 658 3557 723 25,
3606 662 3870 717 Berneusi
3907 614 4183 737 Eppfffil

2751 740 2871 794 pag.
2908 722 3012 778 229
3046 731 3103 779 et
3137 723 3350 779 Simleri
3386 728 3511 783 Vol.
3550 726 3655 795 77.)

2408 893 2673 959 Eximio
2717 892 2801 959 D.
2841 893 2992 961 Iesu
3028 917 3235 976 servo,
3274 896 3506 963 Ioanni
3543 899 3836 980 Calvino,
3873 903 4179 972 ecelesiae

2241 978 2654 1046 Genevensis
2707 1002 2902 1063 quam
2959 981 3318 1049 clarissimo
3362 986 3623 1067 pastori,
3669 986 3858 1052 fratri
3897 997 3963 1055 et
4000 1011 4178 1075 sym-

2239 1073 2493 1150 mystae
2538 1086 2737 1149 quam
2781 1067 3111 1134 carissimo

3538 1155 3867 1222 Genevae.

2408 1287 2481 1356 S.
2572 1289 2731 1354 Tuis
2784 1289 3086 1370 precibus
3139 1288 3517 1355 eommeudo
3574 1291 4095 1368 Watteviuanum‚
4123 1297 4175 1380 ¹)

2239 1375 2349 1440 eui
2399 1394 2559 1440 sane
2614 1382 2866 1452 metuo,
2931 1374 3445 1458 quandoquidem
3502 1375 3649 1458 plus
3704 1379 3862 1445 satis
3915 1380 4179 1446 videtur

2239 1479 2384 1527 esse
2423 1458 2509 1525 ad
2559 1480 2695 1524 rem
2740 1480 3120 1543 propensus.
3208 1459 3388 1544 Opes
3429 1482 3589 1544 quas
3646 1463 3817 1528 male
3859 1466 4175 1547 pontificii

2238 1544 2658 1610 insumebant
2674 1592 2689 1623 ,
2767 1545 2953 1611 nobis
3011 1544 3367 1630 plurimum
3434 1547 3714 1612 afferunt
3780 1549 4176 1618 detrimenti.

2240 1631 2443 1696 Faxit
2484 1629 2791 1697 Christus
2846 1639 2927 1696 ut
2980 1633 3050 1696 in
3106 1651 3262 1697 usus
3315 1632 3612 1698 meliores
3654 1644 4011 1701 vertantur.
4099 1636 4177 1704 Si

2240 1716 2364 1782 hoo
2407 1715 2735 1782 Dominus
2780 1714 3048 1796 dederit,
3093 1717 3261 1782 votis
3296 1718 3459 1783 meis
3492 1719 3691 1785 fuerit
3725 1720 3847 1785 bae
3884 1721 3955 1784 in
3993 1734 4177 1804 parte

2242 1802 2665 1882 adessem,
2706 1809 2784 1867 ut
2825 1813 2897 1866 tu
2939 1801 3308 1887 intelligere
3347 1802 3535 1868 faoile
3576 1813 3788 1887 potes,
3844 1826 3951 1871 me
3991 1826 4175 1873 oaros

2241 1886 2482 1953 habere
2515 1908 2644 1966 eos,
2687 1888 2798 1970 qui
2835 1888 2988 1953 olim
3024 1888 3390 1953 servierunt
3423 1890 3784 1974 evangelio,
3830 1899 3897 1955 et
3938 1910 4176 1975 oupere

2241 1995 2326 2040 ne
2368 1973 2857 2038 transferantur
2910 1973 3038 2038 alio
3093 1993 3133 2036 a
3185 1973 3458 2057 pietate,
3514 1994 3677 2056 quae
3722 1974 3906 2043 deoet
3948 1976 4177 2042 Chris-

2240 2060 2475 2124 tianos.

2414 2144 2671 2210 Literae
2704 2155 2874 2221 tuae,
2909 2163 3070 2228 quas
3104 2142 3186 2208 ad
3221 2144 3397 2226 pium
3433 2142 3725 2228 legatum
3745 2146 3804 2229 ²)
3839 2147 4178 2229 seripsisti,

2239 2230 2431 2315 eulpa
2487 2230 2673 2295 Petri
2721 2228 3046 2295 Clementis
3060 2232 3119 2304 ⁸)
3179 2227 3428 2294 tardius
3484 2243 3825 2296 venerunt.
3915 2232 3985 2297 Is
4047 2233 4180 2297 iam

2241 2317 2565 2400 profectus
2606 2315 2824 2380 fuerat
2859 2313 3208 2392 Basileam,
3250 2313 3402 2379 inde
3445 2314 3527 2379 ad
3571 2315 3824 2400 Regem
3865 2317 4099 2383 iturus.
4120 2319 4177 2399 ⁴)

2241 2402 2317 2468 Si
2378 2401 2770 2467 Nomandio
2833 2420 2941 2466 eas
3006 2397 3320 2477 dedisses,
3386 2409 3563 2467 reete
3623 2399 3854 2467 fuisset
3916 2402 4177 2481 fastum,

2241 2486 2356 2552 sed
2404 2484 2683 2554 Clemens
2708 2484 3080 2551 Lata-nario
3122 2504 3233 2549 eas
3276 2484 3545 2551 tradens
3588 2484 3994 2552 latei-naliter
4027 2508 4179 2570 ope·

2242 2581 2422 2637 ratus
2466 2581 2583 2639 est.
2673 2571 2963 2654 Legatus
3004 2570 3116 2634 ille
3161 2571 3608 2646 (memineras)
3661 2571 3896 2638 nobilis
3910 2622 3927 2650 ,
3984 2592 4177 2656 quem

2241 2666 2318 2724 ut
2358 2665 2585 2741 postea
2624 2657 2843 2739 aeoepi
2867 2655 3168 2722 Gorneille
3208 2665 3461 2733 vooant,
3505 2657 3617 2739 qui
3655 2657 3727 2722 in
3768 2657 4035 2724 aedibus
4078 2660 4177 2724 vi-

2240 2744 2536 2809 oinorum
2568 2752 2826 2807 tuorum
2862 2761 2984 2807 nos
3019 2742 3290 2824 exoepit‚
3336 2761 3470 2806 non
3504 2751 3660 2826 puto
3694 2744 3931 2809 minori
3978 2764 4176 2828 appa-

2237 2838 2402 2907 ratu,
2446 2847 2641 2910 quam
2675 2827 2843 2892 Levi
2885 2826 2996 2892 ille
3030 2825 3373 2892 Christum
3410 2827 3593 2892 olim:
3639 2828 3924 2894 nondum
3972 2827 4176 2894 duxe-

2238 2923 2344 2979 rat
2384 2932 2654 2977 uxorem
2674 2962 2689 2990 ,
2744 2910 2857 2977 sed
2916 2933 3096 2979 nuno
3140 2912 3338 2979 habet
3355 2964 3369 2991 ,
3424 2931 3573 2978 eum
3631 2932 3759 2995 qua
3801 2912 4178 2980 decreverat

2238 3000 2454 3065 isthuo
2496 2998 2757 3077 venire,
2814 3018 3142 3081 quumque
3199 3019 3278 3063 ea
3318 2998 3500 3062 iussu
3555 2997 3777 3062 mariti
3820 2999 4175 3064 abstineret

2238 3108 2277 3150 a
2320 3085 2548 3161 missa,
2607 3083 3004 3166 reprehensa
3065 3102 3106 3147 a
3147 3093 3331 3165 patre
3386 3082 3681 3149 eonfessa
3722 3091 3840 3161 est,
3887 3104 3956 3148 se
3997 3084 4174 3149 nolle

2237 3169 2461 3235 audire
2517 3177 2650 3234 tam
2710 3168 3179 3234 exsecrandum
3243 3189 3519 3234 sacrum.
3606 3168 3805 3233 Pater
3870 3168 3990 3235 hoe
4054 3189 4170 3234 au-

2235 3254 2420 3320 diens
2455 3261 2796 3337 extorquet
2830 3276 2870 3320 a
2902 3253 3037 3319 filia
3069 3253 3306 3330 omnia,
3352 3262 3417 3317 et
3448 3252 3604 3337 quid
3626 3253 3850 3332 animi,
3887 3251 4171 3337 quidque

2235 3339 2622 3406 destinasset
2665 3341 2786 3416 vir,
2831 3338 3004 3406 unde
3037 3347 3296 3403 tantum
3332 3360 3465 3403 non
3499 3339 3570 3403 in
3606 3338 3952 3404 discrimen
3996 3339 4176 3404 vitae

2234 3425 2436 3503 venit,
2475 3425 2808 3490 Cardinali
2854 3424 3230 3509 Locharinyo
3284 3445 3416 3488 non
3515 3445 3701 3489 arum
3755 3424 4173 3491 incumbente

2229 3511 2299 3575 in
2357 3510 2707 3593 perniciem
2765 3510 2855 3592 pii
2901 3509 3024 3575 viri
3042 3561 3059 3588 ,
3117 3530 3310 3592 quem
3367 3529 3448 3574 au
3497 3510 3557 3574 io
3599 3530 3795 3593 quam
3839 3509 4170 3575 liberrime

2229 3596 2403 3678 loqui
2446 3594 2620 3677 apud
2677 3594 3147 3661 Vendovnensem
3190 3594 3460 3660 Ducem.

2401 3681 2572 3746 Puto
2614 3701 2697 3745 ex
2740 3681 2871 3745 tuis
2904 3679 3271 3764 intelligere
3314 3680 3459 3763 quis
3498 3679 3683 3757 alter,
3729 3679 3808 3743 de
3840 3699 3966 3763 quo
4009 3679 4170 3744 seri·—

2229 3765 2482 3841 bebam,
2526 3786 2726 3848 quum
2768 3765 2966 3831 unius
3019 3768 3150 3830 iam
3205 3765 3323 3830 tibi
3377 3763 3812 3830 commendati
3854 3764 4169 3830 memine-

2229 3852 2337 3918 ris.
2427 3850 2619 3932 Quod
2663 3871 2768 3915 me
2810 3849 3121 3918 admones
3155 3858 3291 3915 tam
3335 3860 3555 3914 sancte
3598 3848 3677 3914 de
3713 3846 4020 3914 fiatribus
4053 3849 4168 3931 qui

2229 3957 2402 4003 nuno
2445 3935 2670 4001 relicto
2713 3936 2856 4001 Deo
2907 3935 3092 4002 obliti
3147 3936 3378 4001 salutis
3431 3935 3547 3998 toti
3606 3934 3843 4017 sepulti
3899 3942 4054 3998 sunt
4095 3934 4166 3999 in

2229 4032 2431 4096 terra,
2499 4029 2567 4086 et
2618 4021 2786 4086 nihil
2844 4022 2970 4087 nisi
3026 4019 3423 4087 horrendum
3481 4019 3759 4102 spirant,
3819 4038 3974 4084 sane
4033 4039 4167 4084 uon

2229 4128 2492 4191 possum
2534 4127 2667 4172 non
2710 4106 2952 4172 habere
2995 4127 3188 4189 quam
3234 4103 3585 4170 maximam
3631 4104 3927 4188 gratiam.
4014 4102 4168 4169 Non

2230 4193 2385 4258 satis
2420 4201 2521 4259 est
2565 4191 2685 4257 tibi
2729 4193 2947 4258 omnia
2987 4193 3058 4257 in
3102 4190 3233 4255 mei
3277 4189 3550 4254 salutem
3571 4210 3766 4274 agere
3810 4203 3946 4254 tam
3985 4188 4164 4255 solli-

2228 4278 2372 4356 eite,
2416 4277 2550 4344 nisi
2592 4275 2988 4362 superaddas
3029 4275 3199 4341 hane
3249 4295 3472 4341 curam
3529 4296 3646 4359 pro
3698 4285 3833 4339 tam
3873 4273 4164 4358 perditis.

2228 4363 2419 4431 Unus
2462 4363 2734 4430 insanus
2775 4372 2876 4428 est
2918 4370 3091 4427 totus
3107 4412 3122 4438 ,
3182 4367 3248 4426 et
3299 4358 3466 4425 alter
3504 4359 3648 4444 ipsa
3688 4358 4058 4511 hygoerisis
4100 4367 4168 4425 et

2229 4448 2412 4514 fraus
2455 4449 2616 4532 ipsa.
2704 4447 2873 4514 Cum
2917 4444 3236 4512 eiusmodi
3289 4443 3444 4529 quid
3488 4444 3687 4529 agas?
3829 4446 3854 4509 i
3898 4444 4016 4511 uni
4059 4445 4166 4511 vis

2230 4533 2622 4613 oonsultum,
2665 4533 2942 4600 alterum
2989 4528 3072 4598 ad
3112 4531 3386 4596 meliora
3426 4531 3714 4597 invitans
3730 4581 3747 4610 ,
3801 4529 3968 4595 nihil
4012 4530 4168 4597 effe-

2228 4754 2405 4811 102⁷.
2433 4754 2494 4818 1)
2528 4755 2810 4810 wasuh-⁸.

2430 4823 2491 4892 2)
2529 4822 2817 4878 Musaeum
2850 4822 2957 4889 (N.
2992 4818 3172 4888 1590).

2336 4890 2848 4960 ‘mmo-senten
2892 4892 3122 4961 οἶδμα·
3167 4888 3362 4945 laudat
3422 4889 3636 4945 Vinius
3680 4887 3761 4944 N.
3809 4887 3945 4943 1058
3986 4882 4165 4940 note

2228 4967 2280 5016 a
2314 4958 2492 5097 10884)
2529 5027 2786 5083 &eidone
2820 5034 2948 5083 cmc
2980 5025 3136 5094 (111.
3152 5024 3256 5081 867
3274 5027 3375 5093 ss.)
3409 5025 3687 5082 Hau-icus
3721 5023 3807 5078 11.
3841 5023 3894 5076 d.
3926 5019 3976 5076 8.
4013 5018 4167 5075 Mais·

2228 5095 3853 5177 audiaperstesTabernesinAlsatiqnintmas'f,st
4084 5087 4167 5143 ad

2227 5166 2370 5291 ἔδει
2408 5180 2946 5290 movear-sus
2977 5165 3219 5300 fassust,
3264 5231 3320 5287 d.
3352 5230 3437 5285 21.
3477 5178 3626 5286 fiais·
3658 5227 3957 5295 Bipontoe·
4000 5224 4164 5294 adiit,

2227 5303 2358 5359 sede
2389 5302 2453 5358 n·-
2486 5302 2905 5370 Lotlum'nom
2936 5316 3187 5358 rernm
3217 5306 3312 5357 est.
3648 5379 3747 5435 m·
