4900 6167
656 441 779 504 103

650 646 854 710 quum
897 624 1070 710 apud
1111 629 1385 701 nostros,
1430 629 1572 689 tum
1616 621 1902 688 maxime
1945 618 2119 704 apud
2162 617 2600 703 Arctopolita-

648 732 791 779 nos.
878 710 1153 796 Agitata
1193 717 1295 775 est
1335 707 1416 774 de
1460 706 1740 774 sublatis
1779 706 1965 774 festis
2006 713 2075 772 et
2110 704 2397 771 inductis
2441 724 2597 787 sup-

650 796 1110 881 plicationibus
1151 794 1340 861 statis
1383 793 1611 860 diebus
1650 791 1769 860 abs
1811 806 1878 858 te
1917 792 2223 875 quaestio.
2290 790 2441 855 Non
2486 789 2599 856 de-

650 882 917 949 fuerunt
958 891 1182 948 tamen
1222 880 1402 945 inter
1443 887 1697 945 nostros
1738 878 1850 962 qui
1890 877 2129 943 vestris
2172 884 2238 941 te
2271 875 2596 942 lacessen-

655 969 832 1035 tibus
874 966 958 1033 de
1000 974 1067 1032 te
1110 965 1464 1032 honorifice
1519 973 1585 1029 et
1638 962 1720 1030 de
1773 971 1889 1029 tua
1942 961 2307 1029 eruditione
2351 968 2419 1027 et
2460 969 2597 1027 stu-

650 1052 776 1122 diis
817 1053 1069 1137 loquuti
1112 1051 1263 1118 sint.

821 1137 957 1206 Sed
1000 1137 1081 1203 de
1134 1136 1240 1203 his
1298 1135 1458 1202 alias
1520 1136 1732 1202 latius.
1821 1134 1969 1200 Non
2010 1140 2152 1198 erat
2195 1151 2359 1216 opus
2402 1130 2592 1198 nobis

648 1222 1023 1291 huiusmodi
1066 1220 1643 1299 concionatoribus,
1687 1219 2074 1304 praesertim
2118 1239 2157 1284 a
2203 1217 2293 1283 ud
2336 1237 2447 1284 eos
2523 1218 2593 1282 ui

645 1310 916 1376 fuerunt
970 1308 1203 1374 talium
1254 1306 1637 1374 concionum
1695 1303 2035 1372 auditores.
2136 1238 2362 1384 guum
2405 1303 2478 1369 vi
2523 1324 2589 1369 e-

646 1416 787 1462 rem
828 1413 938 1460 me
969 1414 1119 1460 mea
1151 1413 1266 1477 spe
1300 1392 1707 1470 frustratum,
1750 1398 2108 1458 statueram
2147 1409 2411 1454 rursum
2447 1409 2593 1473 pos-

644 1490 785 1548 tero
829 1478 962 1558 die,
1016 1486 1442 1563 posteaquam
1484 1477 1689 1544 vestri
1742 1476 1898 1542 hinc
1947 1475 2407 1553 discesserant,
2463 1475 2591 1540 iter

645 1565 937 1715 arlrlipere
979 1584 1131 1665 cum
1172 1562 1711 1716 gowponffi
1757 1561 1883 1729 seg
1909 1557 2139 1660 incidit
2170 1561 2243 1625 in
2284 1560 2588 1711 ffibum

643 1671 806 1718 coe
984 1670 1114 1715 mei
1226 1670 1269 1716 a
1392 1669 1552 1714 nan
1707 1699 1721 1714 .
1884 1665 2152 1711 uoniam
2219 1666 2301 1711 au
2480 1666 2589 1712 ve-

642 1670 955 1801 rebargnaiffr
1008 1756 1093 1801 ne
1147 1744 1330 1819 peste
1386 1740 1558 1801 esset
1613 1742 1929 1817 correpta,
1948 1733 2006 1816 ⁸)
2022 1733 2031 1740 “
2049 1730 2586 1798 concurrentibus

641 1820 872 1887 multis
936 1820 1142 1906 signis
1196 1841 1362 1904 quae
1414 1819 1481 1885 id
1544 1818 1918 1903 praesagire
1972 1815 2383 1894 viderentur,
2449 1836 2586 1886 non

643 1927 788 1974 sum
832 1926 1029 1972 ausus
1071 1927 1177 1971 me
1222 1906 1366 1972 viae
1409 1905 1673 1973 credere
1690 1956 1705 1984 ‚
1767 1924 1977 1987 neque
2031 1903 2173 1968 sine
2221 1902 2582 1968 multorum

1327 1990 1638 2057 Nondum
1680 1990 1838 2056 satis
1882 1995 2056 2054 certo
2100 1995 2389 2054 statuere
2430 2007 2583 2069 pos-

643 1992 1000 2058 offensione
1039 1992 1234 2075 potui.

1595 2074 1670 2142 Si
1722 2083 1898 2142 recte
1943 2073 2117 2140 valet
2156 2073 2239 2137 ad
2281 2093 2404 2138 vos
2445 2092 2584 2137 ma-

641 2098 871 2144 sumus
912 2078 1054 2160 quis
1094 2075 1358 2144 morbus
1401 2079 1504 2143 sit.

641 2163 853 2230 turius
893 2162 1286 2247 proficiscar.
1377 2162 1478 2228 Ne
1522 2161 1727 2247 igitur
1768 2160 2104 2226 existimes
2156 2159 2335 2225 leves
2377 2157 2584 2224 fuisse

638 2268 866 2316 causas
909 2249 1145 2316 mutati
1186 2247 1468 2316 consilii:
1514 2265 1680 2330 quae
1722 2247 1973 2311 utinam
2009 2266 2138 2310 non
2182 2250 2403 2310 essent
2443 2250 2582 2308 tam

636 2335 885 2400 multae
929 2342 993 2399 et
1034 2342 1173 2400 tam
1227 2333 1454 2399 iustae.
1543 2332 1742 2397 Domi
1797 2338 1974 2398 recte
2027 2328 2241 2396 adhuc
2286 2329 2583 2396 valemus

637 2440 864 2487 omnes
920 2418 1048 2485 Dei
1103 2419 1434 2485 beneficio.
1531 2417 1719 2485 Uxor
1774 2425 1841 2483 et
1895 2416 2158 2483 scholae
2213 2424 2281 2481 et
2341 2415 2583 2482 caeteri

638 2505 973 2572 domestici
1027 2524 1255 2570 omnes
1312 2511 1376 2569 te
1432 2504 1878 2570 amantissime
1920 2502 2226 2567 salutant.
2315 2499 2583 2567 Salutat

638 2601 706 2657 et
747 2591 997 2674 collega
1049 2600 1116 2656 et
1167 2589 1406 2657 caeteri
1464 2590 1719 2655 fratres.
1809 2587 2015 2654 Orate
2058 2585 2419 2652 Dominum
2463 2606 2581 2670 pro

636 2675 843 2742 nobis.
933 2676 1034 2741 'I'u
1092 2675 1172 2741 de
1219 2673 1462 2741 Bucero
1516 2674 1573 2740 si
1632 2672 1788 2758 quid
1846 2673 2080 2751 habes,
2127 2673 2269 2739 sive
2311 2671 2394 2738 de
2437 2671 2581 2737 eius

637 2763 775 2827 vita
816 2762 956 2827 sive
1000 2760 1080 2827 de
1135 2760 1277 2826 eius
1334 2769 1576 2838 morte,
1634 2758 2049 2843 compertius,
2095 2757 2285 2825 nobis
2327 2757 2383 2824 si
2477 2757 2582 2823 ifi-

633 2854 796 2999 ffito.
819 2851 874 2926 ⁴)
939 2845 1172 2914 Saluta
1215 2847 1473 2913 amicos.
1541 2845 1727 2912 Vale.
1795 2846 2190 2911 Lausannae
2239 2847 2331 2909 17.
2444 2842 2580 2926 pri·

1613 3017 1794 3082 'Puus
1837 3016 2080 3082 Petrus
2114 3015 2405 3080 Viretus.

1442 3345 1597 3351 ...ὓ-...φ
1610 3343 1829 3350 —---—-——-

1517 3594 1704 3665 1481.

1250 3749 1492 3815 BEzA
1530 3747 1962 3842 cAnvmo.

816 3920 1019 3988 Pestis
1056 3921 1441 3990 Lausum
1474 3921 1687 3988 saevit.

642 4094 755 4160 (Ex
790 4091 1124 4163 autographo
1170 4091 1302 4149 Ood.
1345 4091 1557 4215 (39ἒὲἔὲ
1590 4089 1864 4226 ῙΙΟῙΞὲοῗΙ.
1908 4088 1995 4144 97.
2045 4117 2110 4128 -—
2156 4089 2343 4144 Edidit
2390 4090 2583 4159 Reum,

718 4319 725 4324 ⁴
846 4334 908 4397 A
946 4331 1290 4398 Monsieur
1329 4332 1669 4399 Monsieur
1712 4330 1955 4400 Oalvin
1998 4351 2039 4397 a
2078 4327 2373 4397 Geneve.

813 4468 950 4536 Res
991 4478 1271 4548 nostrae,
1328 4469 1422 4533 mi
1464 4478 1670 4552 pater,
1716 4468 1811 4537 sic
1852 4490 1924 4536 se
1965 4466 2229 4534 habeut.
2317 4465 2583 4533 Ancilla

644 4554 730 4621 D.
790 4552 1005 4621 Iacobo·
1026 4557 1075 4634 1)
1140 4555 1349 4621 nostri
1412 4562 1595 4637 peste
1645 4554 1930 4633 interiit,
1994 4553 2172 4621 valet
2222 4553 2364 4651 ipse
2427 4571 2581 4619 cum

642 4659 871 4719 uxore,
914 4638 1106 4706 domo
1145 4640 1441 4708 inclusus
1483 4646 1560 4704 ut
1601 4647 1757 4706 sunt
1796 4639 1994 4706 huius
2026 4638 2312 4706 civitatis
2345 4656 2580 4703 mores.

846 4927 910 5010 3).
946 4925 2584 4997 Pemootemporedonmnmmaeqmmmem
2693 4961 2710 4966 -

645 4999 799 5053 Μ
834 4996 1167 5067 W
1192 5013 1255 5067 μ’
1293 4998 1396 5052 ²⁶²
1439 5014 1537 5066 μ’
1580 4995 2220 5148 ῶῖγᾞψιῖοῖῗη
2249 5065 2319 5119 Ν.
2362 5063 2513 5119 1481.

2203 428 2730 499 EPIS'POLAE
2776 434 3191 498 1480—1482

4531 433 4645 497 104

2700 617 2864 683 'l'res
2918 617 3112 685 aedes
3169 619 3241 684 in
3297 617 3524 684 eadem
3644 618 3816 686 latea
3876 618 4149 685 totidem
4207 616 4439 686 diebus
4496 625 4650 685 sunt

2698 701 2997 771 funestae
3038 704 3280 784 factae,
3325 704 3491 771 aliae
3534 727 3615 771 ur
3663 704 3677 720 '
3759 705 4058 789 regiones
4093 702 4301 771 nihilo
4337 705 4646 784 saniores,

2698 788 2900 857 immo
2955 811 3136 891 vero·
3165 791 3239 855 in
3295 789 3457 890 urbe
3499 796 3639 890 tota
3679 787 3848 855 οὐδὲν
3883 788 4069 872 ὖγιέςε
4134 789 4296 856 adeo
4338 789 4650 856 videntur

2696 894 2988 1059 {cadum
2997 883 3736 1045 Ἓῗὶθῃὴῗιῗηᾜιῗθ
3747 874 4647 1044 θῢίθὲοἷξθήῗιθέεῗιῖαὲωάὶα

2692 1044 2915 1111 licebit
2929 1097 2947 1126 ‚
3011 1066 3145 1112 non
3208 1046 3507 1112 deserere
3559 1048 3929 1112 stationem.
4029 1045 4164 1115 Sed
4227 1066 4269 1111 a
4317 1044 4516 1113 rebus
4579 1054 4648 1112 et

2694 1131 2883 1198 bonis
2916 1139 2983 1198 et
3025 1132 3408 1199 necessariis
3461 1132 3788 1216 quaelibet
3828 1132 4081 1199 occasio
4134 1131 4301 1199 solet
4341 1131 4648 1199 homines

2693 1214 3058 1283 absterrere
3077 1269 3093 1296 ,
3163 1216 3386 1301 quales
3439 1218 3548 1285 hic
3602 1226 3759 1284 sunt
3815 1238 4025 1302 paene
4080 1238 4337 1296 omnes,
4397 1215 4648 1284 nedum

2691 1302 2921 1368 mortis
2977 1309 3209 1369 metus.
3296 1301 3550 1384 Quidni
3612 1303 3789 1370 enim
3844 1312 4139 1370 metuant
4196 1310 4476 1369 mortem
4530 1304 4645 1389 qui

2689 1387 2783 1452 ita
2828 1389 3069 1455 vivunt
3120 1395 3193 1453 ut
3237 1386 3403 1454 bene
3462 1390 3630 1455 mori
3684 1409 3819 1455 non
3861 1387 4157 1473 possint?
4246 1389 4479 1471 Itaque
4523 1409 4643 1455 ex·

2690 1484 3060 1557 spectamus
3141 1471 3561 1540 solitudinem
3637 1475 3709 1539 in
3778 1475 4002 1542 schola
4072 1483 4139 1539 et
4201 1473 4641 1553 concionibus,

2689 1578 3066 1725 wazu
3110 1559 3216 1711 ξε
3273 1559 3551 1711 0032.
3568 1558 4377 1728 chamere.
4399 1569 4642 1729 »zm

2687 1735 2846 1812 puto
2887 1730 3184 1796 futurum
3201 1781 3216 1812 ,
3257 1740 3490 1816 pergat
3530 1730 3751 1814 pestis,
3799 1752 4110 1815 cuperem
4150 1731 4435 1815 profecto
4476 1739 4559 1795 ut
4600 1751 4644 1797 a

2683 1823 2872 1897 patre
2930 1827 3400 1882 accerseretur:
3465 1837 3839 1901 quanquam
3857 1867 3873 1896 ,
3935 1817 3993 1881 si
4058 1817 4155 1882 ita
4227 1815 4372 1882 vult
4427 1825 4638 1899 pater,

2689 1899 2857 1965 nihil
2914 1919 3143 1968 recuso
3195 1900 3402 1985 ipsius
3445 1922 3657 1968 causa.
3747 1900 3884 1968 Sed
3926 1909 4006 1967 ut
4047 1923 4223 1968 nuuc
4265 1910 4424 1968 sunt
4480 1923 4636 1968 nos·

2684 1994 2940 2051 trorum
2997 1986 3340 2052 bominum
3393 2007 3639 2063 mores.
3698 1987 3752 2054 si
3820 1986 3976 2071 quid
4046 1987 4182 2054 filio
4250 1987 4640 2054 humanitus

2687 2069 2970 2152 accidat,
3040 2072 3296 2138 nullum
3365 2072 3465 2138 illi
3529 2072 3888 2142 subsidium
3953 2079 4289 2157 praestare
4343 2093 4639 2157 possum,

2685 2157 2814 2223 nisi
2858 2157 3134 2224 fortasse
3176 2159 3563 2223 morientem
3605 2158 3791 2224 illum
3834 2158 4143 2225 consoler.
4211 2158 4413 2224 Nulla
4457 2160 4640 2224 enim

2685 2242 2796 2309 hic
2839 2243 3237 2322 humanitas,
3281 2243 3524 2309 nedum
3566 2244 3781 2328 pietas
3824 2253 3939 2309 aut
3980 2244 4239 2310 caritas.
4267 2278 4279 2292 ·
4304 2243 4434 2310 His
4476 2265 4640 2312 con-

2685 2327 3037 2394 ditionibus
3078 2328 3133 2395 si
3178 2328 3392 2411 placet
3433 2336 3510 2394 ut
3549 2329 3758 2395 filium
3806 2331 4138 2409 retineam,
4182 2329 4416 2396 faciam
4456 2339 4642 2396 certe

2686 2413 3083 2497 perlibenter
3123 2414 3294 2497 quod
3336 2415 3408 2479 iu
3451 2436 3558 2479 me
3600 2416 3743 2494 erit,
3788 2435 3910 2481 nec
3952 2415 4302 2500 quidquam
4346 2424 4646 2500 praeter·

2683 2500 2963 2566 mittam.
3038 2499 3101 2564 N
3106 2520 3213 2564 am
3255 2499 3340 2565 ad
3382 2521 3489 2565 me
3532 2499 3797 2584 quidem
3839 2500 4014 2584 quod
4058 2502 4313 2579 attinet,
4357 2502 4452 2567 ita
4484 2520 4644 2567 sum

2686 2585 2981 2664 affectus,
3027 2584 3156 2650 Dei
3198 2585 3429 2671 gratia,
3476 2595 3551 2651 ut
3585 2585 3753 2652 nihil
3796 2606 3871 2652 co
3922 2586 4074 2652 'tem
4118 2587 4247 2652 nisi
4283 2586 4365 2651 de
4399 2585 4641 2666 officio,

2684 2669 2855 2753 quod
2898 2690 3020 2755 ego
3062 2671 3273 2750 vivus,
3319 2680 3399 2736 ut
3439 2691 3650 2756 spero,
3694 2692 3827 2736 non
3914 2691 4184 2738 eseram.

2856 2755 2963 2821 Ex
3021 2756 3127 2824 his
3190 2766 3374 2839 potes
3427 2756 3797 2842 intelligere
3860 2757 4015 2840 quid
4073 2757 4181 2822 hic
4222 2758 4503 2824 retineat
4547 2759 4640 2825 D.

2700 2839 2980 2908 Vir-etum
2994 2893 3012 2921 ,
3033 2843 3089 2920 ⁸)
3151 2862 3343 2926 quem
3399 2863 3608 2926 paene
3659 2863 3865 2908 unum
3902 2842 4239 2910 hominem
4281 2843 4389 2909 hic
4430 2843 4642 2909 habe-

2685 2947 2852 2994 mus.
2952 2927 3280 2993 Dominus
3345 2948 3494 2993 eum
3559 2936 3809 3008 servet,
3891 2928 4130 3012 alioqui
4194 2928 4640 2996 miserabilem

2682 3012 2821 3079 fore
2859 3032 3058 3079 cerno
3100 3013 3297 3079 huius
3341 3013 3647 3080 ecclesiae
3690 3014 4086 3080 vastitatem.
4165 3013 4248 3080 D.
4297 3014 4646 3082 Corda-ius

2684 3119 2835 3164 cum
2876 3098 3125 3165 familia
3163 3098 3482 3165 hactenus
3516 3100 3694 3167 valet
3714 3104 3769 3178 ⁴)
3813 3106 3881 3164 et
3914 3120 4055 3165 sese
4088 3101 4391 3184 precibus
4426 3101 4641 3167 eccle-

2684 3185 2817 3250 siae
2858 3192 3121 3250 vestrae
3162 3185 3603 3265 commendat,
3668 3183 3839 3269 quod
3882 3186 4078 3251 etiam
4137 3184 4218 3251 de
4262 3186 4448 3252 nobis
4490 3207 4640 3254 om-

2684 3269 2877 3336 nibus
2913 3268 3159 3336 dictum
3201 3269 3367 3336 volo.

2855 3355 3041 3422 Haec
3083 3362 3244 3422 sunt
3283 3376 3450 3439 quae
3494 3356 3617 3423 hoc
3658 3362 3950 3440 tempore
4037 3356 4218 3421 utavi
4263 3355 4381 3422 tibi
4423 3357 4637 3441 signi-

2683 3440 2865 3507 ficari
2906 3447 3235 3524 oportere:
3282 3440 3536 3506 utinam
3577 3441 3934 3525 potuissem
4006 3442 4253 3508 aetiora
4292 3441 4635 3522 nunciare,

2683 3545 3054 3609 quanquam
3111 3525 3400 3610 profecto
3415 3577 3432 3604 ,
3496 3535 3572 3591 ut
3633 3548 3810 3593 nunc
3851 3536 4009 3593 sunt
4059 3533 4384 3612 tempora,
4449 3548 4638 3593 mors

2684 3609 2870 3677 nobis
2930 3612 3127 3677 etiam
3197 3611 3463 3677 videtur
3525 3612 3907 3696 expetenda.
4006 3612 4195 3697 Rogo
4265 3610 4638 3679 Dominum

2684 3695 2908 3763 Iesum
2950 3707 3029 3762 ut
3069 3696 3405 3764 ecclesiam
3448 3719 3638 3764 suam
3678 3698 4001 3781 respiciat,
4043 3706 4110 3764 et
4152 3706 4237 3778 te,
4281 3698 4375 3763 mi
4414 3705 4630 3782 pater,

2682 3781 2754 3847 in
2796 3788 2981 3848 tanta
3019 3783 3337 3849 bonorum
3375 3790 3711 3867 pastorum
3763 3784 4037 3868 penuria
4077 3782 4191 3849 diu
4232 3782 4637 3851 incolumem

2683 3875 3046 3936 conservet.
3133 3868 3320 3935 Bene
3376 3868 3543 3936 vale.
3631 3868 4026 3937 Lausannae
4085 3871 4180 3934 12.
4241 3868 4380 3936 Gal.
4440 3868 4633 3936 Maii.

3561 4379 3755 4454 1482.

3080 4514 3549 4585 GALVINUS
3594 4515 4226 4586 BULLINGERO.

2858 4684 2959 4753 De
2996 4684 3166 4769 falso
3205 4706 3453 4753 rmore
3506 4689 3675 4756 circa
3730 4689 3845 4755 abr
3915 4692 4087 4755 atam
4136 4686 4416 4757 Gemma
4454 4688 4631 4756 diem

2683 4771 3542 4841 domanicamoumoertiom
3581 4776 3762 4841 docet.
3920 4774 4313 4840 uoco-imm.

2889 5062 2949 5124 2)
2988 5059 3277 5116 Ebu-tanais
3309 5061 3600 5118 Amblardi
3631 5064 3741 5116 νίν-ι
3775 5062 4083 5117 comatam
4113 5060 4289 5128 filiam
4322 5063 4628 5132 qaiBeeae

2683 5130 2925 5202 hospitio
2955 5144 3095 5185 um
3125 5128 3342 5187 videtur

2888 5200 2950 5264 Β)
2983 5198 3452 5324 πύθωνα»
3495 5196 3654 5253 adire
3686 5197 3920 5279 voletis&
3950 5199 4261 5256 memor-⁸3
4293 5200 4398 5269 (N.
4435 5199 4622 5268 1480).

2631 5313 2640 5378 1
2890 5268 2950 5335 4)
3086 5269 3098 5283 '
3224 5267 4616 5339 manmenahoesaeipmiamit.

2687 5338 2915 5408 (Bm,
2950 5337 3106 5395 Bam
3139 5337 3188 5393 Ι.
3230 5338 3326 5392 151
3359 5339 3498 5402 not.)
