4900 6167
679 434 799 497 591
2124 425 2711 497 EEPISTOLAE
2765 430 3193 493 1773—1776
4528 435 4635 500 592

1561 611 1748 685 1773.

1211 768 1607 837 VIRE'PUS
1654 768 2092 837 GALVINO.

855 944 1022 1027 Quid
1062 947 1267 1008 actum
1310 942 1395 1008 sit
1437 942 1509 1007 in
1551 947 1843 1008 conventu
1886 941 2129 1008 classis.
2218 940 2476 1008 Hazkri
2516 941 2632 1007 du-

674 1030 781 1095 bia
820 1030 1150 1096 sinceritas
1193 1029 1364 1095 circa
1393 1028 2051 1109 praedestinationem.
2123 1027 2357 1095 Servati
2398 1028 2629 1093 librum

674 1117 1080 1199 quaesiturus
1120 1119 1209 1180 est
1249 1114 1384 1197 ipse
1424 1118 1483 1178 et
1522 1115 1856 1179 misem.
1952 1113 2257 1196 Philippo
2300 1114 2378 1180 de
2419 1112 2630 1179 Ecde-

673 1202 783 1267 sia
837 1201 1063 1266 bonum
1115 1200 1537 1266 testimonium
1603 1200 1820 1265 datum
1881 1220 2015 1267 esse
2083 1200 2247 1267 clam
2281 1199 2630 1287 vmim‘stris

673 1288 923 1353 rescivit
962 1291 1019 1353 et
1049 1286 1395 1353 denunciat.
2266 1354 2271 1361 ,

676 1457 787 1526 (Ad
822 1474 1041 1511 manum
1076 1460 1234 1510 erant
1249 1455 1476 1526 Autogr.
1495 1456 1625 1510 Ood.
1647 1456 1850 1512 Genev.
1890 1455 2039 1524 111⁸,
2074 1456 2166 1509 fol.
2205 1454 2321 1523 103,
2357 1460 2474 1509 tum
2494 1456 2627 1511 Ood.

774 1526 887 1588 116,
921 1526 1013 1580 fol.
1051 1525 1134 1592 31,
1170 1525 1307 1595 Epp.
1345 1526 1513 1581 Bern.
1548 1525 1645 1579 VI.
1683 1543 1736 1595 p.
1772 1524 1876 1579 309
1912 1531 1971 1580 et
2004 1525 2220 1580 Simleri
2256 1525 2373 1580 Vol.
2412 1523 2525 1591 80.)

845 1696 1423 1764 Praestantissimo
1478 1697 1635 1763 Iesu
1681 1697 1936 1764 Christi
1990 1718 2179 1763 servo
2241 1698 2325 1762 D.
2389 1697 2628 1763 Ioanni

675 1784 956 1850 Calvino
1002 1782 1417 1850 Genevensis
1459 1783 1769 1850 ecclesiae
1813 1783 2061 1866 pastori
2102 1783 2292 1848 fratri
2335 1791 2404 1849 et
2446 1805 2626 1870 sym-

675 1878 938 1953 mystae
980 1867 1387 1934 observando

2124 1954 2451 2021 Genevae.

850 2090 919 2157 S.
988 2090 1175 2156 Nihil
1232 2090 1317 2156 ad
1359 2099 1427 2155 te
1481 2091 1691 2158 scribo
1737 2089 1818 2156 de
1862 2091 2045 2157 exitu
2087 2092 2295 2156 nostri
2339 2111 2621 2157 conven-

673 2188 802 2256 tus,
834 2179 883 2254 ¹)
930 2186 1068 2242 tum
1104 2177 1260 2260 quia
1302 2176 1595 2243 nondum
1638 2174 1929 2242 iudicare
1951 2198 2321 2261 possumne,
2367 2177 2498 2243 nisi
2537 2198 2624 2242 ex

672 2263 1064 2329 coniecturis
1099 2265 1295 2347 (quae
1330 2263 1587 2327 utinam
1628 2283 1749 2327 nos
1784 2262 2047 2348 fallant)
2082 2270 2402 2346 quantum
2446 2266 2622 2327 fruc-

671 2357 784 2414 tus
839 2370 927 2415 ex
983 2369 1060 2414 eo
1111 2368 1378 2433 sperare
1438 2347 1785 2414 debeamus
1800 2399 1820 2428 ,
1877 2355 2020 2414 tum
2078 2349 2232 2432 quia
2284 2371 2390 2415 res
2448 2349 2621 2414 eius-

669 2433 852 2502 modi
906 2442 1039 2513 est,
1100 2441 1179 2500 ut
1217 2434 1430 2500 literis
1488 2432 1815 2500 mandari'
1841 2455 1975 2500 non
2032 2434 2195 2501 satis
2252 2435 2618 2501 conveniat.

670 2520 979 2587 Halteras
1020 2527 1085 2585 te
1128 2520 1372 2586 inviset
1414 2525 1483 2585 et
1522 2527 1740 2585 tecum
1782 2519 2201 2603 colloquetur.
2268 2520 2434 2586 Eius
2478 2541 2622 2586 seu·

667 2606 883 2673 tentia
925 2626 967 2670 a
1007 2611 1237 2672 nostra
1274 2604 1469 2689 longe
1528 2603 1798 2671 dissidet
1840 2604 1921 2671 de
1964 2603 2372 2671 restituenda
2415 2605 2618 2672 eccle-

669 2693 807 2760 siae
850 2713 890 2757 a
932 2690 1202 2758 Ohristo
1244 2690 1547 2758 instituta
1602 2689 1973 2777 disciplina,
1994 2693 2052 2772 ²)
2110 2692 2397 2758 maxime
2445 2712 2618 2770 vero,

667 2776 845 2862 quod
888 2779 971 2844 ab
1013 2777 1098 2844 iis
1149 2777 1489 2862 impetrari
1663 2798 1734 2843 se
1791 2772 2076 2856 diffidat,
2143 2779 2288 2844 sine
2341 2798 2617 2861 quorum

669 2884 997 2931 consensu
1062 2871 1129 2929 et
1190 2864 1538 2929 autoritate
1602 2863 1816 2930 locum
1883 2863 2126 2929 habere
2192 2885 2324 2929 non
2380 2870 2616 2946 potest.

665 2950 853 3016 Bene
898 2948 1114 3029 habet,
1160 2949 1335 3032 quod
1378 2950 1636 3035 legatus
1672 2958 1948 3033 uterque
1981 2948 2271 3035 prudens
2315 2962 2433 3028 est,
2479 2971 2618 3015 mo-

666 3035 890 3102 destus
934 3044 1002 3101 et
1045 3032 1129 3101 ad
1171 3055 1400 3119 pacem
1438 3049 1506 3101 et
1544 3035 1956 3102 concordiam
1992 3035 2414 3102 ecclesiarum
2449 3034 2617 3101 bene

665 3122 956 3188 affectus.
1086 3120 1182 3186 De
1262 3121 1856 3206 praedestinatione
1934 3121 2235 3205 quamvis
2321 3128 2617 3186 nostram

663 3207 973 3274 Halterus
1034 3228 1168 3272 non
1232 3207 1556 3291 improbet
1624 3207 2051 3285 sententiam,
2129 3207 2331 3272 nimis
2394 3215 2616 3271 tamen

661 3293 832 3359 mihi
875 3292 1138 3359 videtur
1177 3292 1262 3359 iis
1306 3292 1672 3359 condonare
1707 3299 1775 3357 et
1809 3292 2098 3358 tribuere
2132 3294 2243 3375 qui
2288 3291 2615 3357 diversam

663 3387 1050 3463 sequuntur.
1073 3377 1127 3462 ³)
1215 3376 1351 3443 Sed
1395 3377 1475 3444 de
1520 3378 1625 3442 his
1665 3378 1845 3443 alias.

837 3464 900 3531 N
904 3486 1033 3531 unc
1106 3462 1290 3530 vobis
1358 3471 1459 3530 est
1524 3463 1655 3528 alia
1723 3482 1870 3528 cum
1934 3462 2177 3530 Serveto
2242 3462 2613 3547 disputatio,

658 3550 948 3617 Librum
989 3549 1175 3633 prius
1219 3549 1300 3614 ab
1345 3569 1421 3614 eo
1465 3548 1713 3614 editum
1737 3555 1892 3614 ante
1937 3570 2143 3615 annos
2164 3549 2402 3633 viginti
2449 3569 2615 3614 non-

659 3636 821 3702 dum
892 3634 1189 3702 invenire
1260 3634 1611 3718 potuimus.
1630 3637 1688 3711 4)
1806 3633 2150 3701 Sennerius
2228 3633 2359 3702 huc
2426 3633 2614 3699 brevi

655 3730 980 3805 venturus
1025 3728 1144 3802 est,
1187 3719 1412 3806 (hodie
1457 3729 1533 3784 ut
1572 3720 1793 3803 spero)
1850 3718 2028 3805 apud
2071 3741 2284 3805 quem,
2328 3720 2456 3787 nisi
2499 3719 2615 3786 fal-

655 3809 760 3874 lor
775 3859 792 3887 ,
865 3828 1074 3873 unum
1148 3805 1282 3872 vidi
1338 3804 1707 3889 aliquando.
1811 3805 1889 3872 Si
1970 3806 2186 3874 adhuc
2255 3807 2345 3873 sit
2414 3804 2609 3887 domi,

657 3893 850 3960 nobis
906 3914 1041 3957 non
1107 3892 1487 3977 negabitur,
1556 3891 2063 3975 curabimusque
2127 3889 2211 3958 ad
2281 3904 2344 3958 te
2400 3893 2613 3977 primo

657 3997 915 4061 quoque
957 3986 1252 4061 tempore
1296 3977 1896 4043 transmittendum.
1964 3977 2191 4060 Quum
2211 3978 2613 4061 colloquerer

656 4084 809 4131 cum
863 4061 1230 4144 Quaestore
1281 4061 1573 4147 Steyuero
1596 4115 1612 4141 ,
1672 4063 1784 4147 qui
1842 4063 2030 4129 nobis
2083 4086 2340 4147 semper
2398 4062 2482 4129 ad
2540 4085 2612 4129 se

654 4148 919 4216 facilem
960 4147 1233 4232 praebet
1270 4167 1619 4227 accessum}
1668 4160 1741 4214 ut
1784 4149 2117 4216 humanus
2160 4162 2291 4229 est,
2337 4169 2412 4215 ac
2455 4170 2611 4233 que-

655 4382 833 4440 17⁷8.
869 4384 926 4451 1)
964 4384 1087 4467 Hoc
1118 4387 1241 4455 ipso
1274 4386 1364 4442 die
1398 4388 1496 4442 sub
1522 4387 1809 4457 praesidio
1844 4387 2064 4443 Hellen-⁸·
2105 4393 2156 4442 d
2192 4386 2424 4460 διείρεο-ι’
2453 4403 2612 4443 aora-

653 4455 745 4510 τέο
775 4453 1045 4536 praefecta
1077 4455 1273 4510 classis
1314 4462 1609 4539 commum
1643 4457 1983 4512 Lamum
2026 4457 2321 4513 celebrum
2361 4459 2498 4526 ficit,
2545 4458 2614 4514 de

653 4539 764 4646 valo
793 4523 924 4644 ἔὸᾱσ
955 4523 1114 4589 unfra
1148 4525 1367 4580 Hallm
1398 4541 1480 4595 ep.
1514 4526 1595 4580 ad
1629 4526 1777 4581 Bau.
1813 4525 1891 4582 N.
1917 4523 2070 4580 1789.
2149 4525 2384 4595 Reuehat,
2418 4527 2481 4581 V.
2505 4524 2611 4581 496

704 4631 756 4744 J
864 4632 925 4721 '2³
963 4660 1188 4716 Ηαιιω·
1211 4662 1419 4745 ριιιοςεα
1451 4664 1668 4733 colliqes
1698 4679 1884 4746 «φερε
1918 4663 2294 4719 memmio
2326 4679 2463 4788 qm
2496 4681 2611 4720 ma-

651 4734 924 4802 mati-atus
957 4729 1381 4786 Lamanmm
1410 4735 1794 4802 monulfum.
1863 4730 2115 4799 (Ructat
2148 4733 2245 4787 VI.
2280 4732 2314 4788 1.
2372 4734 2414 4801 .)
2455 4733 2608 4789 Vire-

652 4798 1608 4923 mcamentmcitersuisusqlue
1654 4801 2519 4871 pumpouulafisadhambat.

859 4866 922 4932 3)
964 4865 1049 4932 C't‘.
1087 4867 1372 4924 Hunorum
1410 4869 1485 4942 N„
1555 4868 1673 4924 789.

860 4935 916 4998 4)
955 4936 1188 4992 Ln‘bmm
1233 4951 1308 4993 sc.
1364 4935 1434 4992 de
1488 4937 1778 4994 mitaris
1820 4939 2122 5007 error-ubas,
2170 4939 2225 4995 a.
2272 4941 2403 5001 VII.
2453 4940 2604 4995 1531.

656 5004 923 5061 edvinus
957 5005 1102 5062 hunc
1135 5006 1198 5061 in
1231 5021 1312 5076 ep.
1349 5006 1542 5076 aliqua
1586 5005 1868 5076 deperdita
1902 5007 2245 5064 Εαωαπηαο
2276 5012 2611 5081 quaesivisse

649 5074 871 5130 videtur
903 5090 1073 5145 quum
1122 5074 1371 5131 (ἔσπευσε
1401 5076 1637 5143 reperiri
1676 5092 1791 5131 non
1904 5078 2084 5133 tum-it.
2165 5078 2357 5135 Etiam
2389 5079 2608 5135 Bullin-

648 5159 819 5214 oms
838 5144 1131 5268 ..αἰωρῶν
1163 5143 1492 5268 ροεείάὠέἇ.
1561 5143 1824 5210 (Trecm
1871 5162 1927 5213 p.
1946 5145 2058 5213 68.)
2099 5146 2293 5203 Etiam
2331 5146 2606 5231 Gfenovm·

651 5280 833 5347 lecim·
871 5280 1009 5351 Opp.
1047 5229 1226 5337 may
1238 5281 1339 5337 501
1380 5297 1450 5338 σε.
1489 5278 1608 5336 795.
1679 5280 1769 5336 De
1811 5283 1927 5339 loco
1971 5284 2223 5352 inpressi
2262 5286 2395 5343 libri
2436 5286 2605 5343 ambi-

649 5349 882 5416 oebatur
915 5366 963 5405 υ.
997 5351 1130 5407 ibid.
1162 5368 1220 5419 p.
1255 5349 1375 5406 764.
1414 5349 1532 5405 767.
1614 5349 1860 5408 stoches!
1885 5368 1946 5422 p.
1980 5350 2103 5407 228.

1524 5227 1722 5268 manus
1760 5214 1938 5280 fuisse
1981 5215 2197 5285 colliqes
2241 5232 2307 5271 aa·
2351 5233 2425 5271 us
2468 5233 2608 5287 quae

2731 637 2915 684 rerer
2955 616 3036 682 de
3093 614 3404 684 ecclesiae
3460 615 3891 702 dissipatione
3906 668 3924 697 ,
3984 625 4052 683 et
4110 617 4191 684 de
4246 616 4534 687 admissis
4570 621 4646 687 ad

2732 702 3040 770 ecclesiae
3096 702 3554 782 ministerium,
3614 704 3728 787 qui
3784 704 3866 769 ab
3921 702 4066 770 aliis
4119 703 4405 771 ecclesiis
4441 707 4646 774 reiice-

2733 796 2993 868 rentur,
3053 795 3248 873 atque
3298 788 3367 853 in
3411 787 3494 855 iis
3537 788 3618 855 de
3672 798 3893 857 vestro
3934 790 4012 856 de
4054 788 4338 857 Eoeksia
4353 792 4411 873 ⁶)
4468 793 4645 860 verba

2730 874 3017 940 facerem
3033 924 3051 955 ‚
3113 874 3394 940 miratus
3455 895 3601 940 sum
3665 874 3837 960 quod
3898 875 4267 958 respondit,
4333 875 4648 945 dimissum

2732 981 2876 1028 esse
2918 960 3107 1025 illum
3143 982 3182 1026 a
3218 960 3664 1027 Genevatibus
3706 982 3857 1027 cum
3900 962 4238 1045 praeclaro
4281 962 4646 1045 testimonio,

2730 1055 2846 1112 aut
2887 1053 3066 1113 certe
3108 1067 3243 1112 non
3275 1045 3469 1125 malo,
3512 1067 3713 1130 eoque
3752 1047 4031 1132 publicis
4065 1047 4321 1114 tabellis
4361 1058 4426 1113 et
4460 1050 4650 1134 sigillo

2731 1131 3161 1215 Reipublicae
3184 1131 3596 1199 Geuevensis
3638 1134 4033 1216 consignato.
4116 1131 4322 1199 Cuius
4345 1142 4410 1201 te
4450 1135 4649 1201 admo-

2731 1239 2892 1284 nere
2946 1218 3126 1284 volui
3139 1270 3156 1298 ‚
3211 1228 3286 1284 ut
3337 1218 3701 1302 inquireres
3716 1270 3733 1298 ,
3791 1220 3849 1285 si
3900 1219 4046 1303 quis
4101 1218 4209 1285 hic
4266 1221 4432 1287 forte
4477 1221 4652 1289 dolus

2732 1303 3047 1370 subesset.
3147 1303 3318 1370 Nam
3388 1325 3524 1369 non
3589 1304 3861 1371 dubium
3933 1311 4060 1383 est,
4130 1306 4289 1389 quin
4347 1305 4653 1374 Dominus

2733 1389 3064 1472 Quaestor
3106 1411 3262 1456 vera
3305 1389 3499 1456 dicat.
3588 1391 3751 1456 Dixi
3803 1412 3909 1456 me
3953 1412 4087 1456 non
4130 1389 4482 1458 admodum
4519 1415 4652 1477 pro-

2729 1477 2889 1543 bare
2904 1528 2919 1558 ,
2986 1476 3045 1541 si
3097 1474 3179 1542 ab
3233 1497 3369 1541 una
3422 1477 3769 1543 eiiceretur
3822 1477 4097 1544 ecclesia
4155 1499 4195 1542 a
4249 1499 4383 1561 qua
4431 1479 4654 1546 bonum

2730 1562 3184 1628 testimonium
3259 1569 3595 1647 reportare
3671 1564 3892 1647 possit.
3998 1561 4215 1644 Quam
4292 1573 4512 1630 metuo
4581 1586 4655 1631 ne

2734 1646 3196 1728 Gaiensibus0)
3240 1649 3525 1714 multum
3546 1650 3826 1715 facessat
3845 1649 4120 1734 negotii!
4181 1647 4317 1715 Sed
4351 1648 4656 1717 Dominus

2733 1732 2961 1800 aderit.
3051 1732 3365 1800 Salutant
3405 1741 3470 1799 te
3510 1736 3720 1801 nostri
3765 1755 3994 1801 omnes
4008 1787 4024 1814 ,
4124 1738 4466 1802 raesertim
4506 1758 4657 1803 uxor

2732 1827 2799 1885 et
2831 1819 3093 1899 filiolae,
3139 1826 3207 1885 et
3240 1841 3325 1885 ex
3358 1820 3671 1887 fratribus
3705 1820 3954 1906 collega
3989 1830 4056 1887 et
4145 1841 4271 1887 ssa.
4362 1822 4525 1889 Vale
4563 1844 4659 1907 op-

2730 1905 2909 1973 time.
2999 1906 3394 1972 Lausannae
3438 1910 3537 1972 22.
3585 1908 3755 1991 Aug.
3807 1911 3988 1972 1553.

3705 2044 3891 2110 Tuus
3932 2043 4175 2111 Petrus
4217 2043 4505 2112 Viretus.

3463 2340 3852 2347 ——--——-

3609 2556 3797 2628 1774.

2811 2692 2937 2758 LE
2984 2677 3289 2761 SENAT
3333 2693 3461 2760 DE
3507 2680 3892 2795 GENEVE
3940 2696 4066 2765 Au
4108 2696 4583 2765 TRIBUNAL

3422 2797 3551 2864 nn
3597 2799 3972 2867 VIENNE.

2902 2948 3317 3019 Commission
3358 2954 3662 3037 royatoire
3707 2976 3794 3021 au
3836 2956 3994 3036 sajet
4026 2957 4139 3023 des
4172 2953 4550 3022 antecedam
4591 2953 4657 3017 de

2728 3034 2938 3102 Sei-vet
2978 3038 3144 3104 dan-s·
3184 3043 3330 3105 cette
3373 3039 3538 3105 ville.

2722 3206 2838 3274 (Vo
2877 3225 2938 3262 ez
2994 3208 3047 3262 le
3091 3214 3246 3264 texte
3291 3210 3427 3263 dans
3474 3210 3555 3265 les
3597 3211 3769 3264 Actes
3814 3211 3888 3265 du
3942 3210 4163 3283 proces,
4212 3211 4460 3266 Oeuvres
4507 3211 4659 3265 Tome

2863 3316 2877 3330 .
2913 3294 2973 3346 p.
3010 3275 3128 3332 761.
3196 3279 3276 3332 La
3309 3280 3475 3333 lettre
3528 3286 3614 3333 est
3660 3280 3819 3334 dates
3866 3280 3940 3335 du
3974 3279 4059 3334 22.
4094 3282 4240 3336 Aofit
4274 3286 4334 3335 et
4368 3294 4659 3334 commanos

2945 3362 3047 3415 par
3079 3362 3169 3401 ces
3204 3359 3377 3401 mots:
3419 3348 3579 3403 Nous
3613 3364 3786 3403 avom
3819 3365 3886 3403 en
3921 3365 4026 3405 noa
4056 3352 4282 3418 prisone
4316 3350 4449 3417 etc.)

3503 3626 3910 3635 -————--—-—

3608 3842 3792 3913 1775.

2939 3977 3304 4045 snnvnm
3348 3979 3475 4048 Au
3519 3964 3826 4048 emm*
3867 3983 3995 4048 nn
4040 3966 4450 4050 enmvn.

2892 4148 3259 4233 Hproteste
3300 4158 3503 4219 contre
3544 4173 3658 4219 son
3711 4155 4117 4233 arro-station,
4174 4155 4657 4240 arquedel'in-

2716 4236 3462 4389 Wdoejuyes
3517 4243 3575 4306 et
3628 4237 4176 4307 subsidiav'rement
4238 4242 4659 4310 donandam

2716 4490 2823 4559 (Im
2863 4492 3031 4547 rimee
3066 4494 3202 4548 dans
3247 4496 3329 4549 les
3364 4494 3534 4550 Actes
3579 4495 3653 4550 du
3702 4496 4002 4579 proces'N.
4035 4497 4179 4552 XVI.
4219 4498 4467 4554 Oeuvres
4501 4499 4658 4553 'rome

2726 4510 2863 4615 vul.
2900 4579 2952 4632 p.
2990 4560 3109 4616 762.
3163 4562 3340 4618 Μὸιιιο
3375 4564 3503 4618 date
3539 4581 3645 4635 que
3679 4567 3733 4619 la
3761 4566 4105 4636 precedente.
4159 4567 4653 4623 Oommeucement:

3041 4630 3272 4701 Sumptis
3304 4633 3658 4690 humblement
3695 4634 3900 4691 Michel
3935 4634 4190 4692 Servom
4223 4638 4347 4705 etc.)

2920 4837 2981 4907 5)
3019 4839 3252 4923 Nomen·
3284 4839 3584 4896 omiserunt
3614 4857 3803 4923 ‘apoqr
3878 4843 3970 4923 ha·
3996 4841 4064 4897 de
4105 4842 4371 4926 ministro·
4408 4845 4473 4898 in
4517 4841 4652 4921 ναις

2712 4904 2955 5032 ms.
2978 4908 4000 5036 ’armet-...Qum
4033 4909 4655 5050 fflwx

2705 5046 2987 5113 male
3191 5048 3203 5061 ‘

2916 5114 2978 5183 6)
3015 5053 3423 5197 affluemus
3456 5116 3662 5187 Apoqr.

3525 5308 3933 5321 ——-—————
