4900 6167
249 470 344 532 569

246 656 385 721 hanc
423 673 560 718 non
600 653 817 737 potuit
832 703 848 731 ,
895 649 1013 718 sed
1057 674 1260 735 quum
1303 651 1485 736 loqui
1531 649 1727 718 vellet
1743 702 1760 730 ‚
1804 650 2167 749 ‚reprehen-

247 761 335 807 sus
381 739 603 805 exivit.
703 738 811 803 Ita
876 737 1014 804 filia
1069 758 1246 804 nunc
1299 737 1568 804 turbare
1624 737 1961 804 ecclesiam
2017 736 2168 803 vult

244 823 502 892 indebita
558 824 869 909 baptismi
926 822 1510 891 administratione.
1613 823 1888 907 Collega
1945 821 2167 888 subdit

245 912 425 978 aviam
477 931 623 976 esse
675 911 745 976 in
799 908 1063 976 foedere
1118 919 1188 976 et
1252 911 1582 992 suscipere
1638 909 1876 975 filiolae
1918 929 2162 989 curam,

245 1005 297 1063 01
330 996 635 1081 quamdiu
679 996 866 1063 vivet
908 995 1216 1062 daturam
1252 1018 1323 1061 se
1359 1015 1626 1079 operam
1662 1004 1737 1060 ut
1779 996 1849 1059 in
1886 1013 2166 1078 evange-

242 1084 310 1149 lio
345 1082 552 1149 vivat:
614 1090 682 1148 et
723 1081 894 1166 quod
939 1081 1029 1147 sit
1086 1083 1155 1147 in
1197 1081 1458 1148 foedere
1514 1081 1735 1165 palam
1780 1102 1920 1146 esse
1935 1132 1953 1160 ,
2012 1081 2166 1165 quia

244 1176 481 1252 excepta
502 1169 588 1234 sit
611 1170 694 1234 ab
730 1168 1002 1235 ecclesia
1041 1174 1108 1234 et
1140 1167 1428 1234 admissa
1462 1167 1545 1233 ad
1581 1188 1874 1233 coenam.
1940 1164 2165 1247 Quare

243 1256 286 1321 si
319 1276 553 1320 vernae
597 1264 667 1319 et
709 1254 1022 1338 emptitii,
1082 1254 1193 1339 qui
1252 1256 1325 1319 in
1385 1252 1655 1319 aedibus
1717 1260 1907 1318 erant
1951 1252 2165 1318 Abra-

242 1341 390 1405 hami
412 1339 494 1405 ad
530 1340 1092 1407 circumcisionem
1128 1340 1664 1419 admittebantur,
1710 1340 1919 1405 multo
1955 1338 2166 1423 magis

240 1426 389 1505 11000,
412 1431 463 1505 ⁶)
507 1446 674 1512 quae
716 1428 788 1491 in
816 1426 1087 1493 aedibus
1109 1427 1295 1493 aviae
1317 1438 1470 1492 nata
1506 1434 1624 1491 est.
1688 1425 1834 1509 Ego
1877 1423 2014 1489 ludi
2057 1424 2167 1491 hic

240 1512 549 1579 ecclesiam
595 1514 868 1578 affirmo.
949 1509 1220 1579 Scilicet
1260 1520 1478 1578 mater
1521 1533 1687 1595 quae
1730 1511 1935 1577 filiam
1979 1531 2166 1575 man·

239 1599 455 1682 cipavit
495 1597 809 1678 Satanae,
851 1599 972 1664 sub
1016 1620 1145 1681 quo
1189 1619 1269 1664 ea
1312 1599 1558 1665 fatetur
1600 1618 1671 1664 se
1708 1600 2055 1676 victuram,
2101 1604 2167 1661 et

236 1704 345 1749 non
403 1684 525 1751 sub
584 1683 955 1769 evangelio,
1015 1683 1199 1751 dabit
1257 1703 1528 1768 operam
1586 1692 1662 1750 ut
1705 1703 1899 1766 quam
1945 1683 2167 1748 minus

237 1769 415 1836 habet
470 1791 690 1837 caram
740 1771 1059 1836 formetur
1105 1771 1178 1836 in
1228 1769 1622 1855 evangelio?
1703 1770 1839 1835 Det
1878 1770 2165 1853 primum

236 1857 544 1940 specimen
585 1857 658 1921 in
700 1857 839 1922 filia
880 1876 1077 1940 quam
1135 1855 1456 1941 perdidit,
1516 1854 1788 1922 reducat
1829 1874 2005 1920 eam:
2069 1851 2166 1944 [et

237 1952 296 2006 ut
314 1963 577 2025 corpore
603 1941 803 2008 habet
839 1941 1013 2007 domi
1049 1943 1145 2008 ita
1181 1943 1420 2009 efficiat
1456 1950 1533 2007 ut
1565 1949 1787 2008 monte
1823 1952 2167 2006 converta-

235 2026 366 2115 tur]
457 2026 657 2109 Quod
716 2036 941 2093 autem
1009 2029 1246 2094 attinet
1316 2027 1399 2094 ad
1455 2029 1894 2113 receptionem
1955 2026 2158 2105 aviae,

234 2134 333 2198 ego
372 2134 667 2199 pernego
709 2135 817 2180 me
859 2134 1155 2197 unquam
1190 2117 1259 2179 in
1294 2135 1440 2181 eam
1475 2114 1869 2180 sententiam
1905 2111 2166 2178 venisse

234 2221 422 2284 neque
464 2208 856 2280 venturum,
923 2200 1051 2265 nisi
1104 2199 1285 2266 aliud
1341 2220 1604 2266 cernam
1663 2201 1733 2264 in
1776 2218 1885 2264 ea:
1953 2218 2166 2281 neque

234 2287 413 2368 probo
457 2285 745 2372 colleg-ae
797 2287 1078 2365 factum,
1138 2288 1251 2370 qui
1302 2307 1422 2353 suo
1475 2307 1659 2353 more
1716 2306 1854 2351 non
1898 2293 2166 2352 veretur

232 2372 557 2455 profanare
614 2374 866 2453 omnia,
922 2378 990 2437 et
1028 2372 1550 2457 improbissimos
1607 2370 1776 2440 velle
1819 2368 2164 2437 admittere

231 2459 398 2542 cogit.
488 2459 583 2523 Et
623 2457 797 2542 quod
839 2458 1077 2524 attinet
1134 2458 1216 2524 ad
1275 2479 1385 2525 eos
1427 2459 1540 2543 qui
1583 2478 1732 2524 cum
1776 2478 1852 2523 eo
1891 2456 2160 2536 faciunt,

230 2564 318 2609 res
356 2546 452 2610 ita
494 2544 693 2611 habet
733 2551 802 2609 et
843 2553 1086 2628 quanto
1143 2544 1430 2628 iniquior
1474 2551 1575 2610 est
1616 2552 1803 2609 tanto
1847 2541 2161 2627 plausibi-

229 2628 348 2695 lior.
436 2630 612 2697 Nam
660 2630 801 2697 sive
845 2650 928 2696 ex
973 2631 1206 2698 'furcis
1246 2632 1385 2697 sive
1431 2651 1511 2696 ex
1557 2629 1823 2695 Iudaeis
1866 2629 1975 2695 vel
2017 2628 2160 2712 qui·

230 2713 433 2784 busvis
476 2737 644 2800 puer
689 2717 1019 2797 offeratur,
1067 2722 1134 2782 et
1175 2714 1491 2818 quidquid
1532 2723 1636 2782 est
1678 2713 2017 2815 eiusmodi,
2061 2715 2162 2778 in·

228 2803 769 2969 100ωὲ01,
827 2800 1051 2972 ‘33:55
1101 2802 1460 2956 0101
1513 2822 1743 2969 aas
1775 2820 2014 2953 ..maa
2054 2818 2163 2986 ⁰34

228 2973 667 3041 Abrahamum
703 2983 769 3040 et
803 2993 1041 3040 vernas
1074 2975 1098 3039 i
1145 2975 1302 3054 sius,
1339 2974 1499 3040 dent
1531 2975 1770 3040 micam
1803 2970 1957 3039 fidei
1992 2978 2163 3037 10011

229 3062 384 3125 servi
426 3060 705 3126 Domini
755 3061 827 3124 in
871 3068 1010 3125 tam
1067 3060 1182 3127 vili
1240 3061 1569 3144 mancipio
1611 3058 1933 3138 Satanae,
2033 3055 2164 3122 uod

228 3154 365 3212 tunc
394 3144 743 3213 ecclesiam
779 3144 940 3211 adeo
974 3144 1303 3212 horrende
1333 3146 1621 3212 foedavit
1655 3156 1733 3210 ut
1765 3154 2004 3228 stupen
2052 3163 2162 3207 um

228 3231 314 3296 sit.
376 3231 452 3297 In
492 3231 719 3298 Gallia
752 3230 908 3315 quid
943 3253 1075 3296 non
1113 3234 1267 3316 egit,
1312 3231 1488 3297 unde
1531 3230 1949 3316 evangelium
1990 3229 2164 3293 male

228 3316 466 3385 audiret
509 3320 648 3384 suis
690 3317 1193 3384 scortationibus
1239 3325 1307 3383 et
1350 3316 1693 3383 divortiis?
1761 3313 1954 3383 Adde
1988 3313 2164 3399 quod

226 3402 455 3471 iudices
510 3424 742 3470 omnes
797 3404 945 3470 laici
1001 3425 1205 3487 quum
1262 3424 1397 3470 non
1455 3411 1723 3488 possent
1765 3422 1909 3467 eam
1955 3399 2164 3467 conci-

226 3485 369 3555 liare
413 3490 590 3570 viro,
650 3488 761 3556 ubi
805 3491 987 3556 iusta
1028 3490 1185 3554 ferri
1230 3489 1508 3556 debebat
1549 3489 1861 3555 ecclesiae
1904 3507 2164 3554 excom-

224 3576 565 3643 municatio
580 3627 595 3653 ,
651 3576 793 3643 ausi
837 3583 996 3642 sunt
1038 3596 1183 3641 eam
1228 3576 1309 3641 ab
1355 3574 1656 3640 omnibus
1711 3574 2006 3642 ecclesiis
2048 3594 2164 3639 ex-

227 3662 724 3738 communicare,
805 3661 933 3727 sibi
1007 3670 1407 3746 usurpantes
1471 3661 1641 3745 quod
1708 3681 1843 3726 non
1907 3658 2161 3724 licebat.

226 3742 319 3810 Sit
372 3766 547 3813 vana
602 3750 804 3826 actio,
871 3758 1093 3814 tamen
1152 3746 1324 3831 quod
1378 3748 1549 3813 iuste
1602 3747 1814 3831 infligi
1867 3745 2164 3824 debebat,

224 3829 321 3896 ubi
362 3833 684 3900 solvitur?
776 3831 1012 3901 801010
1056 3844 1171 3913 001,
1220 3835 1311 3898 011
1355 3832 1616 3916 aliquis,
1674 3832 1832 3897 dum
1877 3830 2164 3896 admissa

221 3916 333 3983 fuit
372 3919 457 3986 ad
499 3940 786 3986 coenam.
853 3920 1039 4004 Nego
1073 3919 1142 3984 id
1184 3919 1478 4005 legitime
1517 3919 1777 3984 factum.
1842 3915 1978 3984 Sed
2018 3915 2164 4001 quis

226 4003 463 4071 audivit
505 4026 801 4089 unquam
847 4005 1301 4072 Abrahamum
1346 4005 1628 4089 aliquem
1671 4026 1754 4070 ex
1799 4003 1935 4069 suis
1976 4021 2164 4067 man-

224 4089 460 4174 cipasse
504 4090 869 4176 sacrilegiis
911 4089 1429 4170 idololatrarum,
1476 4101 1543 4156 et
1586 4111 1813 4156 rursus
1857 4108 2162 4174 perseve-

223 4187 466 4243 rantem
509 4180 585 4242 in
629 4178 966 4261 impietate
1008 4179 1080 4242 in
1124 4176 1316 4244 aedes
1351 4199 1506 4244 suas
1549 4177 1909 4254 admisisse,
1957 4183 2025 4240 et
2068 4175 2164 4238 in·

220 4259 421 4330 fidelis
485 4262 738 4348 prolem
804 4271 1093 4330 tentasse
1158 4262 1667 4330 circumcidere?
1757 4264 2001 4329 Actum
2065 4267 2166 4325 est

223 4366 361 4413 cum
398 4349 746 4417 stati-ibus:
809 4349 921 4433 qui
978 4368 1051 4413 re
1113 4368 1348 4434 parum
1393 4368 1717 4432 expensa,
1761 4368 1917 4431 pars
1958 4345 2166 4413 suasit

222 4432 669 4519 intingendam
713 4434 1032 4519 puellam,
1088 4455 1243 4519 pars
1300 4433 1734 4501 consulendas
1776 4454 1919 4500 esse
1960 4430 2164 4498 00010-

222 4519 371 4600 sias,
415 4542 571 4605 pars
614 4541 748 4586 non
789 4520 1266 4606 intingendam.
1356 4518 1492 4587 8οᾶ
1535 4523 1704 4585 mira
1746 4518 2167 4585 contentione

223 4604 463 4692 collega
515 4607 654 4691 egit
723 4617 790 4672 01
851 4606 1053 4691 aliqui
1109 4627 1347 4673 secum.
1452 4606 1598 4671 Non
1656 4606 1848 4690 pauci
1903 4612 2164 4669 tantum

222 4692 385 4771 quod
421 4693 667 4780 vulgus
703 4693 800 4757 ait
834 4694 1084 4759 nemini
1121 4692 1578 4776 denegandum
1613 4692 2010 4776 baptismum
2050 4709 2163 4772 pe-

222 4780 396 4843 tenti.
494 4780 836 4881 Rogabam
892 4800 1022 4863 qua
1080 4779 1333 4879 ratione
1388 4777 1607 4880 puella
1660 4776 1909 4843 munda
1961 4784 2163 4841 esset:

221 4863 808 5019 iffui'fflgst'}
835 4884 1134 5030 Ῑὸᾚῖἓ,
1165 4871 1267 5016 ῗξῖῗ
1290 4858 2164 5032 ἒὲῗῗὶθεθῗέἲὶῧᾶῗὲῗῖ

221 5033 442 5115 Quum
487 5058 646 5125 ergo
689 5038 1032 5103 immunda
1076 5037 1196 5116 sit,
1282 5036 1387 5101 uis
1429 5036 1561 5102 nisi
1603 5035 2023 5102 maledictum
2064 5034 2168 5097 in-

223 5141 488 5190 currens
530 5123 846 5189 mundam
891 5057 1287 5190 affirmabit}
1351 5121 1436 5186 Et
1469 5130 1545 5188 ut
1588 5120 1814 5187 videas
1857 5121 2170 5205 pietatem

220 5296 410 5309 ah.-
439 5303 443 5307 .
468 5301 623 5310 “-ο-

422 5397 482 5467 6)
515 5399 657 5453 hanc
694 5397 844 5453 de.

2029 467 2192 529 1553
2235 462 2419 531 IU'L.

4099 474 4224 535 570

2266 653 2471 732 aviae,
2501 664 2724 736 'quum
2759 651 3012 737 collega
3046 651 3446 720 decrevisset
3479 656 3802 722 sciscitari
3836 657 3918 723 de
3958 659 4088 725 fide
4122 659 4222 742 ip-

2268 739 2425 816 sius,
2471 748 2540 802 et
2580 739 2946 823 astringere
2992 740 3233 805 arctius
3278 739 3363 806 ad
3402 742 3890 823 procurandum
3911 796 3926 823 ,
3969 766 4056 810 ne
4099 767 4222 810 un-

2267 844 2465 907 quam
2498 823 2722 909 puella
2756 823 3190 891 adduceretur
3222 826 3292 890 in
3327 827 3731 909 papismum:
3767 829 3883 894 illa
3915 830 4223 910 resciens,

2268 909 2431 975 adiit
2484 909 2854 996 improbum
2905 912 3293 994 plebanum,
3352 914 3463 995 qui
3521 911 3758 999 dignus
3816 927 3960 980 erat
4001 915 4222 982 Deum

2268 997 2673 1079 pontificium
2707 1004 3027 1080 perpetuo
3061 1018 3353 1077 evocare,
3398 1018 3475 1063 ac
3517 1019 3589 1064 se
3632 1021 3768 1065 non
3811 1002 3907 1066 ita
3948 1002 4224 1069 miscere

2267 1082 2394 1164 piis
2438 1082 2733 1149 debebat.
2814 1083 3072 1148 Habuit
3115 1082 3409 1149 levantes
3444 1085 3807 1168 pontificios
3847 1096 3914 1152 et
3954 1089 4225 1172 insuper

2268 1167 2515 1234 milites
2569 1177 2638 1234 et
2681 1168 2852 1251 apud
2908 1169 3105 1235 aliam
3153 1169 3513 1250 ecclesiam,
3558 1192 3756 1253 quam
3800 1172 3971 1240 hano
4014 1175 4223 1242 voluit

2265 1253 2527 1338 intingi.
2617 1253 2799 1320 8000
2836 1253 3027 1320 video
3069 1254 3391 1339 collegam
3435 1257 3632 1323 nimis
3669 1258 4114 1340 praefractum
4158 1267 4225 1325 et

2267 1339 2416 1422 plus
2461 1340 2588 1405 sibi
2624 1361 2821 1424 quam
2863 1362 2985 1424 par
3028 1342 3117 1406 sit
3151 1341 3573 1408 tribuentem.
3630 1342 3857 1410 Facile
3898 1344 4053 1409 huic
4095 1346 4226 1410 erit

2269 1426 2494 1491 omnia
2515 1428 2775 1493 efficere
2797 1446 2918 1510 per
2940 1426 3419 1507 consistorium,
3458 1429 3516 1494 si
3552 1429 3735 1495 aliud
3769 1450 3903 1495 non
3939 1429 4221 1497 videam.

2267 1512 2598 1579 Dominus
2618 1513 2806 1579 nobis
2829 1512 3015 1579 adsit.
3061 1515 3165 1578 'I'u
3191 1535 3339 1579 cum
3363 1514 3676 1580 fratribus
3701 1524 3888 1581 tuum
3911 1516 4223 1582 iudicium

2268 1597 2592 1664 indicabis
2637 1608 2703 1664 et
2744 1598 2924 1663 aliud
2968 1621 3102 1665 non
3139 1597 3338 1665 addes
3373 1621 3573 1683 quam
3610 1603 4022 1669 sententiam.
4089 1602 4223 1668 Ro-

2270 1683 2508 1766 gabam
2554 1683 2922 1750 Muscuham
2965 1685 3046 1750 de
3098 1685 3225 1751 hac
3270 1707 3342 1750 re
3383 1685 3646 1753 Bernae
3689 1696 3758 1753 et
3798 1690 3958 1755 item
4006 1687 4223 1755 Halie-

2268 1790 2446 1849 mn,
2512 1778 2592 1835 ut
2651 1770 2760 1836 hic
2816 1770 2986 1835 nihil
3043 1771 3382 1855 respondit-
3439 1773 3570 1839 nisi
3630 1773 3804 1856 quod
3861 1773 4221 1841 collaturus

2268 1864 2443 1922 esset
2479 1856 2643 1936 aliis,
2690 1858 2785 1922 ita
2817 1856 2927 1922 ille
2969 1857 3162 1923 iussit
3196 1865 3276 1922 ut
3309 1864 3498 1924 tuum
3538 1858 3851 1928 haberem
3888 1859 4220 1942 iudicium,

2311 1941 2439 2007 uod
2485 1942 2547 2007 ei
2591 1939 3074 2009 subindicarem
3118 1943 3403 2009 tandem.
3482 1944 3670 2010 Vale.
3752 1945 3903 2011 Non
3945 1946 4222 2013 moleste

2296 2048 2462 2108 eras,
2501 2029 2674 2113 quod
2707 2036 2845 2094 tam
2889 2030 3152 2115 ingrata
3195 2030 3493 2109 scribam,
3539 2031 3810 2097 laetiora
3843 2054 3979 2098 non
4010 2031 4222 2100 habeo

2268 2134 2464 2180 nuno.
2552 2115 2761 2180 F'axit
2800 2113 3109 2182 Christus
3150 2123 3225 2181 ut
3267 2115 3540 2183 meliora
3583 2117 3955 2199 audiamus,
4010 2126 4085 2184 ut
4125 2118 4220 2184 fe-

2270 2208 2509 2266 runtur
2550 2200 2800 2285 aliquot
2841 2201 3123 2286 episcopi
3168 2200 3508 2268 admisisse
3550 2211 3845 2286 pastores
3888 2203 4221 2289 evangeli-

2269 2305 2378 2353 cos
2394 2338 2409 2364 ,
2472 2293 2542 2352 et
2580 2287 2715 2352 iam
2756 2307 2889 2353 non
2946 2309 3018 2353 se
3074 2298 3381 2355 cornutos
3425 2287 3760 2373 episcopos
3777 2342 3793 2369 ,
3850 2288 3967 2357 sed
4027 2288 4223 2357 duces

2267 2372 2722 2457 principesque
2776 2372 3010 2439 dicere.
3100 2373 3412 2441 Neocomi
3475 2381 3568 2440 14.
3614 2375 3772 2442 Iulii
3823 2380 4006 2443 1553.
4096 2374 4220 2443 80-

2267 2458 2409 2524 1010
2449 2459 2594 2542 pios
2636 2479 2881 2526 omnes.
3555 2500 3562 2507 -

3219 2594 3434 2682 [Tuus
3474 2604 3651 2664 totus
3693 2597 4047 2687 Fal-ellus]

3031 2892 3430 2900 —----—-———

3152 3141 3339 3212 1759.

2758 3295 3231 3365 GALVINUS
3274 3298 3737 3366 FARELLO.

2443 3468 4220 3555 Respondametcolleqammnomimadquaestio-

2267 3553 3705 3638 minpraeaedenteepmolapropoeitam.

2267 3726 2461 3792 (Manu
2516 3723 2725 3806 scripta
2782 3742 2892 3780 000
2947 3731 3144 3780 exstat.
3227 3725 3480 3780 Servavit
3524 3727 3672 3781 Beza
3715 3728 3772 3780 10
3820 3727 4076 3783 thesauro
4120 3746 4218 3783 000

2266 3796 2361 3849 ubi
2397 3796 2456 3849 10
2493 3795 2743 3848 ommbus
2779 3794 3182 3864 exemplaribus
3226 3798 3473 3864 sequitur
3508 3796 3943 3864 praecedentem.
4015 3797 4219 3851 Gallice

2682 3880 2841 3916 versa
2873 3863 3075 3933 legitur
3109 3864 3167 3916 in
3192 3863 3338 3917 Edit.
3361 3864 3535 3919 Berol.
3572 3881 3625 3934 p.
3661 3863 3811 3932 157.)

2270 4035 2509 4103 Gratia
2552 4035 2671 4102 tibi
2716 4043 2783 4101 et
2834 4056 2969 4117 pax
3027 4055 3067 4100 a
3109 4036 3254 4102 Deo
3298 4045 3485 4118 patre
3544 4047 3769 4102 nostro
3827 4045 3896 4103 et
3936 4037 4223 4103 Domino

3002 4120 3156 4188 Iesu
3201 4119 3485 4188 Christo.

2441 4257 2639 4340 Quod
2715 4258 2795 4324 de
2866 4277 3063 4325 causa
3134 4257 3310 4342 apud
3369 4278 3487 4325 vos
3556 4257 3757 4325 dubia
3822 4260 4222 4326 sententiam

2270 4352 2564 4411 nostram
2605 4364 2799 4429 rogas
2842 4345 3047 4409 frater
3088 4351 3157 4410 01
3190 4351 3561 4430 symmysta
3593 4346 3667 4409 in
3702 4344 3988 4411 Domino
4028 4366 4223 4413 vene-

2268 4430 2501 4498 rande:
2562 4429 2844 4499 liceatne
2887 4428 3137 4495 ordinis
3180 4432 3391 4498 nostri
3432 4430 3785 4512 ministris,
3828 4432 3942 4514 qui
3981 4452 4220 4515 puram

2268 4516 2602 4602 evangelii
2660 4514 3024 4583 doctrinam
3080 4518 3477 4599 profitentur
3530 4514 3612 4580 ad
3656 4516 4060 4599 baptismum
4103 4517 4220 4581 ad-

2267 4603 2536 4669 mittere
2576 4603 2900 4668 infantem
2917 4654 2935 4685 ,
2995 4603 3182 4668 cuius
3234 4611 3426 4686 pater
3482 4602 3564 4668 ab
3623 4602 3916 4670 ecclesiis
3973 4603 4221 4668 nostris

2268 4688 2526 4755 alienus
2569 4696 2701 4755 est:
2761 4696 2975 4754 mater
3016 4709 3173 4756 vero
3217 4687 3302 4754 ad
3344 4696 3660 4773 papatum
3704 4687 3965 4769 defecit,
4007 4689 4104 4753 ita
4143 4696 4223 4753 ut

2269 4783 2577 4860 parentes
2616 4775 2806 4840 ambo
2840 4775 2974 4841 sint
3016 4775 3328 4860 papistae,
3374 4774 3471 4839 ita
3503 4774 4036 4927 resffindendum
4070 4794 4223 4841 con-

2272 4863 2545 4928 suimus.
2644 4859 3028 4926 Absurdum
3094 4881 3239 4927 esse
3301 4868 3378 4926 ut
3440 4881 3550 4927 eos
3692 4863 4014 4946 ptizemus
4027 4910 4045 4939 ,
4111 4860 4223 4943 qui

2271 4968 2346 5013 00
2469 4947 2561 5014 ris
2621 4945 2834 5013 nostri
2888 4946 3188 5013 membra
3243 4948 3500 5013 censeri
3551 4953 3909 5031 nequeunt.
3995 4945 4224 5027 Quum

2270 5035 2343 5099 in
2433 5055 2510 5100 00
2553 5032 2781 5099 ordine
2823 5032 2961 5098 sint
2999 5033 3407 5117 papistarum
3447 5033 3655 5114 liberi,
3700 5029 4024 5117 quomodo
4062 5030 4224 5116 bap-

2272 5121 2544 5187 tismum
2586 5118 2722 5185 illis
2764 5116 3224 5185 administrare
3261 5118 3473 5199 liceat,
3511 5140 3645 5186 non
3690 5116 4009 5186 videmus.
4097 5118 4228 5185 Ac-

2272 5204 2449 5273 cedit
2501 5206 2698 5271 etiam
2768 5204 2975 5270 altera
3028 5205 3215 5271 ratio.
3314 5202 3729 5289 Stipulamur
3785 5205 3963 5270 euim
4015 5204 4097 5271 ab
4140 5205 4225 5271 iis

2273 5292 2389 5376 qui
2432 5291 2739 5372 offerunt,
2784 5300 2863 5358 ut
2901 5289 3160 5356 adultos
3203 5289 3507 5355 erudiant
3546 5292 3618 5356 in
3663 5311 3742 5357 ea
3783 5289 3938 5367 fide,
3978 5290 4053 5356 in
4095 5311 4226 5373 qua

2271 5379 2712 5461 baptizantur.
2801 5374 2880 5445 81
2924 5398 3117 5443 00010
3161 5375 3540 5457 fideiubeat,
3596 5375 3934 5461 profanari
3974 5376 4224 5461 baptis-
