4900 6167
275 437 372 504 201

272 646 373 711 que
406 644 711 724 magnam
764 644 906 692 esse
962 624 1292 725 evangelii
1342 624 1783 710 propagandi:
1851 623 1966 691 alii
2009 644 2184 725 vana

272 731 387 778 eme
447 730 695 789 omma,
773 731 898 810 nec
958 719 1286 810 saevitum
1350 731 1640 795 unquam
1705 731 1917 810 magus
1981 710 2181 777 fuisse

270 816 431 881 quam
470 815 644 860 nunc
697 796 841 862 fmt.
928 794 1261 897 Dominus
1302 818 1390 863 ex
1431 795 1564 862 alto
1597 795 1778 864 coelo
1841 805 2184 862 intueatur

269 889 324 948 et
354 880 462 946 hos
500 901 764 947 vermes
819 903 891 947 m
954 881 1252 948 ordmem
1306 892 1497 968 cogat
1557 889 1625 948 et
1686 903 1927 948 nomen
1984 902 2180 947 snum

1252 1106 1434 1171 'I'uus
1476 1113 1650 1173 totus
1686 1104 2004 1171 Farellus.

1000 1401 1405 1411 -———---0—-..—

960 1649 1153 1722 1548.
1243 1650 1433 1722 154⁹.

371 1827 491 1895 DE
537 1827 881 1895 FALAJs
929 1825 1055 1893 Au
1099 1810 1406 1894 smum
1448 1824 1578 1893 DE
1622 1810 2024 1894 GENEVE.

398 1999 465 2065 11
514 1998 1114 2066 inierccdeadcux
1176 2002 1661 2084 reprisespour
1717 1998 2173 2066 Bolsccetdc-

254 2086 447 2151 mae
482 2105 561 2152 ea
600 2087 760 2151 ntiae
799 2105 876 2151 en
917 2086 1145 2152 liberte.

252 2273 361 2397 335·
374 2275 592 2397 ..¹2¹3ssss
621 2279 988 2398 Ἧῗέῑῖξῗ
1010 2291 1126 2399 ἑὲ*
1144 2273 1897 2412 ιὲ“ῗ.ἰ“...““.ιὲ’ἳί“ι,ἓ.ἳῗέ.
1923 2272 2169 2412 {m

254 2421 382 2466 entre
423 2411 651 2466 l'anteur
693 2421 753 2467 et
785 2413 991 2468 edvin.
1061 2413 1211 2466 Eue·
1255 2419 1381 2467 sont
1426 2411 1613 2466 datees
1658 2412 1732 2465 du
1774 2411 1825 2465 9.
1872 2419 1931 2464 et
1975 2412 2049 2465 du
2090 2410 2167 2465 11.

250 2479 527 2536 novembre
564 2488 624 2535 et
655 2489 1028 2537 commencent
1061 2497 1163 2551 par
1197 2497 1286 2535 ces
1320 2489 1493 2534 mots:
1546 2479 1609 2535 11
1639 2495 1677 2551 y
1722 2497 1761 2533 a
1794 2478 1951 2535 decia
1980 2478 2170 2549 grand

464 2554 662 2620 tempo,
700 2557 783 2605 et:
838 2549 1033 2622 ΔΜ
1065 2564 1272 2618 coenet·
1296 2564 1415 2620 par
1446 2563 1544 2605 vos
1577 2550 1915 2619 responset.)

992 2833 1117 2838 -υ-
1160 2833 1169 2836 -
1220 2830 1395 2839 ——.—-—.

1098 3050 1287 3120 1550.

246 3197 645 3269 IINIS'I'RI
722 3203 1342 3273 GENEVENSES
1421 3201 2165 3272 BASILEENSIBUS

406 3305 1061 3375 BERNENSIBUS
1104 3310 1225 3375 ΕΤ
1267 3305 1971 3375 ΤΠΒΙΟΕΝΒῙΒΠΒ.

389 3477 731 3561 Eoepomntt
760 3497 979 3546 casum
1012 3478 1268 3547 Bal-ceci
1306 3484 1364 3544 et
1394 3478 1763 3563 calleyarmn
1797 3479 2166 3547 manuam

240 3562 457 3643 publico
492 3565 724 3646 scripto
767 3565 1214 3634 declarandam
1256 3566 1380 3632 sibi
1421 3570 1722 3649 expetunt.

244 3752 389 3818 (Vide
420 3754 570 3809 Tem.
608 3754 754 3810 VIII.
789 3771 846 3824 p.
881 3753 1002 3811 206.
1070 3755 1269 3827 Incipit
1301 3775 1335 3810 a
1368 3755 1577 3810 verbis:
1616 3753 1726 3810 Est
1757 3754 1848 3810 Mc
1879 3755 2161 3828 Hierony·

306 3837 416 3878 m
448 3821 678 3893 qun-‘dm
713 3830 822 3879 etc.
856 3831 917 3880 et
947 3825 1080 3880 data
1115 3837 1197 3880 est
1233 3825 1499 3896 postridie
1531 3825 1661 3879 Idus
1696 3825 2083 3894 Novembres)

1000 4103 1405 4112 ——-—-——-—-—-

1097 4337 1253 4407 1551
1266 4391 1279 4404 .

706 4491 1177 4559 GALVINUS
1222 4491 1676 4560 MYOONIO.

394 4663 594 4732 Instat
635 4665 811 4747 apud
852 4683 992 4730 eum
1025 4667 1097 4727 ut
1138 4664 1207 4728 in
1248 4683 1446 4732 causa
1480 4663 1729 4731 Bolscci
1765 4662 2165 4730 Basileevwes

255 4743 675 4818 Gmevensim
752 4751 1087 4817 sententiae
1154 4756 1619 4817 consentaneam
1688 4750 2164 4817 declarationem

248 4831 429 4987 m,
492 4836 805 4920 simulque
853 4833 1230 4903 commendat
1289 4835 1508 4903 Gallos
1569 4838 1762 4903 atroci
1811 4836 2000 4902 edicto
2062 4855 2163 4901 ve·

252 5087 453 5155 (cdvini
485 5112 650 5151 manu
686 5095 891 5165 scripta
926 5113 1034 5149 non
1070 5101 1277 5164 exstat,
1313 5110 1498 5147 verum
1535 5093 1682 5162 qnod
1715 5093 1948 5148 habetur
1982 5107 2160 5145 exem-

250 5157 355 5225 Phr
383 5164 431 5217 in
460 5163 586 5219 Cod.
623 5163 830 5218 Gener.
867 5162 1012 5230 107⁸,
1048 5163 1140 5218 fol.
1174 5163 1262 5229 49,
1306 5165 1425 5233 ipso
1461 5162 1704 5216 dictante
1738 5165 1808 5217 ab
1838 5178 2162 5216 amanuense

255 5237 499 5286 exantmn
530 5233 771 5288 videtur.
840 5232 1070 5304 Legitur
1105 5250 1213 5303 quo
1254 5249 1321 5286 ne
1366 5233 1420 5284 in
1457 5230 1589 5284 Ood.
1633 5229 1753 5299 111,
1800 5232 1892 5285 fol.
1928 5229 2056 5294 250,
2105 5231 2161 5284 18

254 5293 373 5366 Pupp.
402 5302 557 5357 Bern.
595 5302 693 5358 VI.
730 5320 783 5373 p.
822 5301 950 5372 167,
997 5311 1054 5362 et
1104 5320 1209 5372 epu
1286 5301 1570 5355 Simlerum
1608 5300 1734 5353 Vol.
1783 5299 1865 5353 ⁷6.
1936 5299 2162 5369 Anglice

776 5372 833 5425 in
869 5371 998 5426 edit.
1032 5371 1228 5426 Edinb.
1264 5370 1333 5425 ΙΙ.
1371 5388 1421 5441 p.
1457 5367 1604 5436 311.)

1916 440 2075 502 1551
2121 433 2540 503 novmffl.

4105 441 4229 508 20¹

2281 625 2593 691 Eximiae
2634 626 2898 709 pietatis
2941 634 3009 690 et
3049 623 3383 692 doctrinae
3424 627 3567 693 viro
3608 625 3695 693 D.
3743 625 4036 694 Osualdo
4078 630 4154 696 M
4199 666 4230 681 -·

2280 712 2468 778 80810
2512 710 2899 778 Β8811188818
2939 710 3756 863 ωὲἳῗιῗὲἰεῗὶξοΡωωι-ἰ,
3816 712 4009 779 fratri
4064 651 4230 782 mizi

2455 932 2524 1000 S.
2592 933 2780 999 Haec
2822 954 3030 1017 pauca
3086 932 3335 1001 dictare
3388 943 3650 1002 coactus
3709 957 3857 1001 sum
3915 938 4068 1021 quia
4122 958 4230 1004 me

2278 1020 2514 1104 capitis
2556 1017 2744 1085 dolor
2782 1018 2953 1085 lecto
3018 1020 3295 1086 affixum
3336 1028 3533 1086 tenet.
3604 1019 3738 1102 Qui
3780 1022 4006 1089 literas
4047 1043 4229 1091 meas

2278 1106 2399 1173 tibi
2461 1105 2693 1171 reddet
2744 1105 2972 1172 fratris
3024 1107 3154 1172 mei
3211 1125 3396 1172 socer
3452 1114 3570 1171 est.
3658 1107 3891 1191 Itaque
3943 1108 4229 1176 fideliter

2281 1190 2366 1257 ad
2409 1212 2516 1256 me
2558 1193 2847 1275 perferet
2884 1190 3205 1276 quidquid
3247 1191 3344 1257 illi
3386 1193 3802 1259 commiseris.
3892 1193 4087 1275 Quod
4144 1195 4229 1262 ad

2279 1295 2625 1343 commune
2667 1278 2948 1343 fratrum
2992 1298 3381 1362 responsum
3422 1300 3456 1343 s
3503 1286 3707 1358 octat,
3736 1281 3785 1362 ¹)
3843 1281 4110 1346 tametsi
4151 1281 4227 1346 in

2279 1371 2418 1428 tam
2461 1384 2670 1448 aequa
2712 1372 2781 1430 et
2823 1371 3051 1430 sancta
3092 1383 3290 1430 causa
3322 1362 3464 1428 nihi
3532 1384 3753 1429 morae
3788 1374 3904 1429 aut
3945 1364 4227 1432 difficul-

2275 1449 2433 1515 tatis
2475 1449 2615 1515 fore
2657 1449 2912 1516 confido
2928 1502 2944 1527 ,
3002 1469 3121 1533 per
3162 1457 3456 1515 nostram
3497 1457 3718 1514 tamen
3761 1452 4114 1518 amicitiam
4155 1459 4226 1519 te

2272 1537 2378 1618 pri
2386 1537 2590 1602 vatim
2634 1544 2704 1600 et
2747 1534 3077 1601 Suleernm
3119 1533 3426 1613 obtestor,
3470 1540 3550 1599 ut
3590 1555 3732 1600 rem
3765 1543 3977 1602 totam
4019 1539 4227 1604 susei-

2273 1642 2429 1705 pere
2471 1621 2711 1688 velitis.
2804 1623 3092 1688 Senatus
3126 1621 3391 1704 quidem
3446 1629 3672 1687 noster
3727 1631 3903 1688 recte
3946 1623 4223 1689 affectus

2273 1716 2391 1786 est,
2431 1706 2550 1774 sed
2593 1707 2819 1792 magni
2861 1708 3135 1772 interest
3175 1716 3255 1770 nt
3288 1713 3579 1772 vestram
3623 1706 3962 1774 ecclesiam
4006 1708 4226 1775 nobis·

2274 1815 2423 1860 cum
2469 1793 2715 1859 sentire
2748 1792 3097 1877 intelligat.

2445 1877 2641 1944 Aliud
2677 1880 2875 1944 etiam
2914 1888 3015 1945 eet
3041 1877 3214 1962 quod
3250 1877 3365 1944 abs
3408 1884 3475 1944 te
3509 1887 3577 1944 et
3609 1877 3879 1961 reliquis
3913 1877 4225 1946 fratribus

2271 1965 2697 2049 impetratum
2741 1986 2878 2030 808
2918 1965 3141 2031 minus
3182 1965 3607 2032 vehementer
3649 1965 3865 2047 cupio:
3913 1963 4027 2029 sed
4069 1966 4227 2048 quia

2273 2072 2394 2118 vos
2438 2052 2636 2116 anxie
2670 2072 2903 2136 rogare
2938 2072 3101 2135 opus
3137 2072 3271 2116 non
3314 2058 3431 2129 est,
3476 2049 3637 2116 satis
3679 2051 3806 2115 erit
3839 2049 4021 2116 vobis
4054 2047 4227 2116 indi·

2272 2157 2486 2204 casse:
2534 2158 2745 2221 neque
2788 2137 2966 2203 enim
3008 2135 3235 2201 dubito
3278 2136 3434 2219 quin
3478 2135 3603 2202 sibi
3646 2136 3920 2219 quisque
3960 2135 4225 2203 futurus

2273 2224 2360 2289 sit
2401 2232 2714 2289 strenuus
2755 2222 3070 2288 hortator.
3160 2221 3270 2287 Nu
3356 2244 3391 2286 r
3431 2240 3472 2286 a
3514 2242 3668 2306 rege
3704 2219 3963 2286 Galliae
4007 2221 4223 2304 publi-

2271 2317 2418 2375 cata
2460 2319 2618 2375 sunt
2659 2308 2976 2375 adversus
3032 2309 3172 2391 pios
3227 2330 3269 2392 p
3297 2329 3374 2373 us
3430 2327 3626 2391 quam
3682 2307 3928 2373 atrocia
3990 2306 4219 2387 edicta,

2271 2395 2509 2479 quibus
2532 2395 2701 2460 nihil
2722 2394 3036 2461 saevitiae
3057 2395 3370 2459 omissum
3408 2403 3506 2460 est
3541 2393 3625 2458 ad
3660 2392 4223 2477 exstinguendum

2273 2481 2592 2565 quidquid
2637 2492 2740 2546 est
2780 2482 2850 2545 in
2896 2501 3099 2566 regno
3140 2479 3417 2545 masculi
3458 2479 3744 2546 seminis.
3833 2477 4059 2560 Quum
4102 2499 4222 2546 an-

2271 2567 2463 2633 tehac
2516 2588 2759 2653 magna
2817 2588 2900 2632 ex
2959 2575 3146 2651 parte
3202 2564 3449 2631 iudices
3503 2573 3571 2632 et
3621 2564 3936 2649 praefecti
3991 2571 4222 2647 sponte

2271 2653 2425 2736 plus
2467 2654 2627 2719 satis
2670 2651 3006 2732 arderent,
3052 2673 3186 2717 non
3228 2650 3422 2716 modo
3456 2651 3646 2716 auxit
3686 2670 3912 2716 eorum
3954 2650 4223 2729 rabiem,

2271 2737 2389 2805 sed
2431 2740 2487 2806 si
2530 2739 2640 2823 qui
2691 2748 2852 2804 sunt
2893 2736 3358 2804 moderatiores
3400 2757 3510 2802 808
3553 2756 3689 2801 808
3732 2756 3917 2802 88888
3961 2756 4037 2801 88
4124 2734 4222 2801 la-

2272 2823 2558 2891 diatoree
2602 2824 2685 2892 ad
2719 2824 3064 2892 innoxium
3101 2824 3488 2907 sanguinem
3524 2819 3929 2888 fundendum
3970 2821 4082 2887 vio
4107 2840 4225 2886 en·

2272 2913 2356 2976 tis
2399 2911 2597 2977 minis
2640 2912 2846 2996 cogit:
2905 2932 2982 2977 88
3034 2910 3167 2974 iam
3225 2910 3416 2993 ignes
3463 2906 3905 2991 compluribus
3947 2906 4020 2971 in
4061 2906 4222 2973 10818

2271 2998 2524 3063 8888881
2567 3008 2740 3063 sunt.
2816 2996 2971 3064 Una
3013 2996 3181 3060 ratio
3216 3005 3491 3078 apparet
3531 3013 3664 3077 qua
3704 2992 4007 3057 nonnihil
4041 2991 4223 3057 miti-

2270 3092 2467 3168 getur
2523 3083 2628 3149 bic
2678 3084 2894 3160 furor,
2958 3084 3012 3148 81
3056 3080 3348 3146 Helvetii
3406 3080 3520 3163 qui
3572 3099 3798 3144 sanam
3856 3098 3933 3144 88
3989 3097 4221 3161 puram

2270 3168 2600 3253 evangelii
2643 3168 3004 3235 doctrinam
3044 3174 3409 3249 sequuntur
3452 3165 3902 3248 deprecatores
3946 3184 4018 3228 se
4059 3162 4219 3228 offe-

2270 3266 2441 3320 rant.
2463 3257 2523 3337 ²)
2610 3255 2704 3320 Et
2758 3254 2923 3320 forte
2979 3253 3155 3316 inter
3213 3250 3332 3315 hos
3393 3250 3714 3316 bellorum
3781 3257 4003 3314 motus
4066 3245 4219 3330 plus

2271 3340 2516 3407 valebit
2559 3360 2786 3406 eorum
2829 3338 3161 3404 autoritas,
3226 3334 3404 3417 Quia
3446 3347 3625 3403 certo
3687 3336 3848 3400 mihi
3902 3334 4217 3419 persuasi,

2269 3427 2624 3510 negotium,
2669 3440 2745 3491 ut
2787 3447 2907 3510 par
2950 3434 3054 3490 est
3096 3444 3171 3489 88
3211 3423 3454 3505 pietate
3496 3429 3719 3490 vestra
3759 3419 3824 3485 di
3875 3440 4053 3497 num,
4095 3437 4217 3485 vo-

2267 3511 2367 3577 bis
2410 3532 2708 3577 summae
2752 3530 2948 3577 curae
2989 3509 3150 3589 fore,
3192 3507 3492 3591 pluribus
3535 3527 3765 3590 supere
3846 3527 3938 3571 80.
4028 3501 4215 3582 Vale,

2266 3597 2474 3662 frater
2528 3597 2696 3662 mihi
2751 3617 2835 3663 ex
2901 3596 3121 3662 animo
3191 3594 3477 3660 colende.
3582 3592 3812 3658 Saluta
3863 3590 4215 3675 diligenter

2267 3693 2668 3768 symmystas
2733 3685 2963 3749 omnes
3026 3690 3094 3747 et
3156 3679 3416 3746 amicos.
3523 3678 3847 3744 Dominus
3914 3696 4032 3742 vos
4100 3695 4217 3760 gu-

2267 3768 2502 3834 bernet
2522 3768 2759 3852 spiritu
2782 3789 2903 3836 suo
2926 3790 3002 3835 ac
3036 3765 3361 3853 praesidio
3385 3772 3661 3830 tueatur.
3721 3761 4134 3827 Lausannae.
4162 3764 4218 3838 ³)

3182 3906 3462 3973 Ioannes
3508 3899 3827 3967 Calvinus
3871 3906 4045 3965 tuus.

2266 4196 2431 4252 1551„
2471 4196 2528 4263 1)
2570 4196 2724 4266 Ergo
2760 4196 3152 4251 Bast'liensium
3201 4206 3520 4261 responsum
3566 4188 3807 4245 nondum
3993 4257 4006 4269 ο
4057 4188 4068 4201 ‘

2264 4283 2395 4332 csse,
2424 4280 2772 4349 praesumere
2803 4270 3035 4333 poterat.
3107 4261 3345 4331 Anqlus:
3397 4261 3473 4313 As
3553 4274 3624 4312 08
3657 4257 3794 4311 have
3829 4257 4061 4326 especial
4083 4273 4120 4326 y
4155 4261 4215 4310 to

2267 4336 2339 4389 do
2375 4337 2512 4389 with
2546 4335 2641 4389 the
2676 4334 2894 4404 general
2931 4347 3146 4386 answer
3179 4330 3242 4411 0(
3268 4329 3363 4383 the
3396 4330 3496 4382 bre
3561 4343 3679 4408 ren.

2314 4474 2323 4486 ι
2405 4475 2415 4485 0
2471 4403 2532 4470 2)
2573 4404 2908 4458 Basilica-ses
2953 4399 3336 4457 Juricensnbuo
3450 4402 3742 4478 amphoras
3786 4393 3862 4448 ad
3905 4394 4047 4448 hanc
4088 4409 4215 4461 prc-

2264 4472 2929 4596 22uctgmNcaf>essendam
2961 4470 3201 4536 fuerunt,
3236 4467 3307 4535 cf.
3399 4465 3719 4534 ullnnqcrum
3757 4462 3832 4517 N.
3851 4461 3988 4517 1545
4021 4467 4074 4516 ct
4092 4460 4215 4516 Sel-

2265 4607 2826 4760 ...831128ξῖ
2837 4600 3939 4757 ἑξέῖἒᾞὲεςέῒρίἵΐῶῗῒῗῶ·
3962 4612 4216 4749 ἕξοΜΜ

2266 4757 2516 4803 nostram
2552 4749 2768 4813 alludat,
2809 4752 2861 4801 et
2905 4761 2986 4816 ep.
3038 4743 3208 4798 νιν-εει
3246 4739 3493 4823 ΝᾼΜβ
3528 4741 3624 4794 ab·
3672 4744 3786 4793 not.
3820 4737 3856 4791 5
3890 4737 4053 4792 husus
4087 4747 4210 4789 noe·

2267 4825 2386 4873 trae
2421 4818 2563 4872 diem
2596 4818 2714 4884 fere
2747 4821 2948 4871 cutum
2983 4814 3086 4869 ties·
3116 4811 3498 4880 suppetiatum.

3035 5135 3434 5150 *a-——n—
