4900 6167
710 431 835 494 519

711 613 892 682 Dieu
954 633 1115 681 vous
1178 617 1324 698 ayt,
1401 606 1729 675 treachers
1794 600 2327 687 Oombourgeoys
2342 648 2361 679 ,
2437 617 2523 663 en
2585 614 2660 662 sa

713 701 963 768 saincte
1005 696 1227 786 garde.
1315 696 1552 762 Donne
1593 713 1667 759 ce
1709 701 1829 757 xv·
1856 686 2134 773 d’apvril
2184 688 2368 751 1553.

1647 825 1813 894 Lad.
1860 834 1930 893 et
1973 822 2045 892 Ο.
2094 821 2153 889 d.
2198 822 2486 889 Bernne.

1477 1122 1882 1132 Μ

1592 1354 1780 1425 1728.

1211 1507 1687 1578 TOSSANUS
1734 1502 2167 1573 GALVINO.

899 1681 1094 1764 Quem
1126 1680 1227 1747 hic
1269 1682 1809 1756 commendaverat,
1854 1679 1915 1744 is
1956 1675 2303 1741 ministerio
2341 1672 2526 1758 funyi
2565 1691 2662 1737 re-

717 1766 1159 1931 wgdlms
1202 1767 1397 1849 iyitur
1439 1766 1846 1838 desideratur.
1940 1759 2154 1827 Conoes
2201 1759 2509 1843 Georqius
2552 1777 2661 1824 ex·

1019 2020 1130 2086 (Ex
1167 2017 1501 2088 autographo
1538 2016 1669 2072 Cod.
1707 2017 1911 2072 Geuev.
1945 2014 2065 2084 110,
2099 2016 2189 2070 fol.
2231 2014 2371 2082 171.)

889 2189 1305 2258 Fidelissimo
1387 2188 1695 2255 ecclesiae
1766 2186 2180 2254 Genevensis
2257 2185 2505 2270 pastori
2579 2183 2661 2250 D.

719 2277 957 2347 Ioanni
1001 2274 1277 2344 Calvino
1324 2274 1510 2341 fratri
1546 2295 1692 2339 meo
1736 2271 2185 2340 colendissimo

2157 2375 2491 2441 Genevae.

891 2514 962 2582 S.
1059 2512 1309 2597 Scripsi
1377 2534 1494 2596 per
1561 2532 1712 2577 eum
1782 2530 1975 2595 quem
2046 2510 2130 2577 ad
2198 2532 2318 2577 nos
2386 2510 2664 2575 miseras

719 2610 1035 2688 quantum
1083 2600 1396 2665 fuerimus
1438 2597 1735 2664 enutristi
1764 2602 1816 2672 ¹)
1860 2595 2032 2681 quod
2073 2594 2180 2663 hic
2224 2595 2663 2663 conditionem

720 2687 1002 2755 oblatam
1047 2686 1117 2750 in
1161 2685 1524 2750 ministerio
1569 2683 1897 2767 suscipere
1955 2681 2274 2749 noluisset
2290 2734 2307 2761 ,
2366 2701 2662 2766 praeser-

720 2774 838 2839 tim
894 2770 1067 2856 quod
1122 2781 1187 2836 et
1243 2770 1452 2835 literis
1503 2769 1634 2835 tuis
1691 2765 2293 2848 commendaretur,
2351 2778 2418 2833 et
2477 2767 2664 2833 nobis

721 2856 805 2925 ad
847 2878 994 2925 eam
1036 2856 1436 2943 provinciam
1495 2874 1627 2920 non
1687 2874 1915 2940 parum
1975 2853 2246 2920 idoneus
2303 2852 2660 2919 videretur.

722 2943 856 3011 Sed
898 2943 1185 3009 offensus
1229 2943 1353 3007 fuit
1410 2943 1684 3007 fortasse
1726 2940 2055 3024 parvitate
2099 2938 2203 3005 vel
2249 2939 2466 3022 potius
2510 2937 2663 3003 vili-

715 3037 852 3097 tate
875 3028 1142 3096 ditionis
1167 3028 1360 3094 huius
1404 3034 1474 3092 et
1507 3046 1729 3093 rerum
1763 3035 2134 3092 nostrarum
2178 3025 2503 3091 omnium:
2547 3022 2664 3090 sed

718 3116 799 3182 de
843 3115 1078 3200 quibus
1121 3124 1338 3179 tamen
1360 3166 1374 3192 ,
1420 3120 1496 3179 ut
1539 3111 1761 3190 audio,
1809 3111 2026 3178 fuerat
2068 3111 2183 3177 abs
2221 3120 2286 3175 te
2330 3119 2524 3176 antea
2566 3109 2662 3175 di-

715 3202 1000 3288 ligenter
1067 3198 1457 3266 admonitus.
1560 3197 1636 3265 Si
1710 3199 1856 3282 quis
1920 3198 2068 3263 istic
2134 3196 2221 3261 sit
2288 3196 2457 3262 alius
2516 3196 2664 3279 pius

715 3289 920 3353 frater
961 3285 1197 3351 melius
1241 3287 1570 3351 animatus
1615 3282 1699 3349 ad
1743 3281 2001 3366 quidvis
2045 3281 2152 3347 hic
2189 3282 2522 3348 nobiscum
2570 3280 2663 3347 fe-

715 3371 991 3440 rendum
1027 3378 1093 3435 et
1126 3369 1630 3454 persistendum,
1674 3367 1969 3436 commisi
2006 3366 2316 3433 fratribus
2359 3366 2466 3433 his
2501 3367 2662 3434 duo-

718 3457 869 3539 bus,
929 3457 1039 3542 qui
1083 3456 1251 3522 istuc
1297 3456 1457 3521 alias
1501 3453 1585 3520 ad
1628 3474 1750 3519 sua
1793 3452 1924 3518 huc
1969 3451 2421 3518 transferenda
2463 3455 2663 3539 profi·

718 3546 1077 3623 ciscuntur,
1123 3551 1200 3607 ut
1242 3560 1466 3606 secum
1499 3538 1846 3605 adducant.
1936 3535 2204 3622 Optime
2251 3539 2416 3618 vale,
2460 3540 2662 3606 caris-

719 3632 884 3696 sime
929 3637 996 3694 et
1036 3625 1441 3694 observande
1484 3625 1706 3704 frater,
1752 3644 1945 3708 quem
1980 3644 2211 3709 precor
2252 3633 2329 3690 ut
2371 3625 2553 3692 Deus
2597 3634 2665 3690 et

717 3723 909 3800 pater
952 3721 1175 3781 noster
1218 3711 1515 3781 coelestis
1558 3710 1868 3777 ecclesiae
1921 3730 2077 3776 suae
2121 3720 2386 3776 sanctae
2430 3710 2663 3777 diutis-

722 3802 886 3868 sime
927 3799 1321 3865 incolumem
1367 3804 1602 3865 servet.

891 3882 1029 3951 Nos
1115 3884 1223 3951 hic
1299 3883 1601 3951 comitem
1671 3881 2033 3967 Georgium
2111 3893 2583 3967 exspectamus.
2602 3881 2662 3966 2)

716 3970 922 4036 Faxit
963 3970 1146 4036 Deus
1188 3978 1263 4035 ut
1304 3979 1438 4035 tam
1484 3968 1587 4052 pie
1631 3974 1698 4032 et
1741 3969 2122 4034 innocenter
2163 3978 2422 4054 regnet,
2468 3989 2663 4053 quam

721 4063 824 4123 est
863 4075 994 4121 non
1034 4054 1204 4121 male
1258 4057 1329 4121 in
1372 4054 1686 4139 religione
1724 4054 2063 4120 institutus
2107 4062 2176 4120 et
2217 4055 2661 4121 confirmatus.

720 4142 971 4207 Doctor
1012 4141 1461 4219 Andernacuc',
1504 4140 1613 4224 qui
1660 4138 1783 4205 hac
1826 4159 2040 4224 nuper
2084 4140 2421 4220 transivit,
2476 4146 2667 4224 putat

727 4318 776 4324 --
793 4317 976 4324 --.-.-—--

718 4431 894 4487 1⁷²8·
920 4432 986 4566 ἐξ
1022 4445 1176 4555 οΙιῖεαεο
1203 4499 1422 4565 faciunt
1455 4498 1535 4553 ad
1567 4515 1776 4553 annum
1811 4500 2045 4553 natalem
2082 4498 2249 4554 huius
2281 4471 2541 4570 epistolae
2575 4500 2665 4556 de·

713 4568 1033 4634 finiendum.
1090 4566 1512 4635 Christophom
1545 4568 1661 4621 dux
1693 4572 1894 4636 patruo
1926 4583 2027 4622 suo
2066 4566 2302 4638 θοοῦ-σία
2337 4568 2391 4624 d.
2424 4568 2476 4623 4.
2519 4570 2671 4624 Maii

720 4637 858 4692 1558
901 4635 1138 4693 tradidit
1181 4652 1365 4691 ouum
1410 4652 1546 4690 suas
1589 4637 1822 4692 ditiones
1865 4638 1928 4691 in
1974 4636 2195 4692 Altada
2241 4645 2293 4691 et
2327 4638 2664 4709 Burgundio

716 4709 875 4771 sim,
916 4706 1239 4762 Gon-italum
1270 4704 1746 4774 Mombdqardiae,
1784 4713 1835 4760 et
1860 4705 2113 4786 ‘dominia
2146 4706 2424 4777 Horetum,
2464 4707 2663 4764 Rideo·

716 4776 917 4842 υἱῑῑαοι,
953 4773 1228 4840 Βιαιιιοπε,
1267 4773 1510 4830 Estobon
1544 4780 1698 4830 coeit.
1899 4790 2047 4831 nunc
2080 4775 2298 4831 tandem
2332 4792 2484 4832 anno
2516 4782 2662 4833 aeta-

718 4848 790 4900 tis
824 4843 894 4899 55
927 4859 1153 4899 uxorem
1198 4842 1362 4898 dua-it
1393 4842 1709 4925 parbaram
1798 4842 1998 4925 wippo·
2031 4843 2277 4899 Hassc‘ae
2310 4844 2668 4916 Landqravii

703 4915 906 4995 filiam,
941 4929 1009 4967 ex
1039 4928 1152 4995 qua
1197 4917 1434 4995 susscepet
1473 4913 1648 4978 filium
1687 4911 2069 4993 Mmcumf
2114 4914 2165 4969 ὑ
2207 4919 2389 4968 autem
2435 4915 2665 4969 mortuis

665 5041 675 5058 ·
716 4982 1216 5121 mamma
1128 4981 1262 5104 ὣς*
1276 4981 2149 5119 &mmmmm
2158 4981 2665 5107 mxx..

716 5191 835 5242 sads
886 5116 1321 5243 wazsmlxgz
1335 5118 2106 5257 'exegismffzszSgikae’
2138 5119 2329 5245 ἐέοὲἠ.
2345 5138 2433 5245 αᾶ
2495 5126 2664 5243 3:3⁸.

731 5255 935 5311 Wartb.
973 5255 1075 5309 IV.
1111 5253 1182 5309 52
1215 5271 1286 5310 σε.
1620 5257 1727 5311 He.
1777 5256 1960 5313 Oloris!
2171 5297 2184 5311 .
2230 5256 2351 5313 308.
2433 5256 2500 5310 K
2567 5258 2666 5321 lor,

711 5325 824 5378 Aa.
867 5324 1158 5394 σικεεεοριι
1206 5323 1247 5378 1.
1282 5323 1404 5380 406.
1480 5297 1700 5395 sobna,
1730 5327 1832 5392 ref.
1868 5325 1935 5381 aa
2212 5326 2357 5383 cara.
2385 5342 2443 5395 ρ.
2554 5330 2595 5394 .)

2202 403 2728 478 EPISTOLAE
2777 405 2849 467 17
2857 404 2937 467 27
2943 403 3108 465 -17
3114 401 3192 465 31

2690 831 2710 888 24

4560 395 4668 460 520

2762 588 3044 657 maiores
3085 593 3308 654 motus
3347 583 3536 652 brevi
3575 584 3833 651 futures
3874 603 3995 668 per
4037 580 4461 650 Germaniam
4478 613 4481 616 ‡
4499 601 4669 664 quam

2762 694 3055 759 unquam
3114 671 3410 739 antehac.
3512 667 3652 737 Sed
3709 668 4151 737 necessarium
4209 676 4311 732 est
4350 673 4422 730 ut
4472 664 4675 749 imple-

2763 771 2964 827 antur
3005 759 3384 844 scripturae.
3471 753 3729 823 Iterum
3773 754 3918 821 vale
3959 774 4111 820 cum
4154 760 4513 837 symmysta
4543 772 4581 817 a
4614 750 4673 817 Β.

2763 846 3027 913 Andron
3070 853 3140 912 et
3181 843 3472 912 caeteris.
3569 844 3663 907 16.
3711 839 3976 926 Aprilis.
4065 838 4356 924 Raptim.

3675 978 3858 1043 Tuus
3899 977 4143 1044 Petrus
4187 975 4525 1040 Tessanus.

3536 1273 3943 1284 ——-—·-———-

3645 1507 3835 1579 1729.

2862 1645 3296 1713 MINIS'JJRI
3343 1640 3959 1713 GENEVENSES
4006 1638 4601 1709 ABGEN'I'ORA-

3498 1744 3978 1814 TENSIBUS.

2944 1916 3329 2001 Respondet&
3385 1920 3472 1985 ad
3529 1936 3842 2000 nuperum
3885 1915 4209 1997 epistolam
4249 1915 4326 1979 de
4379 1914 4691 1997 Tapetario

2769 2009 2827 2070 et
2871 2003 3151 2071 Nica-sio.

2850 2174 2962 2240 (Ex
2998 2173 3150 2229 Actis
3186 2175 3390 2230 Vener.
3426 2172 3722 2229 Ministerii
3756 2171 4091 2227 Geuevensis
4128 2171 4253 2225 Vol.
4292 2171 4362 2226 A.
4397 2188 4451 2240 p.
4484 2169 4617 2232 225.)

2771 2344 3011 2412 Gratia
3054 2343 3239 2411 vobis
3283 2353 3351 2410 et
3389 2364 3520 2428 pax
3565 2363 3605 2407 a
3648 2342 3792 2409 Deo
3835 2350 4021 2426 patre
4065 2351 4288 2408 nostro
4332 2362 4452 2426 per
4480 2341 4690 2408 Iesum

3554 2428 3916 2494 Christum.

2941 2566 3144 2633 Dolet
3184 2566 3388 2645 nobis,
3432 2566 3502 2630 in
3658 2565 3844 2630 rrimi
3888 2564 4144 2645 fratres,
4181 2565 4523 2632 eeclesiam
4563 2563 4691 2631 ires-

2767 2660 2940 2718 tram
2956 2703 2974 2732 ,
3031 2652 3138 2718 cui
3195 2652 3342 2736 plus
3380 2651 3540 2717 satis
3582 2650 3809 2718 infesti
3852 2661 4008 2717 sunt
4047 2654 4305 2717 externi
4352 2652 4599 2728 hostes,
4659 2671 4693 2716 a

2766 2737 3140 2805 domesticis
3160 2757 3412 2823 quoque
3449 2735 3878 2803 nebulonibus
3913 2735 4191 2803 subinde
4225 2737 4495 2803 turbari.
4561 2736 4693 2804 Uti-

2766 2844 2920 2891 nam
2965 2821 3049 2888 ad
3093 2844 3211 2889 vos
3255 2819 3686 2888 sublevandos
3738 2820 3887 2905 plus
3930 2821 4184 2889 valeret
4226 2831 4528 2889 nostrum
4568 2823 4692 2888 offi-

2767 2911 2972 2977 cium:
3033 2910 3292 2974 animus
3347 2916 3525 2974 certe
3582 2928 3714 2974 non
3773 2906 4057 2988 deesset,
4115 2908 4507 2993 praesertim
4559 2909 4696 2992 quia

2768 2996 2925 3064 hinc
2968 2994 3216 3081 egressi
3270 3003 3425 3061 sunt
3480 2995 3590 3077 qui
3653 2991 3834 3061 vobis
3885 3013 4064 3061 nunc
4104 2997 4438 3062 facessunt
4478 2995 4692 3060 moles-

2769 3081 2953 3147 tiam.
3041 3079 3270 3163 Quum
3313 3077 3505 3145 ambo
3554 3078 3833 3163 improbi
3890 3079 4026 3146 sint
4069 3101 4144 3148 ac
4186 3081 4550 3164 importuni
4590 3079 4693 3145 ho-

2767 3168 2979 3233 mines
3025 3167 3416 3252 penitusque
3460 3164 3542 3230 ad
3586 3164 3897 3232 serendas
3942 3164 4294 3233 discordias
4340 3168 4500 3242 nati,
4542 3186 4693 3231 sem·

2766 3273 2887 3338 per
2930 3252 3270 3318 timuimus
3313 3271 3395 3317 ne
3452 3250 3644 3317 isthic
3704 3252 3805 3314 vel
3863 3250 4017 3316 alibi
4074 3252 4179 3316 vel
4221 3253 4368 3335 pios
4412 3250 4694 3317 vexando

2768 3339 2875 3406 vel
2920 3337 3250 3422 simplices
3302 3335 3586 3401 fallendo
3628 3357 3747 3420 pro
3791 3355 3974 3401 more
4031 3357 4149 3403 suo
4191 3348 4538 3404 nocerent:
4594 3333 4694 3402 sed

2766 3442 2890 3491 nos
2931 3425 3015 3489 ad
3055 3424 3216 3489 haec
3258 3422 3617 3489 certamina
3648 3421 4048 3499 sustinenda,
4094 3423 4329 3505 quibus
4376 3422 4694 3490 ecclesiam

2764 3531 2954 3577 suam
3001 3511 3319 3575 Dominus
3362 3509 3614 3591 quoties
3657 3508 3875 3574 visum
3933 3522 4036 3573 est
4093 3519 4388 3586 exercet,
4452 3519 4693 3591 paratos

2765 3617 2908 3662 esse
2950 3597 3277 3660 convenit.
3369 3593 3717 3659 Caeterum
3763 3595 3918 3676 quia
3960 3594 4156 3661 officii
4198 3596 4412 3660 nostri
4458 3603 4559 3659 est
4595 3613 4690 3658 eos

2765 3702 2884 3766 pro
2928 3682 3107 3747 virili
3147 3693 3374 3746 nostra
3415 3700 3839 3762 compescere,
3883 3679 4162 3746 libenter
4204 3700 4340 3745 una
4385 3679 4692 3746 sententia

2767 3768 3206 3834 testimonium
3252 3764 3428 3849 quod
3488 3766 3767 3850 rogastis
3830 3764 4237 3830 reddendum
4288 3767 4478 3831 vobis
4520 3764 4691 3830 duxi-

2764 3873 2932 3919 mus.
3020 3851 3214 3934 Quod
3256 3851 3337 3916 ad
3381 3850 3728 3919 Nicolaum
3771 3851 4181 3934 Tapetariwm
4222 3860 4497 3935 spectat,
4540 3850 4694 3915 vixit

2767 3936 3115 4022 aliquando
3169 3938 3347 4021 apud
3406 3957 3524 4003 nos
3581 3936 3690 4023 pie
3748 3947 3814 4003 et
3869 3936 4230 4003 christiane
4250 3987 4266 4009 ,
4342 3938 4476 4003 nisi
4533 3932 4691 4021 quod

2768 4025 2965 4091 homo
3007 4031 3155 4090 erat·
3190 4022 3463 4090 acerbus
3507 4029 3574 4089 et
3614 4020 3966 4088 maledicus
3982 4072 3997 4100 ,
4057 4042 4289 4106 parum
4337 4022 4564 4089 sedato
4602 4040 4691 4086 oe-

2766 4111 2957 4176 rebro
3000 4110 3300 4193 domique
3354 4107 3656 4176 assiduus
3700 4109 3977 4174 rixator:
4037 4109 4222 4174 brevi
4264 4109 4467 4174 etiam
4512 4127 4691 4191 appa·

2767 4197 2901 4262 ruit
2943 4195 3244 4261 vinosum
3287 4215 3430 4261 esse
3470 4205 3537 4261 et
3578 4194 3772 4278 gulae
3813 4194 3907 4260 sic
3965 4192 4256 4260 deditum
4300 4203 4379 4259 ut
4421 4191 4692 4260 ferendis

2768 4281 3142 4364 sumptibus
3192 4279 3519 4348 mediocre
3568 4279 3823 4345 lucrum
3892 4299 4025 4345 non
4079 4281 4432 4346 sufficeret.
4530 4279 4693 4344 Hinc

2767 4367 3012 4434 factum
3064 4377 3164 4434 est
3204 4377 3280 4432 ut
3322 4387 3440 4450 spe
3480 4365 3745 4432 maioris
3786 4378 4095 4449 quaestus
4136 4366 4206 4429 in
4249 4365 4515 4431 Italiam
4556 4384 4694 4430 con·

2768 4454 3054 4532 cesserit,
3098 4453 3282 4536 prius
3325 4459 3544 4518 autem
3588 4471 3789 4535 quum
3829 4450 3913 4517 ad
3955 4452 4315 4537 ingluviem
4362 4471 4551 4518 suam
4592 4470 4693 4515 ex-

2768 4537 3075 4624 plendam
3120 4560 3251 4605 non
3304 4539 3721 4620 impetrasset
3773 4558 3856 4604 ex
3913 4537 4342 4621 eleemosynis
4387 4547 4693 4619 quantum

2769 4623 3056 4701 volebat,
3120 4645 3192 4690 se
3249 4644 3380 4689 non
3451 4624 3673 4690 minus
3728 4622 4083 4708 superbum
4138 4643 4284 4689 esse
4335 4621 4695 4689 ostenderat

2767 4731 2962 4793 quam
2986 4709 3378 4777 famelicum.
3454 4709 3761 4776 Nicasius
3794 4708 3876 4775 ab
3895 4708 4083 4773 initio
4119 4707 4330 4774 multa
4372 4717 4441 4775 et
4483 4716 4695 4791 aperta

2766 4796 2959 4881 signa
3001 4794 3184 4861 dedit
3225 4795 3509 4862 hominis
3566 4796 3856 4880 protervi
3913 4804 3980 4860 et
4036 4795 4319 4873 factiosi,
4382 4795 4691 4860 fervorem

2767 4892 3003 4948 natura
3036 4881 3455 4948 immodicum
3479 4881 4069 4967 compotationibus
4102 4879 4455 4947 accendere
4477 4878 4691 4947 solitus

2767 4965 3136 5051 complures
3208 4968 3436 5034 turbas
3492 4967 3821 5035 excitavit.
3925 4965 4219 5033 Tandem
4276 4966 4471 5032 ambo
4523 4966 4690 5048 inge·

2766 5053 2952 5118 nium
2994 5074 3186 5119 suum
3229 5053 3462 5120 melius
3494 5051 3939 5136 prodiderunt.
4012 5050 4236 5133 Quum
4283 5053 4523 5135 impius
4562 5047 4691 5132 qui-

2767 5137 2917 5204 dam
2976 5137 3264 5205 Satanae
3333 5139 3634 5204 minister
3702 5138 4060 5224 gratuitam
4122 5138 4249 5204 Dei
4318 5136 4689 5202 electionem

2769 5224 3038 5292 abolens
3080 5224 3419 5293 ecclesiam
3463 5224 3634 5290 hanc
3690 5223 3956 5290 turbare
4001 5235 4275 5292 conatus
4319 5235 4494 5289 esset
4509 5273 4523 5296 ,
4576 5219 4691 5285 duo

2765 5310 2880 5378 isti
2923 5311 3233 5378 mensarii
3276 5311 3522 5378 iudices
3565 5309 3730 5375 clam
3786 5310 4104 5394 primum,
4160 5308 4395 5375 deinde
4438 5306 4690 5374 collecta
