4900 6167
691 409 808 470 111

856 589 1428 657 Praestantissimo
1460 588 1616 656 Iesu
1651 587 1903 656 Christ-i
1935 609 2127 656 servo
2170 586 2255 653 D.
2292 588 2633 656 Henricho

686 676 1073 762 Bullingero
1138 674 1494 761 Tigurinum
1571 674 1885 742 ecclesiae
1951 674 2230 740 antistiti
2307 674 2496 740 stan-i
2565 682 2634 740 et

682 769 1092 848 symmystae
1133 761 1376 846 plurim·
1379 781 1490 826 um
1526 759 1817 827 colendo.
2211 844 2461 930 Tiguri-

858 982 931 1052 S.
1000 982 1226 1065 Quum
1279 1002 1493 1066 nuper
1545 988 1914 1065 postremae
1959 991 2111 1048 tuae
2154 981 2385 1047 literae
2409 986 2458 1060 ¹)
2502 981 2632 1047 hue

686 1079 844 1138 sunt
884 1068 1121 1134 allatae
1165 1067 1432 1134 aberam
1472 1066 1556 1132 ab
1598 1068 1775 1133 urbe.
1843 1068 2186 1135 Profectus
2228 1066 2408 1132 enim
2450 1088 2631 1132 eram

684 1177 833 1224 cum
880 1153 1129 1220 Farello
1171 1151 1420 1220 Orbam
1466 1151 1548 1218 ad
1592 1152 2036 1237 componenda
2101 1150 2419 1236 quaedam
2479 1174 2632 1220 cum

685 1264 762 1308 eo
805 1241 944 1305 eius
987 1237 1296 1318 ecclesiae
1338 1239 1619 1324 negotia.
1644 1242 1697 1321 2)
1786 1237 1974 1320 Quae
2033 1260 2183 1304 mea
2225 1237 2522 1304 absentia
2561 1239 2630 1303 in

685 1347 881 1394 causa
936 1325 1065 1391 fuit
1122 1331 1200 1389 ut
1251 1322 1505 1390 nullum
1647 1325 1885 1390 tuerim
1943 1325 2228 1390 officium
2294 1332 2632 1406 praestare

680 1413 825 1478 viro
867 1409 1038 1476 bono
1080 1408 1193 1494 qui
1233 1417 1382 1476 tuas
1416 1418 1485 1474 at
1588 1410 1637 1475 ‘t
1665 1409 1911 1489 literas,
1948 1429 2266 1493 quemque
2302 1411 2431 1475 tuis
2466 1408 2630 1474 mihi

679 1497 890 1563 literis
933 1493 1450 1563 commendabas.
1505 1494 1702 1560 Felix
1745 1499 1884 1580 agit
1927 1517 2102 1561 nune
2137 1494 2311 1579 apud
2351 1494 2629 1573 Soorum,

680 1585 904 1649 virum
948 1581 1269 1666 optimum
1312 1590 1381 1646 et
1434 1578 1885 1648 doctissimum
1901 1632 1917 1660 ,
1978 1579 2265 1646 vicinum
2308 1601 2548 1646 meum.
2575 1581 2629 1663 ³)

685 1668 835 1751 Quo
878 1668 955 1732 fit
996 1675 1073 1732 nt
1112 1665 1345 1732 melius
1391 1686 1648 1751 sperem
1693 1665 1775 1732 de
1813 1669 1953 1733 eins
1999 1666 2249 1732 studiis.
2298 1703 2379 1714 ·-
2425 1704 2510 1714 —
2551 1703 2625 1713 -

855 1752 1096 1835 Accepi
1140 1772 1349 1835 nuper
1391 1752 1725 1836 exemplar
1768 1750 2237 1818 Oensensionis
2295 1749 2469 1836 apud
2514 1771 2631 1818 vos

681 1837 926 1917 editae,
997 1835 1168 1921 quod
1221 1834 1304 1902 ad
1361 1859 1467 1903 me
1521 1837 1791 1915 misisti,
1855 1838 2041 1905 cuius
2105 1838 2368 1903 nomine
2422 1838 2632 1903 habeo

680 1924 959 1991 multam
1001 1922 1300 2008 gratiam.
1388 1922 1638 1989 Eodem
1703 1922 1840 1989 fere
1894 1932 2188 2008 tempore
2247 1944 2490 1990 excusa
2532 1931 2634 1990 est

683 2010 995 2076 Genevae
1052 2008 1274 2075 latinis
1337 2016 1403 2074 et
1454 2008 1705 2093 gallicis
1760 2009 1957 2093 typis.
2048 2008 2257 2092 Spero
2322 2008 2631 2075 ecclesiae

681 2095 1041 2178 plurimum
1100 2096 1526 2178 profuturam.
1628 2095 1773 2179 Ego
1831 2093 1989 2177 quid
2061 2094 2142 2160 de
2210 2114 2289 2160 ea
2352 2095 2630 2160 sentiam

678 2200 818 2332 11:2¹³
862 2180 1145 2246 arbitror
1188 2201 1308 2245 vos
1345 2179 1664 2259 dubitare,
1707 2188 1776 2246 et
1809 2187 2127 2263 quantum
2164 2202 2244 2246 ea
2278 2180 2445 2247 mihi
2481 2200 2631 2264 pro-

851 2350 1151 2418 Ecclesia
1186 2349 1596 2416 Genevensis
1632 2351 1798 2417 bene
1834 2351 2050 2418 habet.
2118 2351 2334 2419 Pestis
2376 2361 2631 2418 nostros

678 2438 978 2503 homines
1035 2433 1228 2502 valde
1282 2436 1622 2517 perturbat
1679 2444 1747 2502 et
1801 2436 2056 2504 scholas
2113 2447 2375 2505 nostras
2437 2437 2631 2504 valde

677 2521 1045 2605 dissipavit,
1102 2521 1402 2605 quamvis
1455 2521 1750 2589 nondum
1805 2532 2142 2608 grassetur
2184 2525 2556 2590 violentius.
2573 2529 2630 2600 ⁴)

677 2605 815 2675 Sed
857 2606 1030 2672 mira
1063 2614 1165 2672 est
1199 2614 1463 2673 nostrae
1499 2609 1714 2693 gentis
1750 2606 2098 2710 trepidatio
2139 2609 2213 2674 in
2247 2609 2629 2677 huiusmodi

675 2691 1177 2771 calamitatibus,
1221 2712 1390 2775 quae
1431 2703 1731 2760 nostrum
1775 2694 2215 2761 mmisterium
2258 2697 2463 2762 variis
2506 2697 2629 2762 im·

674 2776 861 2860 pedit
929 2775 1438 2844 difficultatibus.
1541 2777 1675 2845 Sed
1738 2778 1915 2847 hunc
1982 2789 2229 2848 metum
2293 2781 2425 2849 illis
2495 2803 2628 2847 non

675 2883 1023 2946 possumus
1065 2871 1466 2947 extorquere.

848 2947 1096 3015 Audies
1172 2948 1429 3033 plenius
1507 2949 1588 3016 de
1652 2959 1875 3017 nostro
1939 2954 2231 3017 omnium
2300 2959 2481 3018 statu
2546 2952 2627 3018 ab

675 3033 799 3102 hoc
844 3034 1210 3114 tabellario,
1267 3034 1533 3102 homine
1590 3038 1801 3103 nostri
1858 3037 2306 3104 amantissimo
2362 3046 2431 3103 et
2487 3039 2627 3104 viro

672 3121 936 3204 optimo,
982 3121 1167 3186 cuius
1202 3122 1536 3206 negotium
1579 3131 1646 3188 et
1684 3144 1942 3207 pueros,
1988 3144 2151 3207 quos
2187 3130 2445 3189 vestrae
2490 3122 2622 3191 dis-

674 3205 959 3289 ciplinae
1014 3207 1487 3276 commissurus.
1536 3217 1665 3288 est,
1719 3219 1796 3274 ut
1838 3209 2327 3276 commendatos
2381 3208 2625 3277 habeas

674 3291 1106 3358 vehementer
1163 3311 1292 3356 oro,
1351 3330 2621 3344 ——————————

671 3375 856 3527 {³}oe
920 3375 1362 3444 tumultuarie.
1466 3380 1651 3446 Vale.
1754 3380 2147 3446 Lausannae
2210 3385 2311 3443 25.
2373 3381 2622 3465 Aprilis

1656 3550 1838 3617 Tuus
1879 3549 2117 3617 Petrus
2159 3552 2448 3620 Viretus.

1438 3846 1533 3852 -..-
1592 3844 1828 3854 ᾑ--ο-

1546 4062 1739 4136 1487.

1156 4188 1653 4268 PARELLUS
1700 4200 2126 4270 OALVINO.

840 4366 1081 4434 Bucen·
1121 4388 1292 4435 mors
1331 4370 1392 4435 ei
1431 4371 1672 4454 tristem
1711 4392 1930 4438 rerum
1972 4372 2248 4439 omnium
2270 4378 2503 4441 statum
2545 4377 2617 4442 in

666 4454 1033 4521 moriam
1073 4459 1313 4521 revocat
1366 4460 1424 4520 et
1477 4457 1724 4524 maiora
1768 4459 1978 4524 indies
2029 4459 2445 4543 yravioraque
2487 4482 2615 4528 cer-

663 4540 947 4620 tamina,
1004 4559 1166 4622 quae
1220 4561 1343 4607 non
1408 4561 1617 4609 omnes
1666 4543 1912 4626 fortiter
1967 4544 2288 4611 sustinent.

664 4629 814 4691 suut
854 4625 1423 4710 Arpentoratenoes.
1516 4626 1913 4696 Cornmondat
1975 4631 2278 4713 quosdam
2332 4632 2404 4697 ob
2467 4633 2614 4701 reli-

662 4712 905 4798 qionem
934 4712 1229 4794 patrium
1268 4712 1469 4781 solum
1508 4719 1740 4781 vortere
1782 4719 2026 4783 wado-³.

665 4881 779 4948 (Ex
815 4899 886 4937 an
1044 4881 1154 4953 pho
1187 4881 1318 4938 Cod-
1355 4883 1558 4939 Gener.
1596 4884 1729 4949 115,
1773 4886 1864 4940 fol.
1913 4886 2040 4956 100,
2087 4889 2208 4943 coll.
2244 4905 2290 4943 ο.
2324 4888 2456 4944 Ood.
2495 4887 2611 4952 116.

834 4952 928 5005 fol.
1036 4992 1051 5020 ,
1086 4950 1226 5022 Epp.
1262 4952 1426 5007 Bern.
1464 4953 1563 5008 vl.
1599 4971 1654 5021 p.
1691 4954 1796 5011 225
1829 4961 1889 5010 et
1921 4956 2134 5012 Simleri
2171 4956 2291 5013 Vol.
2330 4956 2437 5026 74.)

663 5104 843 5161 1480.
871 5106 928 5166 l)
1145 5120 1175 5160 8
1207 5105 1298 5160 hic
1330 5105 1589 5163 dewrt‘bit
1620 5125 1733 5165 non
1767 5114 2000 5166 mant-

867 5174 931 5309 {i
968 5216 1046 5299 N‘
1080 5174 1302 5299 1¹33ae
1338 5244 1488 5299 1475.

866 5312 927 5374 4)
966 5311 1052 5378 ct.
1094 5312 1170 5368 Ν.
1211 5310 1360 5366 1481.

2183 397 2698 467 EPIS'POLAE
2748 402 3165 464 1486-1489

4559 403 4673 465 112

2906 585 3156 653 Christi
3199 606 3390 652 servo
3433 608 3630 671 quam
3658 587 4038 654 fidelissimo
4078 589 4326 672 pastori
4370 587 4677 656 ecclesiae

2736 672 3150 739 Genevensis
3219 672 3452 737 Ioanni
3529 672 3834 751 Oalvino,
3915 674 4349 740 christianum
4439 694 4676 740 nomen

2734 758 2998 824 ornanti
3049 766 3192 823 tum
3252 756 3642 825 doctissimis
3698 758 4028 826 laboribus
4094 767 4238 825 tum
4300 758 4676 845 integritate

2735 844 2923 910 vitae.

4179 930 4508 997 Genevae.

2907 1063 2976 1129 S.
3026 1064 3205 1149 Ergo
3229 1063 3517 1130 But-erus
3537 1066 3723 1132 nobis
3743 1066 3816 1130 in
3851 1065 4061 1132 stadio
4085 1065 4333 1132 relictis
4361 1075 4431 1132 et
4473 1067 4678 1133 anhe-

2733 1149 3023 1216 lantibus
3067 1149 3148 1214 ad
3200 1157 3443 1215 metam
3488 1150 3644 1216 felix
3698 1152 4020 1236 pervenit.
4110 1152 4416 1218 Nostram
4465 1159 4534 1217 et
4575 1172 4679 1219 eo·

2734 1236 2968 1302 clesiae
3012 1244 3255 1301 sortem
3299 1236 3674 1315 defleamus,
3720 1235 3891 1320 quod
3934 1244 4119 1303 tanto
4161 1259 4389 1305 sumus
4435 1239 4680 1322 privati

2733 1321 2907 1399 viro,
2968 1342 3096 1385 non
3156 1331 3415 1386 tantum
3471 1322 3821 1388 utilissimo
3879 1323 3964 1389 ad
4018 1344 4182 1405 opus
4238 1321 4508 1389 Domini
4564 1323 4680 1389 sed

2734 1427 2935 1491 supra
2976 1405 3244 1471 modum
3287 1408 3668 1474 necessario.
3743 1409 4008 1476 Interea
4051 1406 4388 1475 Servatori
4432 1410 4682 1493 optimo

2734 1492 2982 1576 gratias
3026 1513 3335 1576 agamus,
3403 1492 3576 1575 quod
3611 1494 3678 1559 in
3721 1494 3925 1560 finem
3960 1494 4249 1562 servavit
4290 1515 4442 1560 eum
4485 1515 4680 1578 quem

2733 1578 3038 1662 elegerat,
3083 1576 3473 1661 iusserit-que
3515 1577 3779 1644 tandem
3823 1601 3983 1660 esse,
4029 1580 4140 1645 ubi
4180 1580 4320 1663 ipse
4364 1589 4479 1646 est.
4562 1581 4682 1646 Li-

2734 1664 2873 1730 cuit
2935 1663 3232 1730 hostibus
3294 1662 3614 1730 haetenus
3678 1686 3811 1730 non
3875 1685 3994 1749 pro
4036 1664 4337 1745 arbitrio,
4401 1666 4518 1732 sed
4559 1687 4680 1748 pro

2735 1749 2924 1814 modo
2966 1770 3093 1832 quo
3137 1747 3424 1815 Satanae
3468 1760 3535 1814 et
3577 1752 3712 1816 suis
3755 1751 4189 1835 permittitur,
4235 1761 4535 1818 sanctum
4579 1752 4681 1816 in-

2735 1835 2972 1901 festare
3015 1835 3263 1900 virum:
3331 1856 3508 1901 nunc
3565 1845 3755 1900 extra
3808 1857 4070 1902 omnem
4127 1836 4244 1902 teli
4284 1837 4531 1904 iactum
4574 1849 4682 1901 tu-

2734 1921 3025 1986 tissimus
3080 1920 3259 2004 apud
3301 1920 3643 1987 Christum
3696 1923 3850 2006 agit.
3937 1922 4073 1988 Nos
4132 1935 4400 1989 manent
4451 1921 4681 1989 eadem

2734 2006 2968 2072 solatia
3009 2006 3247 2089 quibus
3302 2006 3435 2072 iam
3479 2006 3743 2074 fruitur.
3830 2008 4121 2074 'fantum
4177 2029 4299 2073 nos
4354 2008 4682 2091 improbo·-

2733 2113 2881 2158 rum
2936 2092 3281 2175 iniquitas,
3347 2113 3547 2175 quam
3617 2092 3827 2159 fidelis
3898 2100 4088 2178 pater
4153 2094 4251 2159 ita
4304 2103 4381 2158 nt
4435 2095 4685 2177 recepit

2731 2178 3208 2261 attemperabit,
3244 2187 3318 2243 ut
3337 2200 3528 2262 pares
3551 2176 3817 2244 ferendo
3839 2180 4062 2258 simus,
4099 2200 4194 2257 ea,
4218 2179 4508 2263 inquam,
4551 2178 4683 2244 ini-

2732 2265 2949 2348 quitas
3004 2285 3123 2330 nos
3180 2285 3315 2329 non
3358 2265 3636 2349 stangat.
3726 2265 4063 2331 Instemus
4083 2315 4098 2343 ,
4155 2264 4555 2332 reclamante
4614 2272 4685 2331 et

2731 2359 3308 2434 quantumcunque
3384 2350 3771 2415 obturbante
3844 2349 4125 2430 Satana,
4201 2351 4444 2418 fructui
4527 2349 4684 2417 boni

2734 2435 2977 2519 operis:
3036 2456 3198 2519 opus
3252 2455 3643 2520 peragamus
3695 2435 3868 2520 quod
3913 2435 4100 2502 nobis
4141 2436 4514 2504 iniunctum
4558 2445 4680 2503 est.

2733 2522 3052 2588 Novimus
3095 2522 3201 2587 cui
3246 2521 3623 2588 militemus.

2904 2610 3496 2691 Argentoratenses
3537 2607 3852 2673 labuntur
3894 2608 3979 2674 ad
4018 2608 4458 2674 caeremonias
4500 2606 4682 2673 Wit-

2733 2693 3227 2777 tenbergensos,
3255 2694 3305 2774 ¹)
3370 2713 3531 2777 quas
3574 2693 3809 2759 merito
3864 2694 3979 2777 qui
4030 2693 4278 2760 habent
4331 2703 4409 2759 ut
4462 2692 4682 2778 indig-

2734 2799 2852 2844 nas
2894 2778 3239 2863 evangelio
3282 2786 3351 2843 et
3392 2778 3731 2845 ecclesiam
3766 2787 4113 2845 onerantes
4147 2778 4448 2865 ablegare
4492 2778 4684 2846 debe-

2731 2872 2913 2930 rent:
2979 2876 3048 2929 at
3103 2864 3203 2929 illi
3259 2863 3515 2928 liberati
3574 2864 3653 2928 ab
3703 2864 3799 2929 eis
3843 2864 4185 2949 abrogatas
4229 2873 4571 2930 resumunt
4615 2872 4686 2931 et

2729 2951 3103 3016 instaurant
3170 2970 3298 3015 non
3354 2950 3496 3015 sine
3552 2952 3772 3033 gravi,
3841 2960 3918 3015 ut
3978 2949 4205 3029 audio,
4271 2950 4681 3017 offendiculo.

2729 3037 2830 3101 Tu
2874 3057 3033 3118 quos
3078 3036 3249 3101 nosti
3305 3034 3628 3101 sanabiles
3671 3056 3790 3120 pro
3833 3044 3948 3101 tua
3989 3033 4339 3120 prudentia
4381 3035 4679 3102 admone.

2728 3123 2876 3187 Non
2922 3123 3096 3187 enim
3143 3122 3512 3204 quiescent,
3557 3124 3668 3204 qui
3715 3133 3973 3188 autores
4016 3130 4171 3187 sunt
4213 3123 4381 3186 tanti
4422 3123 4677 3205 flagitii.

2727 3207 3133 3273 Auricularis
3177 3206 3494 3273 confessio
3525 3207 3655 3272 ritu
3683 3208 4014 3290 pontificio
4039 3207 4346 3291 imposita
4377 3219 4476 3274 est
4498 3206 4679 3291 plebi

2728 3292 2997 3370 Christi,
3042 3295 3100 3358 si
3144 3312 3302 3357 vera
3344 3291 3569 3358 scribit
3616 3293 3957 3359 Garnems.
3982 3292 4037 3379 ²)

2898 3377 3195 3463 Collega,
3217 3382 3272 3454 ⁸)
3338 3379 3448 3461 qui
3503 3399 3608 3443 me
3667 3378 3933 3445 iubebat
3997 3379 4221 3444 statim
4280 3379 4535 3463 accingi
4593 3378 4680 3443 ad

2724 3466 2850 3531 iter
2893 3463 2978 3530 ad
3020 3477 3087 3529 te
3133 3478 3436 3531 vocatum
3478 3473 3546 3530 et
3586 3484 3743 3530 mox
3785 3461 4032 3544 redire,
4088 3465 4196 3530 cui
4235 3465 4424 3548 parui
4465 3485 4678 3548 quan-

2724 3558 2864 3615 tum
2908 3550 3052 3616 fieri
3093 3549 3335 3632 potnit,
3380 3550 3598 3615 nescio
3640 3548 3796 3633 quid
3838 3550 4081 3634 cogitet
4121 3571 4295 3615 nunc
4338 3549 4420 3615 de
4462 3549 4673 3617 eccle-

2722 3637 2840 3715 sia,
2886 3636 2966 3702 de
3009 3635 3198 3701 domo
3242 3656 3362 3701 sua
3404 3643 3473 3701 et
3513 3634 3831 3702 omnibus.
3895 3636 4005 3701 Ita
4046 3635 4236 3714 abiit,
4281 3644 4359 3701 ut
4401 3635 4519 3701 vix
4563 3656 4670 3701 me

2720 3723 2809 3788 sit
2850 3721 3237 3804 alloquutus.
3325 3720 3574 3787 Gravis
3627 3722 3760 3786 iam
3815 3742 3961 3787 snm
4005 3729 4072 3787 et
4114 3742 4345 3803 parum
4389 3720 4670 3787 idoneus

2720 3805 2804 3872 ad
2872 3806 3196 3892 urgendos
3253 3813 3538 3886 nostros,
3605 3805 3847 3890 quibus
3912 3819 4225 3891 perpetuo
4280 3808 4671 3891 instigatore

2720 3902 2823 3960 est
2863 3914 3043 3977 opus.
3132 3891 3348 3958 Multa
3388 3901 3544 3958 sunt
3585 3912 3751 3976 quae
3791 3912 3900 3958 me
3943 3893 4222 3978 fugiunt.
4290 3892 4672 3977 Ooeperunt

2721 4002 2825 4045 me
2883 3999 3113 4045 vocare
3171 3998 3368 4061 super
3421 3979 3633 4044 causis
3684 3978 3831 4044 coni
3927 3977 3964 3991 ‘⁶
4090 3978 4411 4045 Iussimus
4455 3999 4668 4045 unum

2720 4067 3006 4149 recipere
3039 4085 3235 4147 quam
3274 4062 3605 4143 renuebat,
3649 4061 3765 4130 sed
3806 4084 3911 4129 cm
3951 4063 4147 4130 fidem
4192 4062 4478 4130 dederat.
4545 4064 4666 4130 Al-

2720 4161 2934 4217 terum
2999 4161 3143 4217 octo
3215 4169 3420 4216 annos
3484 4148 3851 4226 absentem,
3925 4169 4248 4233 quemque
4325 4157 4667 4234 aegrotare

2719 4248 2873 4303 ante
2917 4256 3212 4320 pugnam
3234 4234 3674 4320 Oragnianam
3696 4239 3752 4313 ⁴)
3798 4233 4046 4301 dictum
4087 4235 4230 4312 fuit,
4315 4237 4665 4302 renuncia·

2718 4332 2879 4389 runt
2899 4323 3119 4387 virum
3154 4340 3290 4386 non
3324 4342 3469 4387 esse
3500 4320 3773 4386 liberata
3805 4322 4100 4405 coniuge.
4320 4328 4664 4405 peecatum

2718 4418 2818 4474 est
2872 4408 2953 4472 ab
3004 4407 3325 4490 utrisque,
3393 4426 3559 4489 quae
3615 4404 4049 4474 obtinuerunt
4103 4405 4275 4490 quod
4332 4406 4664 4490 petebant,

2715 4696 2974 4764 14821)
3012 4695 3168 4778 saga
3208 4695 3377 4750 mu
3418 4695 3503 4750 αι.-
3550 4695 3767 4779 magam
3812 4693 4039 4759 (Rom.
4076 4695 4203 4751 111.
4242 4696 4515 4821 {¹3:¹33ss
4562 4697 4661 4778 ,φα

2711 4771 2838 4836 post
2870 4765 3148 4820 Hedsoms
3191 4769 3243 4820 a
3277 4766 3394 4846 Iac.
3433 4765 3671 4821 Sam
3713 4769 3936 4820 mov-tm
3963 4764 4288 4821 Mat-bacha
4501 4782 4657 4820 ams-

2714 4973 3005 5110 m
3035 4971 3753 5166 gmmffiwz
3958 4972 4657 5109 ...m-”ww

2712 5109 3676 5259 W'sfseaor’massstlm
3720 5177 3883 5247 aaa,
3931 5177 4503 5247 wasnaum
4539 5194 4655 5234 „0-

2843 5264 2870 5319 ⁹
2918 5251 2994 5386 ω’
3020 5290 3235 5374 va'·
3265 5316 3493 5372 Mun·
3522 5316 3589 5372 a„
3620 5314 3982 5386 «smmpto.
4053 5314 4269 5374 omen·
4299 5317 4545 5373 vaccam.
