4900 6167
651 418 783 480 723

654 667 661 674 .
830 602 1086 670 Contra
1134 602 1453 671 Servetum
1502 602 1788 688 prodibit
1836 602 2093 669 libellus
2140 601 2245 668 his
2291 600 2605 669 nundinis

640 688 1206 768 Francfordianis‚
1243 691 1315 755 in
1351 710 1480 775 quo
1503 696 1962 773 argumentum
2000 688 2180 767 illud,
2217 687 2386 770 quod
2424 709 2464 752 a
2497 709 2606 753 me

644 773 921 841 tractari
943 774 1230 859 optabas,
1255 775 1543 841 breviter
1574 795 1715 840 com
1762 775 1953 841 lexus
1985 795 2149 840 sum.
2211 774 2316 839 De
2350 773 2457 839 his
2493 774 2604 856 qui

634 860 1068 943 obstrepunt,
1092 865 1145 938 ⁸)
1202 861 1514 946 privatim
1557 796 1761 945 apud)
1776 868 1843 928 te
1895 868 2284 945 conquestus
2326 860 2603 940 fueram,

642 946 903 1011 interea
946 968 1169 1012 eorum
1213 946 1590 1012 nominibus
1612 967 1879 1030 parcere
1920 953 2296 1023 statueram,
2339 953 2418 1010 ut
2461 946 2601 1025 feci,

647 1051 738 1096 ne
780 1051 1133 1114 paucorum
1180 1032 1517 1098 hominum
1562 1030 1840 1098 dedecus
1873 1032 1994 1096 toti
2030 1031 2336 1098 ecclesiae
2380 1052 2604 1115 asper-

652 1125 942 1201 geretur.
1009 1118 1101 1183 Et
1137 1130 1311 1184 certe
1351 1118 1532 1202 digni
1571 1126 1742 1197 sunt,
1787 1137 1948 1200 quos
1982 1118 2264 1183 obruant
2298 1125 2603 1182 aeternae

650 1200 979 1267 tenebrae.
1049 1201 1240 1284 Quod
1282 1201 1446 1268 mihi
1480 1203 1663 1286 prius
1698 1224 1830 1270 non
1866 1211 2138 1268 venerat
2177 1204 2244 1268 in
2287 1210 2600 1283 mentem,

651 1286 874 1353 docuit
942 1288 1083 1371 ipse
1141 1308 1373 1355 causae
1430 1309 1830 1372 progressae,
1890 1296 2176 1356 vestram
2224 1288 2304 1354 de
2353 1287 2599 1354 Serveto

649 1373 992 1456 epistolam
1048 1374 1214 1440 libro
1266 1374 1683 1440 inserendam
1738 1394 1907 1450 esse,
1933 1379 1988 1453 ⁷)
2047 1374 2215 1458 quod
2271 1395 2391 1458 ego
2433 1373 2600 1439 mihi

653 1467 878 1524 vestra
921 1457 1332 1525 humanitate
1374 1461 1585 1526 fretus
1637 1462 1925 1544 permisi.
2017 1458 2211 1542 Quod
2265 1460 2320 1526 si
2375 1481 2598 1525 meum

646 1543 995 1610 consilium
1066 1545 1183 1611 tibi
1253 1567 1384 1611 non
1454 1546 1774 1631 placuerit
1845 1543 2151 1633 me[der2]
2177 1549 2228 1625 ⁸)
2303 1544 2595 1612 studebo,

646 1628 836 1708 Vale,
883 1632 1434 1712 praestantissime
1468 1633 1575 1698 vir
1616 1642 1683 1698 et
1718 1632 1982 1717 egregie
2002 1631 2252 1698 Ohristi
2298 1632 2598 1697 minister

643 1734 724 1779 ac
763 1725 1133 1800 symmysta
1176 1716 1337 1782 mihi
1381 1717 1800 1785 observande.
1881 1718 2207 1783 Dominus
2250 1726 2316 1783 te
2358 1717 2595 1802 guber-

644 1821 808 1866 nare
863 1803 1093 1885 spiritu
1156 1803 1540 1886 prudentiae
1594 1812 1659 1869 et
1713 1801 2116 1869 fortitudinis
2174 1813 2408 1888 pergat
2445 1825 2593 1869 ves-

644 1894 946 1969 tramque
1001 1887 1336 1954 ecclesiam
1415 1890 1605 1956 tueri.
1722 1886 1958 1955 Saluta
2026 1889 2377 1974 diligenter
2444 1910 2593 1955 meo

643 1973 911 2047 nomine
975 1974 1258 2059 collegas
1315 1988 1462 2042 tuos
1519 1996 1594 2041 ac
1653 1975 1986 2040 familiam.
2075 1975 2383 2060 Collegae
2438 1975 2590 2053 mei,

637 2056 725 2121 D.
775 2056 1004 2124 Celsus
1050 2060 1513 2146 Martiumque,
1578 2062 1661 2127 D.
1709 2059 2014 2127 Budaeus
2069 2070 2135 2126 et
2193 2061 2303 2127 alii
2354 2062 2592 2127 fratres

638 2149 706 2206 te
768 2154 1152 2211 reverenter
1208 2147 1514 2213 salutant.
1619 2146 1933 2213 Genevae
1999 2146 2207 2231 pridie
2265 2146 2592 2213 Calendas

631 2227 935 2294 Ianuarii
988 2237 1166 2295 1554.

1358 2315 1632 2381 Ioannes
1676 2316 1995 2384 Calvinus
2039 2340 2195 2384 vere
2241 2326 2413 2384 tuus.

1426 2610 1717 2619 ——-—-
1728 2614 1813 2619 ..-—

1513 2844 1703 2914 1885.

1135 2999 1614 3067 GALVINUS
1660 3000 2125 3068 FARELLO.

813 3169 1159 3235 Pecuniam
1218 3170 1304 3235 ad
1345 3171 1648 3237 iuvandos
1680 3192 1996 3256 pauperes
2035 3174 2280 3240 exsules
2323 3195 2365 3238 a
2408 3172 2588 3239 bonis

630 3257 798 3321 viris
850 3255 1159 3321 collectam
1215 3261 1270 3321 et
1317 3256 1596 3323 Genevae
1639 3258 2024 3326 Lau-sannae
2068 3260 2363 3326 Neooomi
2416 3264 2472 3324 et
2525 3260 2588 3324 si

631 3340 942 3407 videbitur
983 3341 1389 3425 Aryentorati
1430 3343 1922 3410 distribuendam
1974 3366 2039 3411 ee
2082 3346 2385 3427 accepisse
2424 3364 2588 3411 nun-

635 3428 768 3493 ciat
808 3428 983 3507 eique
1013 3432 1263 3508 partem
1303 3448 1487 3493 cuam
1528 3431 1660 3497 iam
1702 3432 1884 3496 mitti.

638 3614 746 3680 (Ex
783 3618 911 3668 auto
1010 3613 1119 3682 pho
1140 3613 1269 3668 Cod.
1310 3615 1509 3670 Genev.
1549 3615 1673 3672 107·
1726 3618 1821 3675 fol.
1855 3616 1941 3672 87.
1978 3647 2041 3657 -
2077 3618 2371 3673 Praeterea
2406 3624 2589 3673 exstat

637 3683 696 3735 in
733 3680 863 3736 cod.
931 3681 1024 3747 08,
1070 3683 1160 3737 fol.
1196 3682 1264 3736 21
1302 3701 1349 3735 v.
1426 3685 1481 3738 in
1517 3702 1547 3739 e
1630 3725 1642 3737 .
1676 3659 1844 3743 bern.
1880 3687 1974 3743 VI.
2007 3705 2064 3757 p.
2097 3686 2224 3753 363,
2275 3694 2332 3741 et
2379 3688 2463 3741 bis
2499 3705 2585 3757 ap.

635 3750 925 3805 Simlerum
964 3752 1091 3805 Vol.
1135 3750 1207 3805 80
1252 3760 1309 3806 et
1346 3729 1463 3808 Vol.
1512 3703 1627 3810 183²
1670 3786 1733 3797 -
1771 3757 2002 3827 Angliee
2038 3756 2189 3811 Tom.
2227 3757 2293 3810 11.
2339 3773 2390 3826 p.
2437 3755 2585 3823 430.)

629 3923 1212 3990 Praestantissimo
1287 3925 1533 3993 Christi
1613 3949 1805 3994 servo
1883 3928 2241 3994 Guillelmo
2319 3927 2583 3992 Farello

630 4010 1093 4075 Neocomensis
1151 4011 1461 4078 ecclesiae
1517 4014 1647 4114 fido
1700 4016 1976 4116 pastori,
2034 4015 2221 4080 fratri
2280 4020 2347 4078 et
2402 4034 2583 4097 sym-

1230 4110 1483 4182 mystae
1526 4121 1979 4166 sincensslmo.

805 4231 873 4298 S.
940 4234 1112 4300 Boni
1170 4233 1434 4318 quidam
1492 4238 1618 4303 viri
1676 4238 2017 4320 pecuniam
2076 4236 2387 4303 fratribus
2431 4257 2581 4320 pro-

627 4319 804 4402 fugis
868 4330 934 4384 et
995 4321 1334 4387 exsulibus
1399 4321 1791 4407 erogandam
1857 4322 2199 4389 miserunt.
2309 4323 2580 4389 Partem

628 4404 963 4470 iusserunt
1016 4407 1188 4491 apud
1251 4429 1370 4473 nos
1436 4408 1769 4474 distribui:
1837 4417 2061 4492 partes
2115 4407 2281 4474 duas
2347 4410 2582 4475 vestris

630 4491 1028 4575 pauperibus
1072 4514 1148 4559 ac
1192 4494 1775 4560 Lausannensibus
1819 4493 2251 4560 destinarunt.
2321 4494 2583 4580 Viginti

627 4576 918 4661 quinque
962 4600 1193 4644 aureos
1252 4579 1495 4645 solares
1538 4578 1718 4646 Beza
1761 4591 1983 4645 noster
2037 4578 2404 4648 reddendos
2463 4580 2582 4647 tibi

625 4662 897 4729 curabit.
978 4664 1154 4743 Quia
1188 4673 1412 4731 tamen
1455 4667 1645 4749 pauci
1688 4664 2008 4731 hactenus
2052 4666 2335 4747 exsules,
2381 4667 2582 4750 (quod

624 4749 856 4833 sciam)
916 4752 1297 4832 praesertim
1356 4752 1496 4816 eius
1551 4752 1812 4835 generis
1877 4753 2065 4818 cuius
2130 4751 2289 4817 alibi
2342 4773 2585 4837 magna

622 4845 731 4899 est
775 4836 983 4917 copia,
1043 4836 1213 4901 istuc
1269 4857 1339 4902 se
1383 4836 1832 4915 contulerunt,
1885 4838 1941 4903 si
2000 4860 2176 4904 nunc
2232 4859 2345 4905 vos
2398 4838 2582 4904 nulla

834 5125 894 5189 6)
932 5122 988 5177 A
1017 5125 1211 5194 prima
1244 5142 1446 5180 manu.-
1494 5128 1576 5181 Dc
1611 5128 1843 5182 Curione
1895 5136 1952 5182 et
1985 5130 2249 5183 similibus
2286 5130 2379 5197 qui
2424 5130 2578 5184 Basi-

610 5192 742 5246 Jeae
779 5193 964 5328 ob73tre
1005 5193 1521 5320 untvfflidggffun·
1553 5196 1645 5252 hic
1678 5197 1745 5252 de
1778 5196 2104 5254 Caucason«
2133 5202 2326 5254 tacere.

831 5329 890 5397 s)
1046 5301 1141 5387 r'ta
1174 5304 1436 5389 atiani.

2153 410 2679 481 EPISTOLAB
2727 414 3147 477 1884—1887

4512 421 4625 481 724

2705 598 2969 685 urgebit
3032 600 3383 667 necessitas
3397 652 3411 677 ,
3489 600 3855 666 levandane
3920 601 4007 667 sit
4070 600 4340 667 aliorum
4406 603 4627 688 inopia,

2706 707 2824 770 pro
2871 694 2985 752 tua
3026 685 3153 752 fide
3197 694 3264 752 et
3303 682 3656 771 prudentia
3690 686 4036 771 expendas.
4119 688 4257 755 Nec
4304 710 4452 754 vero
4489 711 4629 774 pos·

2705 771 2862 851 tulo,
2908 782 2984 837 ut
3024 770 3106 836 ad
3149 794 3268 837 nos
3311 772 3634 852 remittas,
3677 771 3793 838 sed
3833 771 4030 838 huius
4073 776 4168 840 rei
4205 782 4269 841 te
4314 774 4480 840 volui
4521 775 4628 841 ad-

2704 856 3044 935 monitum,
3090 866 3166 923 ut
3199 857 3456 924 miseris
3483 858 4098 959 Argentinensibus,
4125 861 4177 943 1)
4221 860 4278 925 si
4300 859 4630 943 videbitur,

2705 956 2956 1027 partem
3001 943 3285 1026 aliquam
3324 952 3752 1010 transmittas.
3820 943 4213 1029 Quanquam
4248 944 4414 1011 nihil
4457 967 4628 1030 prae-

2705 1027 2946 1095 scribo:
2993 1028 3107 1094 sed
3152 1031 3305 1113 quia
3346 1029 3620 1096 verebar
3663 1052 3746 1095 ne
3783 1031 3898 1095 tibi
3942 1029 4106 1099 haec
4148 1033 4289 1117 ipsa
4331 1030 4630 1098 dubitatio

2704 1115 2975 1180 molesta
3015 1116 3197 1193 foret,
3243 1124 3657 1181 antevertere
3698 1116 3920 1181 malui.

2874 1201 3170 1266 Nuncius
3197 1200 3465 1267 tandem
3487 1201 3567 1265 ab
3589 1201 3914 1269 Helvetiis
3943 1201 4153 1269 rediit.
4165 1206 4221 1286 ²)
4260 1203 4423 1269 Cras
4445 1224 4630 1286 super

2702 1287 3034 1371 responsis
3077 1289 3149 1351 in
3193 1288 3373 1352 curia
3408 1285 3894 1371 disceptabitur.
3982 1288 4264 1373 Magnas
4308 1290 4480 1354 rixas
4521 1310 4628 1353 ex-

2703 1381 2921 1455 specto
2942 1375 2993 1442 ³)
3059 1393 3337 1455 quarum
3402 1382 3621 1438 tamen
3684 1374 3849 1438 forte
3926 1373 4155 1439 laetior
4218 1375 4344 1440 erit
4406 1374 4628 1454 exitus,

2701 1478 2895 1540 quam
2941 1458 3218 1525 antehac
3262 1467 3577 1543 putarunt
3609 1459 3906 1543 improbi,
3955 1461 4065 1544 qui
4107 1479 4284 1526 nunc
4326 1461 4632 1543 incipiunt

2701 1544 2929 1610 cristas
2974 1542 3334 1610 demittere.
3425 1544 3561 1610 Sed
3605 1546 3671 1609 in
3717 1544 3925 1611 altera
3968 1554 4152 1629 parte
4204 1544 4369 1611 nihil
4414 1544 4628 1612 cordis.

2700 1628 2830 1696 Ubi
2875 1628 3337 1695 certaminibus
3382 1650 3548 1713 quae
3593 1632 3777 1697 nobis
3820 1632 4071 1697 instant
4112 1629 4400 1699 defuncti
4442 1632 4630 1697 fueri-

2699 1736 2868 1793 mus,
2915 1714 3176 1782 uberius
3216 1716 3437 1780 omnia
3479 1717 3896 1800 perscribam.
3983 1717 4181 1794 Vale,
4227 1719 4364 1783 inte
4410 1718 4631 1795 errime

2696 1800 2901 1865 frater
2943 1823 3187 1885 nosque
3230 1801 3528 1885 precibus
3572 1802 3825 1869 adiuva.
3910 1803 4220 1870 Genevae
4264 1806 4366 1888 pri
4413 1805 4470 1868 ie
4512 1802 4632 1870 Oa-

2696 1886 2923 1952 lendas
2965 1886 3262 1953 Ianuarii
3315 1894 3492 1952 1554.
3518 1888 3575 1970 ⁴)

2868 1972 3169 2057 Tigurini
3185 1975 3242 2051 ⁵)
3285 1971 3643 2057 prudenter
3685 1971 4067 2039 dissuadent
4100 1996 4182 2040 ne
4226 1974 4386 2058 quid
4431 1987 4630 2039 mute—

2698 2066 2822 2135 tur,
2868 2059 3267 2125 Basilienses
3311 2058 3494 2124 nullo
3547 2059 3933 2143 interposito
3987 2060 4226 2127 iudicio
4268 2082 4391 2126 sua
4433 2059 4634 2126 edicta

2697 2142 3021 2228 descripta
3090 2145 3375 2209 mittunt.
3481 2143 3930 2212 Cordatissimi
3985 2147 4277 2211 omnium
4338 2145 4628 2212 Schaffu-

2695 2230 2894 2294 siani:
2941 2250 3090 2294 nam
3131 2231 3328 2295 vicini
3362 2231 3574 2296 nostri
3596 2230 3650 2315 ⁶)
3693 2230 3925 2314 frigide
3962 2232 4253 2309 eludunt,
4304 2232 4469 2316 quod
4506 2233 4631 2297 fore

2696 2315 3065 2400 suspicatus
3126 2337 3273 2381 sum
3327 2315 3407 2380 ab
3476 2316 3680 2381 initio.
3784 2316 4118 2383 salutabis
4173 2339 4323 2384 meo
4381 2318 4631 2383 nomine

2694 2399 3041 2487 diligenter
3085 2403 3320 2467 fratres
3362 2410 3431 2466 et
3474 2402 3730 2467 amicos.
3800 2403 4121 2469 Dominus
4155 2403 4345 2470 vobis
4386 2422 4632 2488 semper

2693 2487 2867 2553 adsit
2910 2509 3153 2572 vosque
3197 2495 3477 2553 tueatur.

3599 2573 3881 2639 Ioannes
3928 2574 4248 2642 Calvinus
4293 2586 4467 2641 tuus.

3557 3082 3753 3157 1886.

3126 3238 3563 3309 BUDAEUS
3610 3241 4200 3311 GUALTHERO.

2871 3413 3001 3494 Quo
3055 3414 3123 3477 in
3189 3416 3357 3478 statu
3412 3432 3514 3477 res
3577 3413 3709 3478 sint
3768 3413 4048 3480 Genevae
4110 3417 4278 3481 circa
4337 3417 4630 3501 περαίνω

2691 3497 3026 3564 Bmelerii
3081 3497 3369 3565 declarat.
3459 3498 3670 3564 Simul
3724 3502 4045 3566 maximae
4099 3504 4231 3585 ayit
4274 3503 4523 3586 ¹qratia-§³
4558 3500 4630 3567 dc

2689 3584 3020 3665 receptione
3060 3584 3185 3649 sibi
3234 3585 3453 3650 Turici
3486 3584 3673 3666 facta.

2692 3755 2799 3821 (Ex
2854 3755 3164 3810 authentico
3224 3757 3522 3825 exemplari
3571 3757 3734 3810 Arch.
3784 3758 3959 3811 Turio.
4008 3759 4148 3812 Plut.
4198 3759 4299 3811 VI.
4345 3760 4464 3813 Vol.
4518 3757 4626 3819 116,

2872 3825 2999 3878 olim
3036 3825 3175 3894 Epp.
3214 3826 3363 3879 Tom.
3400 3827 3499 3878 IX.
3537 3843 3588 3894 p.
3625 3824 3780 3880 3458.
3819 3856 3878 3865 —
3917 3828 4126 3881 Simler.
4166 3827 4291 3881 Vol.
4329 3827 4443 3892 80.)

2861 3996 3243 4063 Clarissimo
3298 3998 3443 4061 viro
3502 4009 3570 4062 et
3626 3998 3850 4063 multis
3902 3998 4275 4064 nominibus
4320 4000 4487 4065 mihi
4528 4018 4625 4063 oo·

2687 4081 3063 4148 lendissimo
3119 4083 3338 4161 fratri,
3381 4083 3465 4147 D.
3515 4081 3866 4165 Rudolpho
3911 4084 4260 4159 Gualtero‚
4323 4084 4626 4153 ecclesiae

2686 4167 3040 4251 Tigurinae
3082 4170 3326 4251 pastori
3372 4168 3872 4252 vigilantissimo

2857 4390 2928 4456 S.
2996 4390 3326 4455 Hesterno
3369 4390 3475 4456 die
3518 4390 3714 4456 rediit
3747 4395 4027 4460 nuncius
4062 4416 4103 4459 a
4135 4412 4370 4461 senatu
4412 4406 4628 4460 nostro

2684 4478 2923 4542 missus
2942 4527 2956 4552 ‚
3025 4477 3209 4541 cuius
3274 4474 3597 4542 discessus
3674 4479 3883 4544 serior
3944 4479 4420 4563 aliquantulum
4483 4482 4625 4557 fuit,

2684 4647 2863 4703 1885.
2902 4649 2955 4715 1)
2996 4648 3215 4702 Nomen
3257 4647 3458 4703 omittit
3500 4648 3734 4717 Anytus.
3815 4649 4178 4719 Argentum&
4511 4652 4627 4708 emt

2682 4716 3234 4784 Μαικήνα,
3270 4732 3504 4786 quorum
3515 4733 3661 4787 prae
3695 4720 3924 4774 caeteris
3957 4734 4151 4775 curam
4468 4721 4625 4778 Stim-

2685 4787 2831 4841 miue
2865 4790 2917 4840 et
2951 4785 3252 4841 Slcs'dam
3298 4787 3398 4868 qui
3439 4787 3556 4868 ἀρφ·
3579 4788 3727 4870 ‘olim
3762 4789 4021 4844 Lutetiae
4067 4794 4256 4873 dap.
4293 4791 4623 4848 Aurelian&

2687 4871 2809 4910 cum
2843 4854 3030 4910 multu
3054 4855 3342 4936 ‘evanqeho
3377 4855 3618 4912 adductus
3649 4857 4090 4923 famasantatem
4122 4866 4384 4917 miei-ant.

2891 4923 2953 5060 ξ)
2987 4923 3132 5119 3⁴00va
3159 4925 3574 5063 ww
3471 5009 3695 5049 mmm
3722 4994 3928 5063 tesana.

2890 5062 2953 5130 4)
3031 5064 3256 5119 malm
3305 5064 3445 5119 male
3495 5064 3575 5119 ad
3624 5062 3759 5119 Dec.
3815 5064 3951 5119 1554
3997 5065 4166 5133 refert
4226 5081 4327 5121 ccc.
4383 5070 4622 5122 nom

2681 5136 3006 5214 conffpupum.
3064 5131 3325 5188 Fan-ellus
3359 5138 3412 5189 et
3441 5134 3562 5204 ipse
3594 5149 3664 5189 ex
3696 5148 3883 5190 errore
3916 5132 3984 5188 30
4020 5134 4149 5206 (cic)
4186 5136 4311 5191 Dec.
4363 5134 4495 5190 1554
4526 5130 4619 5189 ad-

2679 5205 2949 5327 aemmtb’)
2985 5269 3146 5325 Haec
3179 5286 3217 5325 a
3250 5271 3417 5353 Beza·
3437 5270 3753 5328 cancellata.

2886 5339 2945 5405 6)
2984 5341 3288 5395 Beruenses
3322 5340 3572 5409 (Stmler)
3612 5339 3694 5408 Cf.
3731 5338 3810 5396 N·
3851 5339 4000 5395 1868.
