4900 6167
717 440 838 506 651

716 648 878 695 esse.
946 625 1115 692 Vide
1159 645 1316 709 ergo
1351 622 1505 707 quid
1544 624 1749 707 possis
1786 630 2044 704 praeter
2081 633 2228 686 tuae
2266 617 2660 685 valetudinis

719 711 1148 798 dispendium.
1251 710 1450 776 Mitto
1507 708 1588 774 ad
1649 720 1713 772 te
1768 709 2087 791 scriptum
2145 704 2316 789 quod
2369 704 2657 770 oblatum

718 806 824 866 est
863 797 1126 863 senatui
1168 818 1285 879 pro
1324 815 1520 862 causa
1559 794 1946 867 Bertcllerii‚
2006 814 2087 857 ex
2144 814 2268 875 quo
2312 811 2660 872 cognosces

717 894 965 950 statum
1007 903 1272 959 causae,
1332 889 1400 947 et
1457 881 1614 963 quid
1671 880 1953 944 ministri
2012 888 2254 962 petant.
2345 877 2661 942 Miseram

715 991 899 1035 meas
952 969 1174 1033 literas
1220 966 1665 1034 Senarcleum.
1689 968 1746 1042 ⁸)
1835 964 1912 1030 Si
1968 984 2078 1028 eas
2135 962 2460 1045 acceperis
2518 983 2660 1027 cae-

718 1063 859 1120 tera
913 1054 1238 1137 intelliges
1292 1074 1455 1135 quae
1510 1050 1832 1117 scribebat
1880 1048 2202 1117 Calvinus.
2291 1047 2556 1113 Salutat
2598 1057 2662 1111 te

718 1162 889 1205 uxor
932 1151 997 1204 et
1040 1139 1275 1203 filiolae
1310 1149 1376 1202 et
1412 1138 1662 1201 fratres.
1755 1135 1987 1201 Saluta
2024 1136 2104 1200 D.
2152 1134 2554 1218 praefectum
2598 1141 2664 1197 et

717 1226 955 1290 fratres
1013 1245 1158 1289 meo
1216 1224 1495 1288 nomine.
1574 1222 1757 1286 Vale.
1847 1223 2241 1287 Lausannae
2286 1225 2384 1283 20.
2433 1217 2658 1284 Octob.

1692 1392 1874 1457 'l'uus
1918 1393 2158 1458 Petrus
2199 1390 2487 1455 Viretus.

1604 1902 1787 1971 1836.

1062 2057 1623 2126 BLAURERUS
1669 2053 2301 2123 BULLINGERO.

889 2233 1148 2315 Accepit
1199 2231 1633 2297 Turicensium
1678 2228 2007 2294 consilium
2048 2228 2125 2291 de
2174 2226 2433 2299 Servate,
2483 2249 2659 2308 quem
2708 2238 2714 2285 :

715 2319 884 2385 diris
927 2320 1185 2383 devovet.

718 2490 829 2557 (Ex
877 2487 1208 2559 autographo
1246 2487 1402 2540 Arcb.
1439 2486 1617 2538 Turio.
1658 2484 1803 2539 Plut.
1840 2485 1935 2538 VI.
1973 2484 2095 2537 Vol.
2144 2482 2273 2548 163,
2321 2484 2447 2537 olim
2487 2484 2655 2539 Scrin.

954 2560 1015 2610 B.
1055 2574 1175 2626 epp.
1215 2557 1366 2609 Tom.
1404 2553 1486 2619 28,
1524 2555 1615 2606 fol.
1651 2552 1768 2605 406.
1811 2583 1868 2593 -
1909 2554 2107 2606 Simler
2142 2554 2261 2607 vol.
2295 2552 2408 2616 80.)

887 2727 1265 2796 Clarissimo
1315 2729 1452 2793 viro
1491 2726 1572 2791 D.
1617 2726 1981 2792 Heinricho
2026 2725 2411 2810 Bullingero
2457 2724 2658 2807 'Pigu-

713 2816 987 2881 ricensis
1030 2814 1335 2879 ecclesiae
1393 2814 1670 2878 antistiti
1732 2810 2231 2896 vigilantissimo
2290 2811 2497 2875 amico
2542 2829 2658 2874 suo

714 2906 869 2984 tanq
878 2898 1057 2988 [uam
1096 2898 1323 2987 fratri]
1372 2898 1783 2965 observando

712 3126 799 3138 ψ
848 3127 919 3138 ἡ
968 3126 1053 3136 -
1098 3125 1178 3138 -
1223 3123 1310 3135 —
1356 3125 1434 3135 —
1480 3126 1563 3136 —-
1608 3123 1690 3132 -
1752 3123 1839 3133 ——
1884 3124 1965 3134 -
2028 3123 2108 3134 0—-
2168 3124 2252 3132 —
2311 3125 2393 3133 —
2446 3125 2530 3131 —
2585 3119 2647 3131 —

884 3176 1405 3259 Responsionem
1447 3184 1737 3238 vestram
1782 3174 1851 3236 iu
1897 3171 2262 3238 Servetana
2305 3191 2503 3236 causa
2549 3190 2657 3235 ac-

710 3264 896 3346 cepi,
954 3283 1069 3343 pro
1125 3281 1255 3344 qua
1310 3259 1593 3342 gratiam
1649 3256 1886 3337 habeo,
1945 3277 2319 3341 quanquam
2362 3255 2655 3321 nondum

708 3346 861 3432 legi.
951 3349 1111 3412 Mox
1153 3347 1331 3411 enim
1376 3346 1656 3429 acceptis
1698 3344 1831 3408 tuis
1883 3364 2084 3425 quum
2130 3352 2301 3407 esset
2344 3343 2456 3424 qui
2501 3341 2656 3407 hinc

707 3433 1074 3500 Zurzacum
1117 3432 1438 3515 proficisci
1483 3430 1710 3508 vellet,
1771 3437 1965 3511 atque
2026 3427 2176 3492 inde
2235 3429 2453 3493 nescio
2495 3448 2655 3510 quas

705 3540 958 3586 merces
980 3517 1374 3583 Vitudurum
1413 3516 1692 3591 mittere,
1737 3514 2020 3580 scribere
2057 3513 2249 3591 volui,
2295 3513 2463 3596 quod
2510 3513 2654 3596 plus

708 3626 906 3690 quam
987 3604 1473 3669 tumultuanter
1559 3603 1770 3666 facere
1855 3608 2127 3682 oportet.
2255 3600 2653 3663 Existimavi

710 3691 885 3758 hanc
926 3701 1198 3774 pestem,
1248 3688 1563 3753 Servetum
1604 3687 1907 3769 iuquam,
1953 3695 2104 3750 ante
2145 3706 2351 3750 annos
2411 3685 2655 3765 aliquot

708 3778 1106 3844 exstinctam
1128 3827 1142 3851 ,
1227 3775 1414 3840 cuius
1486 3773 1686 3837 libros
1753 3770 1834 3835 de
1909 3771 2252 3836 Trinitatis
2323 3771 2653 3835 erroribus

709 3873 865 3928 ante
900 3882 1108 3926 annos
1147 3860 1296 3944 plus
1336 3859 1557 3924 minus
1595 3857 1826 3941 viginti
1864 3868 1929 3921 et
1964 3854 2096 3923 vidi
2134 3867 2196 3920 et
2233 3857 2359 3940 legi
2397 3878 2654 3921 summa

709 3948 913 4013 animi
966 3945 1433 4030 indignatione.
1524 3943 1669 4008 Ah!
1740 3964 1934 4027 quam
1989 3942 2166 4007 dolet
2216 3943 2416 4007 istum
2479 3962 2653 4006 nunc

710 4033 1045 4121 negotium
1090 4031 1405 4097 facessere
1449 4029 1863 4095 sanctissimo
1913 4026 2168 4093 Calvino
2212 4036 2453 4094 nostro,
2526 4028 2653 4094 Ve-

708 4140 861 4187 rum
920 4118 1013 4182 ita
1068 4139 1185 4182 nos
1242 4116 1651 4191 haeresibus,
1717 4126 1781 4178 et
1838 4114 2218 4179 monstrosis
2276 4114 2650 4179 huiusmodi

709 4202 999 4271 Satanae
1045 4199 1490 4267 abortionibus
1535 4199 1823 4265 exerceri
1865 4210 2148 4281 oportet,
2210 4207 2285 4263 ut
2342 4201 2451 4283 qui
2502 4220 2650 4282 pro-

707 4290 845 4357 bati
888 4298 1039 4355 sunt
1092 4287 1423 4352 manifesti
1476 4287 1657 4352 fiant.
1746 4286 2069 4349 Dominus
2113 4285 2299 4350 Iesus
2342 4285 2650 4357 Christus

707 4375 1048 4442 ecclesiam
1094 4394 1282 4437 suam
1326 4394 1364 4436 a
1407 4371 1727 4455 portentis
1784 4370 1929 4436 istis
1976 4370 2296 4454 propitius
2341 4382 2408 4435 et
2451 4393 2650 4453 quam

706 4462 995 4547 primum
1052 4458 1284 4523 liberet
1338 4477 1414 4521 ac
1468 4454 1674 4522 solida
1729 4478 1847 4521 sna
1904 4477 2062 4539 pace
2107 4455 2320 4521 donet.
2411 4458 2645 4522 Amen.

705 4577 1745 4595 ——-——-————-

871 4631 1124 4697 Datum
1168 4630 1237 4693 in
1278 4628 1344 4712 yl
1383 4628 1505 4694 den
1552 4633 1650 4692 20.
1689 4625 1998 4694 Octobris
2052 4632 2230 4692 1553.

2100 4769 2322 4833 Ambr.
2372 4766 2474 4832 Bl.

911 4938 971 5001 3)
1009 4936 1108 4991 ubi
1143 4934 1357 4989 Fau-elli
1387 4936 1565 5000 frater
1606 4936 1947 4990 Gaucherius
1982 4936 2199 4993 sedebat
2233 4936 2340 5004 (N.
2379 4937 2557 5005 1811).

1928 4578 2646 4590 ο-ι---μο-α--ο-

2220 430 2739 499 EPISTOLAE
2792 432 3210 495 1835—1838

4577 440 4688 500 652

3648 618 3836 689 1887.

3246 773 3742 841 FARELLUS
3787 774 4223 841 CALVINO.

2944 943 3194 1011 Calvina·
3242 947 3413 1011 canit
3470 947 3686 1011 landes
3703 999 3718 1024 ,
3789 948 3886 1010 ita
3937 947 4187 1028 quidem
4247 954 4320 1012 ut
4368 949 4522 1030 quid
4581 948 4697 1013 sibi

2763 1031 2907 1095 velit
2948 1032 3108 1096 satis
3148 1030 3410 1111 difficile
3463 1033 3551 1095 sit
3608 1032 3777 1096 dictu
3840 1037 3898 1095 et
3951 1032 4160 1097 lectori
4216 1034 4284 1097 in
4341 1035 4696 1100 memoriam

2762 1119 3172 1182 revocandum
3227 1118 3390 1197 quod
3436 1117 3530 1181 ait
3583 1118 3713 1182 dle:
3761 1107 3900 1179 Ὧδε
3943 1117 3976 1178 ὅ
4020 1121 4149 1192 νοῦς
4191 1117 4226 1180 ὅ
4269 1120 4422 1199 ἔχων
4465 1128 4695 1201 σοφίαν.

2771 1202 2984 1282 Neque
3005 1203 3211 1285 maqis
3232 1202 3441 1267 lucida
3482 1224 3642 1285 quae
3677 1208 4017 1286 sequuntur
4049 1206 4124 1269 de
4155 1205 4408 1270 ecclesia
4431 1206 4698 1289 Ayatho·

2756 1287 3047 1438 {olitana
3097 1294 3150 1352 et
3207 1288 3520 1353 Ludovico
3580 1288 3883 1356 Mer-cerie
3939 1288 4029 1351 ibi
4081 1291 4501 1356 ministerium
4574 1311 4701 1356 am-

2805 1375 2979 1438 iente.

2768 1545 2878 1605 (Ex
2915 1545 3249 1614 autographo
3286 1544 3414 1597 Ood.
3454 1545 3588 1598 Gen.
3626 1543 3742 1606 115,
3779 1546 3868 1598 fol.
3904 1545 4025 1610 105,
4060 1548 4179 1601 coll.
4215 1564 4260 1600 c.
4295 1548 4422 1600 Ood.
4463 1546 4582 1610 116,
4616 1548 4703 1601 fol.

2982 1612 3065 1678 32,
3103 1615 3241 1683 Epp.
3285 1616 3442 1666 Bern.
3483 1614 3577 1666 v1.
3613 1632 3663 1683 p.
3700 1613 3819 1667 325.
3859 1642 3924 1652 ‘-
3960 1616 4169 1668 Simler.
4211 1616 4333 1670 Vol.
4367 1614 4480 1683 80.)

2937 1784 3204 1848 Eximio
3251 1785 3329 1849 D.
3373 1784 3526 1849 Iesu
3586 1784 3839 1850 Christi
3895 1807 4083 1850 servo
4127 1784 4359 1849 Ioanni
4404 1785 4701 1861 Calvino,

2765 1891 2956 1951 quam
3015 1871 3573 1951 praestantissimo
3633 1871 3940 1936 ecclesiae
3986 1871 4398 1936 Genevensis
4441 1874 4701 1953 pastori,

2711 1974 2715 1991 ¹
2766 1976 3005 2039 magno
3060 1957 3420 2037 scripturae
3485 1956 3899 2031 illustratori,
3968 1969 4045 2020 ut
4107 1957 4368 2038 pietat-is
4432 1969 4702 2023 strenuo

2766 2043 3089 2119 assertori,
3137 2043 3322 2105 fratri
3369 2053 3432 2104 et
3479 2052 3880 2125 symmystae
3927 2063 4054 2104 non
4103 2043 4321 2107 minus
4365 2042 4698 2109 carissimo

2763 2148 2957 2209 quam
3005 2129 3290 2192 maxime
3334 2126 3738 2192 observando

4197 2213 4528 2279 Genevae.

2934 2349 3004 2414 S.
3086 2349 3276 2430 Quod
3344 2350 3543 2414 debeo
3607 2352 3868 2427 merit0,
3941 2350 4240 2434 quodque
4310 2364 4532 2418 sancte
4600 2372 4699 2416 me

2763 2444 3178 2500 servaturum
3249 2436 3546 2518 promisi,
3625 2437 3737 2500 ubi
3819 2457 3948 2500 non
4028 2438 4323 2518 petebas,
4404 2437 4699 2521 quodque

2763 2531 3094 2604 praestare
3137 2542 3337 2604 supra
3379 2520 3644 2586 modum
3703 2523 4028 2605 astringor
4072 2523 4268 2586 etiam
4312 2544 4446 2587 non
4493 2524 4700 2589 moni·

2764 2620 2900 2685 tus,
2959 2619 3031 2671 tu
3074 2628 3271 2689 quum
3319 2606 3481 2671 nihil
3527 2627 3717 2689 agam
3773 2606 3943 2690 quod
4001 2606 4268 2672 debeam
4324 2628 4445 2690 pro
4488 2611 4702 2692 gratia

2766 2694 2998 2769 DuciS,
3059 2705 3125 2757 et
3178 2695 3362 2776 quasi
3426 2695 3545 2756 hae
3604 2715 3708 2757 res
3764 2694 3835 2756 in
3889 2692 4158 2775 agendis
4217 2695 4446 2776 gratiis
4500 2702 4572 2758 et
4630 2695 4696 2757 in

2762 2781 2968 2843 amico
3011 2780 3135 2843 isto
3177 2781 3246 2842 in
3291 2800 3396 2843 me
3441 2780 3677 2857 animo,
3723 2799 3851 2860 quo
3894 2779 4089 2844 effers
4132 2778 4219 2858 id,
4263 2779 4435 2862 quod
4478 2780 4697 2863 potins

2762 2884 3039 2947 arguere
3085 2863 3383 2943 deberes,
3443 2885 3643 2945 quum
3702 2873 3918 2928 tamen
3975 2864 4231 2929 nullum
4288 2865 4376 2930 sit
4431 2886 4595 2949 erga
4634 2873 4698 2929 te

2761 2960 2827 3013 et
2905 2948 3241 3015 ecclesiam
3322 2949 3606 3015 studium
3688 2970 3762 3015 ac
3829 2951 4140 3026 officium,
4223 2952 4384 3016 satis
4450 2949 4698 3016 indicas

2760 3036 2986 3116 quanti
3031 3056 3150 3118 ego
3194 3035 3261 3099 in
3308 3057 3411 3099 me
3456 3045 3522 3099 et
3577 3036 3774 3100 istam
3826 3035 4163 3101 ecclesiam
4209 3036 4420 3102 officia
4463 3035 4699 3103 ducere

2761 3120 3047 3186 debeam.
3151 3121 3302 3185 Non
3359 3142 3519 3203 opus
3577 3129 3677 3186 est
3726 3128 3804 3185 ut
3854 3122 4134 3198 voceris,
4203 3143 4334 3187 non
4391 3130 4470 3187 ut
4525 3122 4699 3188 mala

2760 3206 2880 3272 tibi
2922 3214 3147 3271 nostra
3187 3206 3578 3284 indicemus,
3639 3206 3802 3271 nihil
3849 3215 3916 3269 te
3960 3214 4283 3285 moratur,
4342 3209 4497 3290 quin
4543 3229 4696 3272 mox

2762 3312 3094 3369 accurras,
3157 3293 3356 3357 etiam
3412 3291 3521 3356 ubi
3581 3304 3647 3356 te
3706 3300 3772 3357 et
3827 3312 4052 3357 omnes
4111 3313 4366 3357 summo
4425 3294 4695 3376 exponis

2757 3387 2973 3442 tecum
3031 3399 3101 3443 se
3160 3378 3569 3462 accingentes
3625 3378 4002 3444 discrimini.
4104 3378 4251 3445 Hoc
4307 3377 4502 3445 debes
4563 3380 4695 3444 Do-

2757 3465 2937 3528 mino
2981 3485 3171 3545 quem
3229 3465 3300 3528 in
3345 3465 3573 3548 gratiis
3627 3463 3748 3529 tibi
3800 3462 4052 3529 collatis
4094 3463 4436 3529 laudamus
4478 3474 4546 3530 et
4588 3465 4694 3529 be—

2760 3549 3146 3626 nedicimus,
3221 3549 3396 3631 quod
3452 3550 3532 3615 ad
3604 3550 3848 3632 optima
3904 3550 4220 3615 formatus
4288 3558 4355 3614 et
4411 3550 4579 3616 velis
4631 3556 4694 3615 et

2759 3637 2983 3718 possis.
3083 3635 3286 3700 Faxit
3338 3637 3394 3700 is
3465 3636 3578 3718 qui
3634 3644 3700 3700 te
3771 3634 3969 3719 elegit
4033 3643 4107 3699 ut
4169 3656 4427 3719 semper
4489 3636 4693 3719 magis

2757 3730 2824 3786 et
2866 3722 3076 3805 magis
3134 3742 3384 3805 pergas.
3473 3721 3618 3805 Ego
3678 3741 3814 3785 non
3867 3720 4094 3785 multis
4152 3721 4268 3787 tibi
4312 3741 4509 3805 agam
4547 3741 4695 3805 gra·

2757 3808 2911 3873 tias:
2970 3808 3023 3873 si
3071 3808 3187 3872 tibi
3232 3828 3365 3872 non
3408 3827 3691 3889 possum,
3738 3805 3892 3888 quid
3933 3807 4216 3871 Domino
4259 3807 4446 3873 cuius
4489 3818 4692 3873 totum

2757 3892 2902 3958 est?
2989 3894 3165 3957 Vere
3224 3893 3388 3957 mihi
3447 3890 3652 3969 dolet,
3712 3891 3882 3974 quod
3940 3891 4055 3957 abs
4113 3901 4176 3958 te
4221 3914 4353 3958 non
4398 3892 4690 3976 impetro,

2755 4000 2881 4063 quo
2926 3988 2991 4042 te
3036 3979 3303 4043 liberem
3357 3978 3577 4060 aliqua
3630 4000 3711 4042 ex
3767 3986 3951 4059 parte
3997 3978 4326 4057 molestia,
4380 4000 4511 4063 qua
4567 3978 4690 4043 mei

2755 4085 2952 4130 causa
2993 4064 3289 4141 afficeris,
3335 4064 3643 4128 nimirum
3688 4061 3857 4147 quod
3902 4083 4022 4145 per
4064 4063 4293 4143 alium,
4338 4086 4535 4148 quam
4655 4084 4690 4126 r

2755 4162 2819 4215 te
2865 4172 2996 4214 non
3040 4149 3297 4227 scribis,
3343 4156 3411 4214 et
3464 4148 3633 4231 quod
3678 4170 3813 4213 non
3852 4148 3919 4213 id
3965 4150 4136 4233 agis,
4193 4150 4361 4232 quod
4419 4149 4493 4214 in
4548 4172 4586 4214 a
4613 4149 4649 4163 ''

2754 4236 2920 4301 mihi
2964 4235 3156 4300 valde
3200 4234 3463 4318 placuit.
3555 4233 3734 4300 Sane
3789 4234 3845 4298 si
3888 4235 4040 4318 quid
4085 4234 4463 4301 iudicabant
4506 4256 4686 4319 opor·

2755 4336 2912 4397 tere,
2957 4343 3089 4386 non
3135 4321 3325 4386 modo
3370 4318 3763 4398 iudicabant,
3808 4341 3914 4385 res
3955 4321 4048 4384 ita
4103 4322 4377 4399 habent,
4441 4320 4553 4387 sed
4595 4322 4686 4384 ita

2754 4408 2874 4473 tibi
2917 4406 3283 4473 faciendum
3329 4422 3444 4483 est,
3491 4418 3639 4470 tuae
3683 4413 3841 4470 sunt
3883 4407 4044 4470 istae
4088 4422 4326 4489 partes.
4417 4406 4680 4473 Utinam

2754 4503 2884 4557 tam
2950 4492 3310 4575 prudenter
3373 4492 3678 4556 fecissent
3732 4512 3990 4574 semper
4054 4513 4249 4574 quam
4308 4491 4540 4572 libere,
4607 4511 4684 4555 ne

2753 4578 2931 4644 aliud
2977 4576 3204 4643 dicam.
3293 4578 3501 4643 Nemo
3547 4578 3709 4643 vivit
3752 4578 3862 4660 qui
3906 4599 4045 4642 rem
4086 4577 4253 4642 mihi
4286 4577 4498 4661 magis
4541 4596 4683 4661 gra-

2751 4678 2888 4729 tam
2928 4665 3142 4730 facere
3185 4665 3404 4746 possit,
3448 4684 3642 4745 quam
3665 4672 3736 4727 tu
3780 4683 3973 4741 unns,
4019 4670 4088 4727 et
4120 4685 4276 4729 vere
4312 4663 4434 4729 hoc
4469 4672 4680 4739 testor,

2751 4752 2865 4813 v'rx
2905 4771 3044 4815 esse
3082 4747 3324 4832 aliquid
3360 4746 3526 4832 quod
3563 4770 3668 4814 me
3709 4749 3917 4832 magis
3958 4750 4205 4815 cruciet
4246 4771 4444 4832 quam
4489 4768 4680 4833 quum

2751 4856 3105 4918 suspensus
3168 4836 3437 4913 haereo,
3498 4834 3708 4899 iternc
3764 4835 3846 4899 sit
3903 4833 4352 4918 arripiendum
4409 4856 4492 4900 an
4546 4854 4678 4899 ma-

2752 4920 3092 4987 nendum?
3151 4920 3287 4987 Hic
3332 4930 3403 4985 tu
3449 4929 3631 5004 potes
3676 4943 3805 4985 uno
3849 4940 4226 4986 succurrere
4270 4918 4492 5000 verbo,
4533 4919 4679 4984 veni

2755 5018 2870 5072 aut
2911 5028 3121 5071 mane.
3210 5006 3346 5071 Fac
3387 5005 3508 5071 hoc
3548 5005 3811 5071 taudem
3855 5004 3969 5069 abs
4010 5015 4078 5069 te
4119 5006 4480 5089 impetrem.
4578 5002 4679 5067 Vi-

2751 5099 2925 5158 retus
2968 5092 3127 5157 nihil
3175 5090 3256 5157 ad
3303 5113 3406 5156 me
3452 5094 3630 5157 misit
3673 5112 3882 5174 neque
3926 5091 4035 5173 qui
4081 5100 4229 5157 tuas
4272 5091 4508 5157 nudius
4547 5104 4673 5153 ter-

2753 5181 2886 5244 tius
2929 5176 3212 5244 reddidit
3255 5178 3591 5257 (nimirum
3649 5183 3717 5241 18
3764 5177 3990 5255 huius)
4036 5177 4197 5241 mihi
4239 5179 4496 5260 aperuit
4527 5171 4670 5259 quid

2750 5263 3119 5330 faciendum
3167 5262 3329 5328 mihi
3371 5274 3558 5329 esset.
3645 5264 3813 5328 Erat
3866 5261 4010 5327 heri
4063 5262 4236 5344 quod
4278 5285 4430 5329 cum
4466 5261 4668 5327 fratri·

2699 5350 2706 5381 '
2751 5351 2874 5417 bus
2916 5370 3173 5433 agerem
3215 5350 3285 5414 in
3329 5359 3536 5427 coetu,
3581 5349 3637 5413 si
3679 5347 3940 5431 quidem
3983 5349 4052 5412 in
4097 5348 4314 5431 priore
4356 5358 4534 5415 coetu
4578 5346 4667 5412 vi·
